timestamp,symbol,side,size,price,tickDirection,trdMatchID,grossValue,homeNotional,foreignNotional
1657584014,AAVEUSDT,Buy,2.67,69.85,MinusTick,0b649ed7-b39e-5009-8bc4-0d53051ddd5d,1.864995e+10,2.67,186.49949999999998
1657584014,AAVEUSDT,Buy,7,69.85,ZeroMinusTick,f80cc357-453e-520a-9c7c-78022331d12c,4.889499999999999e+10,7,488.94999999999993
1657584016,AAVEUSDT,Sell,13.08,69.85,ZeroMinusTick,f07b79c5-29e8-541e-a5ac-defe6e168a58,9.136379999999998e+10,13.08,913.6379999999999
1657584026,AAVEUSDT,Sell,8.39,69.65,MinusTick,0bcbed6d-8603-59f2-a40f-1b1741fbaad1,5.843635000000001e+10,8.39,584.3635
1657584027,AAVEUSDT,Buy,9.25,69.70,PlusTick,d46f97fd-e3d6-525a-8821-dace56846971,6.44725e+10,9.25,644.725
1657584027,AAVEUSDT,Buy,10.28,69.70,ZeroMinusTick,aabb2af6-d216-5112-ae54-d92b317542e0,7.16516e+10,10.28,716.516
1657584028,AAVEUSDT,Buy,7,69.70,ZeroMinusTick,aa68b88e-42af-59bb-844b-86f6d6d2e5b5,4.879e+10,7,487.90000000000003
1657584029,AAVEUSDT,Sell,6.75,69.70,ZeroMinusTick,d0841e93-1cdb-5f2e-8666-95ee481ca642,4.70475e+10,6.75,470.475
1657584034,AAVEUSDT,Buy,7,69.75,PlusTick,b0a565a6-e114-5b24-8ff8-6e3e8b765af8,4.8825e+10,7,488.25
1657584034,AAVEUSDT,Buy,12.76,69.75,ZeroMinusTick,8aa08470-5c2f-5c47-8edf-384c7a45ecc6,8.9001e+10,12.76,890.01
1657584034,AAVEUSDT,Buy,10.24,69.75,ZeroMinusTick,270decad-993e-5019-a8ab-f3a9eedeb03b,7.1424e+10,10.24,714.24
1657584045,AAVEUSDT,Buy,7,69.75,ZeroMinusTick,ba1a3ff2-8c20-536a-b5c5-aecf23e046f1,4.8825e+10,7,488.25
1657584045,AAVEUSDT,Buy,0.01,69.75,ZeroMinusTick,0a760ffa-46ff-526d-a027-1b0c084f52d4,6.975e+07,0.01,0.6975
1657584048,AAVEUSDT,Sell,0.1,69.75,ZeroMinusTick,bc690244-28e3-51c8-a558-ed7842c81a6c,6.975e+08,0.1,6.9750000000000005
1657584063,AAVEUSDT,Buy,7,69.75,ZeroMinusTick,7eb7f8f2-7b64-52b7-893c-bb461de59e35,4.8825e+10,7,488.25
1657584063,AAVEUSDT,Buy,12.42,69.75,ZeroMinusTick,39166054-ca76-59d6-b717-1cf128027f72,8.66295e+10,12.42,866.295
1657584063,AAVEUSDT,Buy,13.2,69.75,ZeroMinusTick,73e0bf4b-8d76-582f-af65-6f8fda9c7c79,9.207e+10,13.2,920.6999999999999
1657584063,AAVEUSDT,Buy,11.51,69.75,ZeroMinusTick,3e94bde0-b6e3-5ca3-905c-378191e67cfa,8.028225e+10,11.51,802.8225
1657584063,AAVEUSDT,Buy,9.25,69.75,ZeroMinusTick,4ed7ae50-59cd-5cbf-9e04-58e042ea7519,6.451875e+10,9.25,645.1875
1657584063,AAVEUSDT,Buy,9.25,69.80,PlusTick,c9a2cb98-6a21-54b4-a691-4b5315e36c93,6.4565e+10,9.25,645.65
1657584063,AAVEUSDT,Buy,3.58,69.80,ZeroMinusTick,8378fa9e-8163-5f17-b2b9-9df980830b38,2.49884e+10,3.58,249.884
1657584063,AAVEUSDT,Buy,63.92,69.80,ZeroMinusTick,bebb078a-3061-5964-a66b-c7918c635571,4.461616e+11,63.92,4461.616
1657584063,AAVEUSDT,Sell,6.98,69.70,MinusTick,ab5c80ee-fe0d-580b-bc93-f9680c65ff24,4.86506e+10,6.98,486.50600000000003
1657584064,AAVEUSDT,Sell,1.4,69.70,ZeroMinusTick,bc619e57-1917-5ec1-b35d-920fe6ea7bd3,9.758e+09,1.4,97.58
1657584071,AAVEUSDT,Sell,10,69.65,MinusTick,0506964a-ac0b-576c-ab4c-1b0c26f82a8c,6.965e+10,10,696.5
1657584078,AAVEUSDT,Sell,1,69.60,MinusTick,75c0354d-7577-5601-a97e-4d1430402c4c,6.959999999999999e+09,1,69.6
1657584078,AAVEUSDT,Sell,6.39,69.60,ZeroMinusTick,010bf0ef-e25f-5219-8d15-7fac6b5e7542,4.447439999999999e+10,6.39,444.7439999999999
1657584078,AAVEUSDT,Sell,25.14,69.60,ZeroMinusTick,c7c164e8-684d-5dae-bcde-232116891443,1.749744e+11,25.14,1749.744
1657584078,AAVEUSDT,Sell,6.36,69.60,ZeroMinusTick,97f1b54f-b4b9-5e19-8928-a15188d4e74b,4.42656e+10,6.36,442.656
1657584078,AAVEUSDT,Sell,13.54,69.60,ZeroMinusTick,fd3098a3-52c7-52e3-866a-d71037b0b122,9.423839999999998e+10,13.54,942.3839999999999
1657584078,AAVEUSDT,Sell,12.69,69.60,ZeroMinusTick,5f3cc24a-f1b0-51cb-980f-2232cb68ce3a,8.83224e+10,12.69,883.2239999999999
1657584078,AAVEUSDT,Sell,24.42,69.55,MinusTick,0e62f0f6-3f60-5e80-af93-9760b0d2dc49,1.698411e+11,24.42,1698.411
1657584078,AAVEUSDT,Sell,21.97,69.55,ZeroMinusTick,4191f87d-fa24-574f-821f-0a4cb1ffb148,1.5280134999999997e+11,21.97,1528.0134999999998
1657584078,AAVEUSDT,Sell,4.93,69.55,ZeroMinusTick,9279f26a-b670-5859-88e8-ba40721e25c3,3.4288149999999996e+10,4.93,342.88149999999996
1657584078,AAVEUSDT,Sell,35.16,69.55,ZeroMinusTick,14a1c25f-687c-5635-95fb-4475f190a705,2.4453779999999997e+11,35.16,2445.3779999999997
1657584078,AAVEUSDT,Sell,85.58,69.55,ZeroMinusTick,dbe63ed0-80c3-55e1-bba4-fcfc84524498,5.952089e+11,85.58,5952.089
1657584078,AAVEUSDT,Sell,6.71,69.55,ZeroMinusTick,9e94e9d6-0186-5b4d-8de1-7ea6d0458ad8,4.666805e+10,6.71,466.6805
1657584078,AAVEUSDT,Sell,5.94,69.55,ZeroMinusTick,98aa9060-9483-5654-b027-8fb6db73b101,4.13127e+10,5.94,413.127
1657584078,AAVEUSDT,Sell,1.29,69.55,ZeroMinusTick,93ea874e-976b-59d5-9193-c1d1bcbe6cdd,8.97195e+09,1.29,89.7195
1657584078,AAVEUSDT,Sell,5.71,69.55,ZeroMinusTick,42a8bfa3-7ab1-57b7-a986-60e8f841317e,3.971305e+10,5.71,397.1305
1657584078,AAVEUSDT,Sell,1.48,69.55,ZeroMinusTick,8188a3f9-47b6-5845-abd9-8fdb57967651,1.02934e+10,1.48,102.934
1657584082,AAVEUSDT,Sell,14.01,69.55,ZeroMinusTick,4f03d61b-9993-5b2f-b937-78c93e8fd9a2,9.743955e+10,14.01,974.3955
1657584082,AAVEUSDT,Sell,0.03,69.55,ZeroMinusTick,9078a84d-31c7-5321-a59d-0258b60d3873,2.0865e+08,0.03,2.0865
1657584084,AAVEUSDT,Sell,0.1,69.60,PlusTick,b176fa2f-2794-58dc-8bad-10a3f0daab00,6.96e+08,0.1,6.96
1657584095,AAVEUSDT,Buy,4.51,69.55,MinusTick,0b7aad52-c6cf-5b9c-9376-18edb3091c62,3.1367049999999996e+10,4.51,313.67049999999995
1657584095,AAVEUSDT,Buy,0.42,69.55,ZeroMinusTick,a6737159-50da-5662-b29b-92033408cc98,2.9211e+09,0.42,29.211
1657584095,AAVEUSDT,Buy,0.1,69.55,ZeroMinusTick,f7837226-f938-5055-b221-51d1f8e87743,6.955e+08,0.1,6.955
1657584096,AAVEUSDT,Sell,13.89,69.55,ZeroMinusTick,44e8935d-d283-5abb-b770-643e568de47c,9.660495e+10,13.89,966.0495
1657584096,AAVEUSDT,Sell,6.99,69.55,ZeroMinusTick,d7295ab2-ffa4-53bf-ac85-16c3b5938410,4.861545e+10,6.99,486.1545
1657584098,AAVEUSDT,Buy,0.01,69.60,PlusTick,900329d6-1d6c-5db4-a158-0a67638c736f,6.96e+07,0.01,0.696
1657584098,AAVEUSDT,Sell,20.16,69.60,ZeroMinusTick,59102e8c-9770-5ce1-baae-52be6cc7abfa,1.403136e+11,20.16,1403.136
1657584098,AAVEUSDT,Buy,0.04,69.65,PlusTick,82cb9bfd-4198-567d-adaf-705f2a732cbc,2.7860000000000006e+08,0.04,2.7860000000000005
1657584098,AAVEUSDT,Buy,7.04,69.70,PlusTick,01b3e930-74a5-5ff0-90e1-d540ef4cea53,4.906880000000001e+10,7.04,490.68800000000005
1657584099,AAVEUSDT,Sell,28.2,69.65,MinusTick,29dc31bd-5a69-5cd6-873a-a7416f3ea3fe,1.96413e+11,28.2,1964.13
1657584118,AAVEUSDT,Sell,2.72,69.55,MinusTick,085d251b-aee1-55cb-aa1c-01eca59b280c,1.89176e+10,2.72,189.17600000000002
1657584119,AAVEUSDT,Buy,41.25,69.60,PlusTick,4b7a4cec-dc91-5288-83a3-be0cae00d137,2.8709999999999994e+11,41.25,2870.9999999999995
1657584119,AAVEUSDT,Buy,0.1,69.60,ZeroMinusTick,a81e09e4-1b24-5eb0-af04-5f3fb5c2a35b,6.96e+08,0.1,6.96
1657584120,AAVEUSDT,Sell,4.1,69.60,ZeroMinusTick,de6b9f43-e56b-533b-a835-bc129f1fadf0,2.8535999999999996e+10,4.1,285.35999999999996
1657584130,AAVEUSDT,Sell,11.47,69.60,ZeroMinusTick,9b3183a5-14ea-510b-987d-0562e6de589e,7.98312e+10,11.47,798.312
1657584133,AAVEUSDT,Sell,0.01,69.55,MinusTick,53f6233f-f0ad-50c0-9059-763397fbd5e8,6.955e+07,0.01,0.6955
1657584137,AAVEUSDT,Sell,10,69.55,ZeroMinusTick,6aa02370-1d08-5180-959d-57f6dc00a772,6.955e+10,10,695.5
1657584140,AAVEUSDT,Sell,1.42,69.55,ZeroMinusTick,6549f83f-4745-5413-9bc3-65258ee82e4a,9.8761e+09,1.42,98.761
1657584140,AAVEUSDT,Sell,0.01,69.55,ZeroMinusTick,e3da3b75-93b4-59e5-ae3e-12e1ec1674bc,6.955e+07,0.01,0.6955
1657584147,AAVEUSDT,Sell,1,69.55,ZeroMinusTick,bf071566-96b9-5e5a-a9e5-997d64995cd8,6.955e+09,1,69.55
1657584148,AAVEUSDT,Buy,16.75,69.55,ZeroMinusTick,c3085d57-dfa7-5888-b50e-456c960af0fc,1.1649624999999998e+11,16.75,1164.9624999999999
1657584160,AAVEUSDT,Sell,1.43,69.55,ZeroMinusTick,95325098-a7a8-5684-8aea-c57ed5e26fdc,9.94565e+09,1.43,99.45649999999999
1657584161,AAVEUSDT,Buy,4.1,69.60,PlusTick,0fb672b6-5ca8-5866-989c-37489c265f38,2.8535999999999996e+10,4.1,285.35999999999996
1657584170,AAVEUSDT,Buy,2.09,69.55,MinusTick,05f9176f-43ec-5bc9-ab74-057e4fd4c8eb,1.453595e+10,2.09,145.3595
1657584171,AAVEUSDT,Sell,0.14,69.50,MinusTick,50110bef-e953-5278-964e-8ae6214179d4,9.73e+08,0.14,9.73
1657584189,AAVEUSDT,Sell,0.05,69.50,ZeroMinusTick,54b95370-b27a-5e38-b710-175f92f955a9,3.475e+08,0.05,3.475
1657584190,AAVEUSDT,Sell,1.6,69.50,ZeroMinusTick,9e83e051-1a39-5712-bcfc-667b2e47616b,1.112e+10,1.6,111.2
1657584190,AAVEUSDT,Sell,6.96,69.50,ZeroMinusTick,aaa11e3f-af42-5103-ac32-25a685aca740,4.8372e+10,6.96,483.71999999999997
1657584190,AAVEUSDT,Sell,5.94,69.50,ZeroMinusTick,eeb7ba26-40bd-5d1b-8474-62d431bfa33f,4.128300000000001e+10,5.94,412.83000000000004
1657584190,AAVEUSDT,Sell,1.75,69.50,ZeroMinusTick,af605b49-94cd-57fe-9113-ce01e49fd551,1.21625e+10,1.75,121.625
1657584190,AAVEUSDT,Sell,2.71,69.50,ZeroMinusTick,0f8e2b65-875b-5e02-a990-c088d3e17646,1.88345e+10,2.71,188.345
1657584194,AAVEUSDT,Buy,7,69.50,ZeroMinusTick,d3f18424-463c-53a3-8d60-5e0c6a421591,4.865e+10,7,486.5
1657584194,AAVEUSDT,Buy,1.94,69.55,PlusTick,9cdb962c-c7ca-548f-9c79-b241d6f72523,1.34927e+10,1.94,134.927
1657584221,AAVEUSDT,Sell,25.06,69.40,MinusTick,9738dbeb-4de2-56df-9f63-a2ccf4431124,1.739164e+11,25.06,1739.164
1657584221,AAVEUSDT,Sell,9.94,69.40,ZeroMinusTick,6e544c4c-c506-5ce7-afb6-981d6d70e930,6.89836e+10,9.94,689.836
1657584221,AAVEUSDT,Sell,1,69.40,ZeroMinusTick,d8b1c194-6316-56e0-a0ef-9a45f35a91c6,6.940000000000001e+09,1,69.4
1657584221,AAVEUSDT,Sell,7.17,69.40,ZeroMinusTick,cf2c101d-896b-5bbc-812c-6afb18b37b1d,4.97598e+10,7.17,497.598
1657584221,AAVEUSDT,Sell,5.38,69.40,ZeroMinusTick,37b72127-3482-593e-bdb6-3fb5aabccb3b,3.73372e+10,5.38,373.372
1657584221,AAVEUSDT,Sell,1,69.40,ZeroMinusTick,7dee5c82-503c-5c32-bcb1-558476fab2f9,6.940000000000001e+09,1,69.4
1657584221,AAVEUSDT,Sell,10,69.40,ZeroMinusTick,f0dc01a5-59aa-54d7-8457-95e63144f447,6.94e+10,10,694
1657584221,AAVEUSDT,Sell,1.3,69.40,ZeroMinusTick,cf76de4a-1512-5caf-b57d-ad9910d9b7d0,9.022000000000002e+09,1.3,90.22000000000001
1657584221,AAVEUSDT,Sell,24.86,69.35,MinusTick,4f060816-6403-54a3-8a1e-bec93d5fdb5b,1.7240409999999997e+11,24.86,1724.0409999999997
1657584221,AAVEUSDT,Sell,12.6,69.35,ZeroMinusTick,5fd8da62-6534-5661-baf4-c5f6b5f89d38,8.7381e+10,12.6,873.81
1657584221,AAVEUSDT,Buy,0.7,69.45,PlusTick,4bfd87a8-39b7-58a1-ada9-dccbad08311c,4.8615e+09,0.7,48.615
1657584221,AAVEUSDT,Sell,0.66,69.35,MinusTick,c45e2ace-5fba-5837-8c1b-609064e7c14e,4.5771e+09,0.66,45.771
1657584221,AAVEUSDT,Sell,4.93,69.35,ZeroMinusTick,aac08dc3-055f-545f-8b9e-85d5e5c8e3d4,3.4189549999999996e+10,4.93,341.89549999999997
1657584221,AAVEUSDT,Sell,3.27,69.35,ZeroMinusTick,db7109a9-bcc9-5380-a94b-458ffec7bfdf,2.267745e+10,3.27,226.7745
1657584221,AAVEUSDT,Sell,1.42,69.35,ZeroMinusTick,fd72db0d-1a0c-5089-a97d-d1adf160d432,9.847699999999998e+09,1.42,98.47699999999999
1657584221,AAVEUSDT,Sell,20.54,69.35,ZeroMinusTick,1f499fee-8a3d-5111-811c-dc01cb560ab7,1.4244489999999997e+11,20.54,1424.4489999999998
1657584226,AAVEUSDT,Buy,4.93,69.40,PlusTick,ffc50016-77c9-54de-8113-cf11ec3d5c6e,3.42142e+10,4.93,342.142
1657584226,AAVEUSDT,Buy,3.27,69.40,ZeroMinusTick,97d024f1-7be2-534f-a0ff-1ea9d7110622,2.26938e+10,3.27,226.93800000000002
1657584229,AAVEUSDT,Buy,0.01,69.45,PlusTick,a294863b-b411-541e-a2d6-50a3f9da87b6,6.945e+07,0.01,0.6945
1657584231,AAVEUSDT,Sell,10.43,69.40,MinusTick,751c586f-3f3c-535b-b9f3-ec73ec1ef88b,7.23842e+10,10.43,723.842
1657584231,AAVEUSDT,Sell,1.42,69.40,ZeroMinusTick,6f3108dc-61fa-5d42-9a99-6a2fc3e0d148,9.8548e+09,1.42,98.548
1657584231,AAVEUSDT,Buy,7,69.45,PlusTick,f2865459-64c1-5f15-a5bf-6acad08b4351,4.8615e+10,7,486.15000000000003
1657584231,AAVEUSDT,Buy,6.95,69.45,ZeroMinusTick,3dea0312-2c45-54d2-8d5a-ce646c1d819e,4.826775e+10,6.95,482.6775
1657584232,AAVEUSDT,Buy,7,69.40,MinusTick,cbbf9c2c-0320-5849-905f-65e2f0cf9da7,4.858000000000001e+10,7,485.80000000000007
1657584237,AAVEUSDT,Sell,1.42,69.35,MinusTick,1ffb9e2a-c8b9-5169-953c-74b50c7a41ab,9.847699999999998e+09,1.42,98.47699999999999
1657584241,AAVEUSDT,Buy,1.42,69.40,PlusTick,0425c15e-6601-53a4-8b9e-32fa991c1008,9.8548e+09,1.42,98.548
1657584249,AAVEUSDT,Buy,7,69.45,PlusTick,aa25c79a-b8d1-5bd9-8c1f-86e187d5d914,4.8615e+10,7,486.15000000000003
1657584251,AAVEUSDT,Sell,0.24,69.45,ZeroMinusTick,fe41564c-0461-53f2-9fa5-85f9fb6bac66,1.6668e+09,0.24,16.668
1657584253,AAVEUSDT,Buy,7,69.45,ZeroMinusTick,44124af8-6364-53fc-bd4f-304c66c5a487,4.8615e+10,7,486.15000000000003
1657584254,AAVEUSDT,Buy,21.25,69.50,PlusTick,b5ad907b-2e85-5d3a-8443-2c09e8e4dc85,1.476875e+11,21.25,1476.875
1657584254,AAVEUSDT,Buy,5.51,69.50,ZeroMinusTick,457393c5-6c3c-5acf-8b11-8de4ca911fdd,3.82945e+10,5.51,382.945
1657584254,AAVEUSDT,Buy,5,69.50,ZeroMinusTick,67ee8dbd-42ea-5295-a2e0-b045373c0713,3.475e+10,5,347.5
1657584254,AAVEUSDT,Buy,46.15,69.50,ZeroMinusTick,b32d8e4d-8fc8-5d36-99e9-09681892b447,3.207425e+11,46.15,3207.4249999999997
1657584254,AAVEUSDT,Buy,130.76,69.50,ZeroMinusTick,3be57873-5c0e-5086-9f32-5a7fdee26a32,9.08782e+11,130.76,9087.82
1657584254,AAVEUSDT,Buy,7,69.50,ZeroMinusTick,964a26fe-396e-551b-9435-f0434a2094b1,4.865e+10,7,486.5
1657584254,AAVEUSDT,Sell,14.79,69.50,ZeroMinusTick,f54bfe5a-d694-5d2f-9ee6-4e2558169609,1.027905e+11,14.79,1027.905
1657584256,AAVEUSDT,Sell,12.29,69.50,ZeroMinusTick,e950b3d2-ddeb-512c-9988-6e741cc51968,8.54155e+10,12.29,854.155
1657584257,AAVEUSDT,Sell,1.42,69.45,MinusTick,97a8a5d9-046e-597e-bdb2-334d01f623c8,9.8619e+09,1.42,98.619
1657584257,AAVEUSDT,Sell,10.48,69.45,ZeroMinusTick,e8a9820f-2efd-5215-93b8-06f2e7f380db,7.27836e+10,10.48,727.836
1657584264,AAVEUSDT,Sell,1.42,69.35,MinusTick,70df1b64-17b5-5b82-a5aa-a68482d0d3d7,9.847699999999998e+09,1.42,98.47699999999999
1657584264,AAVEUSDT,Sell,3,69.35,ZeroMinusTick,2c720692-d505-5474-aa97-92631eb51544,2.0805e+10,3,208.04999999999998
1657584264,AAVEUSDT,Sell,3.91,69.35,ZeroMinusTick,2729a8c0-6e43-5e28-9838-0261ba839c36,2.711585e+10,3.91,271.1585
1657584267,AAVEUSDT,Buy,5.92,69.40,PlusTick,03d8fce1-0bcc-5409-9142-d07cb7d9eff7,4.10848e+10,5.92,410.848
1657584269,AAVEUSDT,Buy,8.35,69.40,ZeroMinusTick,f2eb5293-2f85-5fde-b17e-b708e4fe148d,5.7949e+10,8.35,579.49
1657584269,AAVEUSDT,Buy,10.39,69.40,ZeroMinusTick,22c792c9-07a9-50e5-8ffc-33f40b1b4af0,7.210660000000002e+10,10.39,721.0660000000001
1657584269,AAVEUSDT,Buy,7,69.40,ZeroMinusTick,6b6f3b29-e22f-56ee-ad91-0bf8bce5b9e9,4.858000000000001e+10,7,485.80000000000007
1657584269,AAVEUSDT,Buy,13.54,69.45,PlusTick,59911e98-19fc-57f0-a08a-f6ed11afe308,9.40353e+10,13.54,940.353
1657584269,AAVEUSDT,Buy,9.25,69.45,ZeroMinusTick,3dfd6269-db99-557a-9fd6-83a162b66825,6.424125e+10,9.25,642.4125
1657584269,AAVEUSDT,Buy,2.95,69.45,ZeroMinusTick,b6987b42-1118-5e5d-92e3-7c9049f93d3f,2.0487750000000004e+10,2.95,204.87750000000003
1657584283,AAVEUSDT,Buy,0.06,69.45,ZeroMinusTick,3c9dd5ec-cfee-5cb7-a54e-a2a8469bb185,4.167e+08,0.06,4.167
1657584283,AAVEUSDT,Buy,0.01,69.45,ZeroMinusTick,9cfb5d31-5465-5272-b2bf-abbe23d9afd8,6.945e+07,0.01,0.6945
1657584284,AAVEUSDT,Buy,4.87,69.50,PlusTick,3929be4c-6f51-5f0b-add8-390816c849ed,3.3846500000000004e+10,4.87,338.46500000000003
1657584289,AAVEUSDT,Buy,8.36,69.55,PlusTick,6db5a3f1-c7cf-537b-9ce9-714f84411e2a,5.81438e+10,8.36,581.438
1657584290,AAVEUSDT,Buy,12.28,69.55,ZeroMinusTick,2b4af8ee-eed9-5a21-ae99-348ac052b132,8.54074e+10,12.28,854.074
1657584290,AAVEUSDT,Buy,13.58,69.55,ZeroMinusTick,d3fe1d7f-00d2-526e-8573-5dbfb36839d9,9.444889999999998e+10,13.58,944.4889999999999
1657584296,AAVEUSDT,Buy,0.24,69.65,PlusTick,2dc7b7e2-d0fe-5022-8a1a-f682da721b96,1.6716e+09,0.24,16.716
1657584300,AAVEUSDT,Buy,10.2,69.65,ZeroMinusTick,ed8ea024-01de-50b0-b59e-eeade1ddea56,7.1043e+10,10.2,710.4300000000001
1657584300,AAVEUSDT,Buy,10.94,69.65,ZeroMinusTick,f4015cce-dfe1-5fe8-801e-a90e80d20d27,7.61971e+10,10.94,761.971
1657584302,AAVEUSDT,Buy,35.16,69.70,PlusTick,62829489-29ba-5589-a2ff-2c9fe3498df7,2.450652e+11,35.16,2450.652
1657584302,AAVEUSDT,Buy,4.97,69.70,ZeroMinusTick,6cf7253d-2496-5d58-ae73-f410763ce0a4,3.46409e+10,4.97,346.409
1657584303,AAVEUSDT,Sell,0.06,69.70,ZeroMinusTick,b5b91573-ddf1-5896-8307-ac776ccfab77,4.1820000000000006e+08,0.06,4.182
1657584307,AAVEUSDT,Buy,5.09,69.75,PlusTick,84e4605f-6e39-5358-ae7c-4694bbca4d2d,3.550275e+10,5.09,355.0275
1657584307,AAVEUSDT,Buy,0.06,69.75,ZeroMinusTick,c3f21db4-90c2-50ee-ba9c-fc2e9f2f9b5a,4.1849999999999994e+08,0.06,4.185
1657584311,AAVEUSDT,Sell,0.01,69.70,MinusTick,2572abbb-8df5-5619-baee-42a61e1381ed,6.97e+07,0.01,0.6970000000000001
1657584319,AAVEUSDT,Buy,10.78,69.70,ZeroMinusTick,fe348058-ac13-5cdd-9696-f21a3ad83adb,7.51366e+10,10.78,751.366
1657584351,AAVEUSDT,Buy,0.03,69.85,PlusTick,894fd670-dac3-5404-92a3-1f82372874e0,2.0955e+08,0.03,2.0955
1657584354,AAVEUSDT,Sell,0.04,69.80,MinusTick,63b48a91-6311-596e-bcfb-50d0bafa4eda,2.792e+08,0.04,2.792
1657584358,AAVEUSDT,Buy,5.96,69.80,ZeroMinusTick,59f66d57-f305-5723-b0a8-32c58c412967,4.16008e+10,5.96,416.008
1657584364,AAVEUSDT,Sell,0.6,69.75,MinusTick,d651ca59-9ce2-5b9d-90df-601fb66cb6cb,4.185e+09,0.6,41.85
1657584379,AAVEUSDT,Buy,9.25,69.80,PlusTick,f2e1e43f-cea6-538a-9dcd-3a92db2358d5,6.4565e+10,9.25,645.65
1657584379,AAVEUSDT,Buy,20.91,69.80,ZeroMinusTick,6942940f-5c9f-5382-978c-a128c4dceb5d,1.459518e+11,20.91,1459.518
1657584382,AAVEUSDT,Buy,14.25,69.80,ZeroMinusTick,1aa3bc24-5e1c-56cb-a70d-3a75755e1f7f,9.9465e+10,14.25,994.65
1657584382,AAVEUSDT,Buy,19.91,69.80,ZeroMinusTick,8fc763d9-5941-540d-a1df-d682fe3c5fa2,1.3897179999999997e+11,19.91,1389.7179999999998
1657584386,AAVEUSDT,Buy,10.28,69.80,ZeroMinusTick,ce30e520-9967-54d2-be2b-0fc7df5a1c3d,7.17544e+10,10.28,717.544
1657584386,AAVEUSDT,Buy,3.52,69.85,PlusTick,e203ba50-7ff5-55f2-ab97-f3fa6f9e89f3,2.45872e+10,3.52,245.87199999999999
1657584398,AAVEUSDT,Buy,0.23,69.85,ZeroMinusTick,c004e6b8-6c47-5755-9e5b-7cd8748d2a4c,1.60655e+09,0.23,16.0655
1657584398,AAVEUSDT,Sell,20.42,69.80,MinusTick,1cc660d8-53ea-5e40-8301-2b8d044260e2,1.425316e+11,20.42,1425.316
1657584407,AAVEUSDT,Sell,0.4,69.75,MinusTick,45920957-5d99-5842-96fe-f72f16c48f18,2.79e+09,0.4,27.900000000000002
1657584415,AAVEUSDT,Sell,3.23,69.70,MinusTick,a9a86b37-efd4-5d77-9b99-33bfc79e67e9,2.25131e+10,3.23,225.131
1657584415,AAVEUSDT,Sell,26.01,69.70,ZeroMinusTick,e61dce86-d615-5294-8f8f-3ed233a093db,1.8128970000000003e+11,26.01,1812.8970000000002
1657584415,AAVEUSDT,Sell,2.41,69.70,ZeroMinusTick,7bc6905a-c33d-5402-be8b-49a56148967d,1.67977e+10,2.41,167.977
1657584415,AAVEUSDT,Sell,1.76,69.70,ZeroMinusTick,4f83318b-bb99-5207-a161-2e734322f2dd,1.2267200000000002e+10,1.76,122.67200000000001
1657584415,AAVEUSDT,Sell,1.75,69.70,ZeroMinusTick,0f3caddd-fedb-5e82-9ead-184fd19e36c0,1.21975e+10,1.75,121.97500000000001
1657584415,AAVEUSDT,Sell,7,69.70,ZeroMinusTick,29c0cf61-2a84-548b-b7b1-6b9f5033f426,4.879e+10,7,487.90000000000003
1657584415,AAVEUSDT,Sell,3.58,69.70,ZeroMinusTick,0c338a1f-a95f-52a2-af5a-ae207acd2bd0,2.49526e+10,3.58,249.526
1657584416,AAVEUSDT,Sell,1.42,69.65,MinusTick,2c96b0f7-d3e6-545c-9c69-532f55379b10,9.8903e+09,1.42,98.903
1657584416,AAVEUSDT,Sell,7.2,69.65,ZeroMinusTick,4f2a7b15-8346-5438-a6e4-62454b1c88c1,5.014800000000001e+10,7.2,501.4800000000001
1657584417,AAVEUSDT,Sell,1.42,69.60,MinusTick,f24edb21-cd0d-54e0-9f40-f7a6ff13e7c6,9.8832e+09,1.42,98.832
1657584417,AAVEUSDT,Sell,1.42,69.55,MinusTick,ea0b239a-ef96-5b8e-a58e-9eb9f010c03d,9.8761e+09,1.42,98.761
1657584417,AAVEUSDT,Sell,5.86,69.55,ZeroMinusTick,acec3812-eed8-5386-b585-7987aa68265e,4.07563e+10,5.86,407.563
1657584417,AAVEUSDT,Sell,2.7,69.55,ZeroMinusTick,1dbf170f-d25b-5ef8-9241-5e5793175843,1.87785e+10,2.7,187.785
1657584417,AAVEUSDT,Sell,6.72,69.55,ZeroMinusTick,21ac6217-d16f-5363-956c-50f717eb294e,4.67376e+10,6.72,467.376
1657584417,AAVEUSDT,Sell,1.15,69.55,ZeroMinusTick,bba47521-269e-53f7-b495-da9c445f2e3c,7.998249999999999e+09,1.15,79.98249999999999
1657584417,AAVEUSDT,Sell,2.04,69.55,ZeroMinusTick,3f73e6d3-2d84-5c32-929d-4dd7e0929e52,1.41882e+10,2.04,141.882
1657584417,AAVEUSDT,Sell,4.01,69.55,ZeroMinusTick,95c53abc-5dbf-5d9a-ade0-8f7a42fcd5da,2.7889549999999996e+10,4.01,278.89549999999997
1657584417,AAVEUSDT,Sell,9.6,69.55,ZeroMinusTick,8ec48dde-cf08-585d-bcad-e6d1dcd24041,6.676799999999999e+10,9.6,667.68
1657584417,AAVEUSDT,Sell,9.6,69.55,ZeroMinusTick,d575cf3e-b699-518e-86f1-500658ce1e84,6.676799999999999e+10,9.6,667.68
1657584423,AAVEUSDT,Sell,13.55,69.45,MinusTick,4011498d-5601-5b0e-b9dc-303aca4ad900,9.410475000000002e+10,13.55,941.0475000000001
1657584423,AAVEUSDT,Sell,0.25,69.45,ZeroMinusTick,b343d585-cd09-57d6-aa4d-b571ac14ca0a,1.73625e+09,0.25,17.3625
1657584429,AAVEUSDT,Sell,14.22,69.45,ZeroMinusTick,3594f904-523f-526c-acfc-e126b0bbda99,9.87579e+10,14.22,987.5790000000001
1657584429,AAVEUSDT,Sell,9.25,69.45,ZeroMinusTick,4cde01ff-7355-506f-8eb2-daf032083392,6.424125e+10,9.25,642.4125
1657584429,AAVEUSDT,Sell,7.66,69.45,ZeroMinusTick,ac594d8b-b793-5379-a78c-1c486701528f,5.319870000000001e+10,7.66,531.9870000000001
1657584431,AAVEUSDT,Sell,0.67,69.45,ZeroMinusTick,627f8aed-9994-5a5d-b9fb-72297f68b018,4.65315e+09,0.67,46.5315
1657584438,AAVEUSDT,Sell,0.77,69.45,ZeroMinusTick,cbefe306-9d32-5bb9-b02b-d0da916e78e5,5.34765e+09,0.77,53.4765
1657584443,AAVEUSDT,Buy,7.19,69.50,PlusTick,878cb8eb-5dec-5ff5-9f5f-b67c051696e5,4.997050000000001e+10,7.19,499.70500000000004
1657584443,AAVEUSDT,Buy,7,69.50,ZeroMinusTick,b8b48204-7303-5fe2-9567-41d60fe455fc,4.865e+10,7,486.5
1657584443,AAVEUSDT,Buy,12.74,69.50,ZeroMinusTick,242227aa-0b6c-597b-b78f-3887719cc9d8,8.8543e+10,12.74,885.4300000000001
1657584444,AAVEUSDT,Sell,41.25,69.50,ZeroMinusTick,7efb6d0e-3dfd-5043-9ace-9366110dfb56,2.866875e+11,41.25,2866.875
1657584444,AAVEUSDT,Sell,41.25,69.45,MinusTick,02bd7431-9afe-54ba-bcd4-44189fed2171,2.8648125e+11,41.25,2864.8125
1657584444,AAVEUSDT,Sell,9.25,69.45,ZeroMinusTick,5f9ed8a5-8c7e-5c42-8593-6cc51c114317,6.424125e+10,9.25,642.4125
1657584444,AAVEUSDT,Sell,6.36,69.45,ZeroMinusTick,2f97acdd-b2d8-54d6-a838-5bc69112edc9,4.417020000000001e+10,6.36,441.70200000000006
1657584444,AAVEUSDT,Sell,31.26,69.45,ZeroMinusTick,9107326b-e6ee-5702-adc6-92cac93c2d0a,2.171007e+11,31.26,2171.007
1657584444,AAVEUSDT,Buy,1.24,69.50,PlusTick,447b5e6e-8765-5a97-80dd-276448f46b45,8.618e+09,1.24,86.17999999999999
1657584444,AAVEUSDT,Sell,6.36,69.50,ZeroMinusTick,64d1656d-d450-577c-a7ef-291a765dbaf9,4.420200000000001e+10,6.36,442.02000000000004
1657584444,AAVEUSDT,Sell,10.49,69.50,ZeroMinusTick,57aec249-d58d-50d7-a75d-eebf54cb36fa,7.29055e+10,10.49,729.0550000000001
1657584444,AAVEUSDT,Sell,11.72,69.50,ZeroMinusTick,6914e33c-b4c5-5676-bfce-99ded34b5394,8.145400000000002e+10,11.72,814.5400000000001
1657584444,AAVEUSDT,Sell,9.25,69.50,ZeroMinusTick,bac47aaa-35db-5018-898f-2e18b3831594,6.42875e+10,9.25,642.875
1657584444,AAVEUSDT,Sell,12.85,69.50,ZeroMinusTick,af1544db-2f82-5260-8e3a-ae4148e94d93,8.93075e+10,12.85,893.0749999999999
1657584444,AAVEUSDT,Sell,10.83,69.50,ZeroMinusTick,c661bf69-f3f1-59a6-8eb3-2dd8fdea8637,7.52685e+10,10.83,752.6850000000001
1657584444,AAVEUSDT,Sell,13.7,69.50,ZeroMinusTick,cc371911-2821-54a5-83b2-8b3175f20c84,9.5215e+10,13.7,952.15
1657584444,AAVEUSDT,Sell,3.9,69.45,MinusTick,333a607f-30b0-5abb-81af-3c7a6da50391,2.70855e+10,3.9,270.855
1657584444,AAVEUSDT,Sell,11.4,69.45,ZeroMinusTick,d50bb959-037a-5ba3-8470-be5dab9092e3,7.9173e+10,11.4,791.73
1657584444,AAVEUSDT,Sell,28.2,69.45,ZeroMinusTick,aba634cb-334c-5e1f-88ae-69ff48d78e4a,1.95849e+11,28.2,1958.49
1657584444,AAVEUSDT,Sell,1.4,69.45,ZeroMinusTick,d03dfe03-99d4-5670-9cb8-f45a45c73da1,9.723e+09,1.4,97.23
1657584444,AAVEUSDT,Sell,7,69.45,ZeroMinusTick,70761506-f780-505e-b489-6fbc0a9669f0,4.8615e+10,7,486.15000000000003
1657584444,AAVEUSDT,Sell,2.27,69.40,MinusTick,9210ca65-6e40-5c2c-ba69-007c9698f8d5,1.5753800000000002e+10,2.27,157.538
1657584445,AAVEUSDT,Buy,2.87,69.55,PlusTick,9b695893-ed90-5156-84f1-f1d2e055a611,1.996085e+10,2.87,199.6085
1657584445,AAVEUSDT,Buy,7,69.55,ZeroMinusTick,901b5760-c6c1-59c9-99c5-a236b73d1974,4.8685e+10,7,486.84999999999997
1657584445,AAVEUSDT,Buy,11.71,69.55,ZeroMinusTick,60e5b596-9846-547e-8da0-f5f6446525b2,8.144305e+10,11.71,814.4305
1657584445,AAVEUSDT,Buy,11.93,69.55,ZeroMinusTick,c1634640-bbaf-5f8e-bc78-4425f6074144,8.297315e+10,11.93,829.7315
1657584445,AAVEUSDT,Buy,13.74,69.55,ZeroMinusTick,d87c79f6-559d-51cf-85eb-34321709c99d,9.55617e+10,13.74,955.617
1657584445,AAVEUSDT,Buy,9.25,69.55,ZeroMinusTick,ce6dd7cc-52df-56db-9f8a-2c440eb9780e,6.433375e+10,9.25,643.3375
1657584445,AAVEUSDT,Buy,6.36,69.55,ZeroMinusTick,b66eccca-4c2d-57c2-a1bd-e31afede4d03,4.42338e+10,6.36,442.338
1657584445,AAVEUSDT,Buy,12.83,69.55,ZeroMinusTick,9db294a9-be0e-5fdb-bfba-3cb528f8ae31,8.923265e+10,12.83,892.3265
1657584445,AAVEUSDT,Buy,70,69.55,ZeroMinusTick,41750d8e-5ca6-5753-8422-a18a25282830,4.8685e+11,70,4868.5
1657584445,AAVEUSDT,Buy,21.17,69.60,PlusTick,23d4682c-a5af-5a56-85ad-9a4aa319f307,1.473432e+11,21.17,1473.432
1657584445,AAVEUSDT,Buy,2.87,69.60,ZeroMinusTick,75bd5d8b-f456-5c30-a2e5-5133dfbccbc3,1.99752e+10,2.87,199.75199999999998
1657584445,AAVEUSDT,Buy,17.69,69.60,ZeroMinusTick,ed061fe7-60a7-5b87-a2af-5b7c5f675f89,1.231224e+11,17.69,1231.224
1657584447,AAVEUSDT,Sell,7.19,69.45,MinusTick,42700e26-f7f4-53d3-974e-3096b6da1fe6,4.993455000000001e+10,7.19,499.3455000000001
1657584448,AAVEUSDT,Sell,2,69.40,MinusTick,2415158e-7dca-58bd-9668-a42b22c01559,1.3880000000000002e+10,2,138.8
1657584460,AAVEUSDT,Sell,11.85,69.50,PlusTick,7e638aea-dc3a-5d1d-bfb6-06611b625a1a,8.23575e+10,11.85,823.5749999999999
1657584460,AAVEUSDT,Sell,10.64,69.50,ZeroMinusTick,9ac9d6cc-7fb0-5546-abc9-fdd738a99c63,7.3948e+10,10.64,739.48
1657584467,AAVEUSDT,Buy,0.3,69.50,ZeroMinusTick,05f747ba-8e9b-55fe-a412-f2327c4a49ff,2.0849999999999998e+09,0.3,20.849999999999998
1657584469,AAVEUSDT,Buy,27.21,69.50,ZeroMinusTick,353b2e4d-5f3a-5160-b8eb-1790ad67207c,1.891095e+11,27.21,1891.095
1657584469,AAVEUSDT,Buy,7,69.50,ZeroMinusTick,cfa4666a-1d47-5ca3-921b-d8f3b6f92967,4.865e+10,7,486.5
1657584475,AAVEUSDT,Sell,30.63,69.55,PlusTick,95fe1feb-5540-54f7-8733-3075c627e662,2.1303165e+11,30.63,2130.3165
1657584476,AAVEUSDT,Sell,10.62,69.55,ZeroMinusTick,bd8c617e-13b9-5982-916a-1770702f51f4,7.386209999999998e+10,10.62,738.6209999999999
1657584476,AAVEUSDT,Sell,13.45,69.55,ZeroMinusTick,74cfe7b8-bd14-5e3d-9a22-b659d46e4549,9.354474999999998e+10,13.45,935.4474999999999
1657584476,AAVEUSDT,Sell,9.25,69.55,ZeroMinusTick,1a68882c-38a0-5227-8f67-7222a3f0487d,6.433375e+10,9.25,643.3375
1657584476,AAVEUSDT,Sell,6.36,69.55,ZeroMinusTick,ef9aa775-668b-5358-b13f-241f44ee2981,4.42338e+10,6.36,442.338
1657584476,AAVEUSDT,Sell,10.12,69.55,ZeroMinusTick,c896a44c-eed8-5017-afef-f7de2201ed00,7.038459999999998e+10,10.12,703.8459999999999
1657584476,AAVEUSDT,Sell,21.4,69.55,ZeroMinusTick,d22a3fdd-cf89-58b8-aaf2-b54ec100488e,1.48837e+11,21.4,1488.37
1657584476,AAVEUSDT,Sell,28.8,69.50,MinusTick,1aec5f58-022e-5443-9c6f-671672cfda40,2.0016e+11,28.8,2001.6000000000001
1657584480,AAVEUSDT,Buy,0.42,69.60,PlusTick,4b926161-50d7-54f5-89f2-e4b6e593c6a7,2.9231999999999995e+09,0.42,29.231999999999996
1657584490,AAVEUSDT,Buy,11.07,69.60,ZeroMinusTick,51ac7e4b-98da-587c-b966-1bf1dc3e1e18,7.70472e+10,11.07,770.472
1657584490,AAVEUSDT,Buy,0.01,69.60,ZeroMinusTick,0b56f432-fad0-5f20-b845-a7c775a5d23c,6.96e+07,0.01,0.696
1657584492,AAVEUSDT,Buy,2.87,69.70,PlusTick,71a7215c-ad3e-565e-bff0-5b388647a1a5,2.00039e+10,2.87,200.03900000000002
1657584492,AAVEUSDT,Buy,7,69.70,ZeroMinusTick,58cd38f7-d4ed-5129-a096-c5e4dababe43,4.879e+10,7,487.90000000000003
1657584494,AAVEUSDT,Buy,2.87,69.75,PlusTick,79577bac-4e0f-598a-a91a-67246f5ecd5b,2.001825e+10,2.87,200.1825
1657584504,AAVEUSDT,Buy,3.6,69.85,PlusTick,6298731e-71a4-549b-b4a9-935fbe0303be,2.5145999999999996e+10,3.6,251.45999999999998
1657584504,AAVEUSDT,Buy,6.26,69.85,ZeroMinusTick,17e6abbe-279d-5f51-93fd-c70481c282e1,4.37261e+10,6.26,437.26099999999997
1657584504,AAVEUSDT,Buy,9.25,69.85,ZeroMinusTick,94ae65c5-53db-5fe9-8d19-68bf723aef62,6.461124999999999e+10,9.25,646.1125
1657584508,AAVEUSDT,Sell,11.59,69.85,ZeroMinusTick,92f05758-7c79-5d2f-af79-acea2e81423f,8.095614999999998e+10,11.59,809.5614999999999
1657584511,AAVEUSDT,Sell,14.05,69.80,MinusTick,51dc86b3-1d95-5f0a-86de-9b8a39e00c3a,9.8069e+10,14.05,980.69
1657584511,AAVEUSDT,Sell,35.16,69.80,ZeroMinusTick,a512583e-1988-57a0-b6d7-f2d59eac9bc4,2.4541679999999997e+11,35.16,2454.1679999999997
1657584511,AAVEUSDT,Sell,1.42,69.80,ZeroMinusTick,c5d86764-d1bb-51e7-afb3-df9a630b989b,9.911599999999998e+09,1.42,99.11599999999999
1657584511,AAVEUSDT,Sell,7,69.80,ZeroMinusTick,33b3ef2e-83ec-53bf-b626-f58a4bc529d5,4.886e+10,7,488.59999999999997
1657584511,AAVEUSDT,Sell,6.36,69.80,ZeroMinusTick,d1e1d354-0712-5d65-a2a4-5ab932730077,4.43928e+10,6.36,443.928
1657584511,AAVEUSDT,Sell,5.54,69.80,ZeroMinusTick,bea41eb1-381a-5c63-ad28-31298442e731,3.86692e+10,5.54,386.692
1657584513,AAVEUSDT,Buy,31.23,69.85,PlusTick,672c9085-c301-5927-acf7-a5b564757ab3,2.1814155e+11,31.23,2181.4155
1657584513,AAVEUSDT,Sell,5.82,69.80,MinusTick,7a58d2bb-e383-5957-b2c3-92d86613c116,4.06236e+10,5.82,406.236
1657584513,AAVEUSDT,Sell,10.77,69.80,ZeroMinusTick,5e6793ee-3927-5482-a6bd-87b7a08f5a31,7.51746e+10,10.77,751.746
1657584513,AAVEUSDT,Sell,32.23,69.80,ZeroMinusTick,61686866-bd2e-5990-89ac-8b1bdc4c2ac9,2.2496539999999994e+11,32.23,2249.6539999999995
1657584523,AAVEUSDT,Sell,10.5,69.80,ZeroMinusTick,98b43954-971f-52dc-a8ed-0a07f6dcdcd9,7.329e+10,10.5,732.9
1657584523,AAVEUSDT,Sell,0.01,69.80,ZeroMinusTick,c98367b0-9cae-55dc-bdf0-ecefcb170450,6.98e+07,0.01,0.698
1657584523,AAVEUSDT,Sell,1.01,69.80,ZeroMinusTick,7a861e14-a444-549d-af18-3fb08c8c9f4e,7.0498e+09,1.01,70.498
1657584526,AAVEUSDT,Buy,10.1,69.80,ZeroMinusTick,04452fcd-040a-5949-b358-fd9cfb793731,7.049799999999998e+10,10.1,704.9799999999999
1657584527,AAVEUSDT,Buy,2,69.90,PlusTick,d0bf589f-6bec-560f-bbd1-bff0b073ddd1,1.3980000000000002e+10,2,139.8
1657584528,AAVEUSDT,Buy,2,69.90,ZeroMinusTick,0ee952b5-9f20-507c-85ec-6668a6d790ea,1.3980000000000002e+10,2,139.8
1657584541,AAVEUSDT,Sell,7,69.85,MinusTick,e89ff068-d976-5c59-816b-7420bb10dc72,4.889499999999999e+10,7,488.94999999999993
1657584541,AAVEUSDT,Sell,11.28,69.85,ZeroMinusTick,94fb03c1-71ba-5a8b-9d44-5763ecf92a58,7.879079999999998e+10,11.28,787.9079999999999
1657584541,AAVEUSDT,Sell,28.2,69.85,ZeroMinusTick,6697dcd4-96b5-541b-be1d-c64525d44aaf,1.9697699999999997e+11,28.2,1969.7699999999998
1657584541,AAVEUSDT,Sell,41.25,69.85,ZeroMinusTick,e4d46e03-c72e-59cc-8e52-4c270d1e98c7,2.8813124999999994e+11,41.25,2881.3124999999995
1657584541,AAVEUSDT,Sell,11.84,69.85,ZeroMinusTick,df408dad-3a1f-511a-904c-55fd04941968,8.270239999999998e+10,11.84,827.0239999999999
1657584541,AAVEUSDT,Sell,8.96,69.85,ZeroMinusTick,26daab9d-1cf4-51dc-83fd-c8c6b0178beb,6.25856e+10,8.96,625.856
1657584541,AAVEUSDT,Buy,0.09,69.90,PlusTick,6658f62a-6d42-5b73-a584-cbbf3aac6668,6.291e+08,0.09,6.291
1657584545,AAVEUSDT,Buy,2.66,69.90,ZeroMinusTick,cb4ae4bf-3c0c-5428-871f-70e436a147fe,1.8593400000000004e+10,2.66,185.93400000000003
1657584550,AAVEUSDT,Sell,3.58,69.80,MinusTick,b0c31b7f-f449-5657-975f-2a53e628673f,2.49884e+10,3.58,249.884
1657584555,AAVEUSDT,Sell,1.54,69.75,MinusTick,e062b792-7356-53cd-97d2-419e6039f586,1.07415e+10,1.54,107.415
1657584560,AAVEUSDT,Buy,2.03,69.80,PlusTick,cf7e0e3e-fd07-5156-b896-a2091d0ec9ec,1.4169399999999998e+10,2.03,141.694
1657584563,AAVEUSDT,Sell,1.09,69.75,MinusTick,b9b09d08-ded9-5f68-b1cd-96c166c46b83,7.60275e+09,1.09,76.0275
1657584628,AAVEUSDT,Sell,0.7,69.75,ZeroMinusTick,fd42748e-d73e-5eb7-b54f-37000d7bbcb7,4.8825e+09,0.7,48.824999999999996
1657584639,AAVEUSDT,Buy,0.02,69.80,PlusTick,24ce1a77-fb3b-570f-aa75-4e77f36d3724,1.396e+08,0.02,1.396
1657584667,AAVEUSDT,Sell,14.3,69.85,PlusTick,f4ebfbea-2b8a-53ad-a828-4b6c3fb42c8a,9.98855e+10,14.3,998.855
1657584667,AAVEUSDT,Sell,7,69.85,ZeroMinusTick,fe5c43b5-96e0-5588-9800-d89bebbed050,4.889499999999999e+10,7,488.94999999999993
1657584669,AAVEUSDT,Sell,0.1,69.80,MinusTick,b37824ab-6509-594f-b59d-9bd3e0b36284,6.98e+08,0.1,6.98
1657584671,AAVEUSDT,Buy,0.2,69.85,PlusTick,da8194dd-9292-5b49-b245-24b77a643ddf,1.397e+09,0.2,13.969999999999999
1657584688,AAVEUSDT,Buy,10.99,69.85,ZeroMinusTick,6a045fbe-1e5e-5229-85d6-81949d86ca93,7.676515e+10,10.99,767.6514999999999
1657584688,AAVEUSDT,Buy,12.45,69.85,ZeroMinusTick,ba9c543d-7939-5552-b7e4-98eb79d2ef7a,8.696325e+10,12.45,869.6324999999999
1657584688,AAVEUSDT,Buy,4.34,69.85,ZeroMinusTick,e4fa3499-6ae9-5ac3-baa6-f8b7055b8c0b,3.0314899999999996e+10,4.34,303.14899999999994
1657584690,AAVEUSDT,Buy,0.04,69.85,ZeroMinusTick,61dbfc29-ed29-5b33-90e8-0c044766e2d8,2.794e+08,0.04,2.794
1657584695,AAVEUSDT,Sell,0.01,69.80,MinusTick,8eabab29-88f5-5ba3-87a4-0bab3e01741e,6.98e+07,0.01,0.698
1657584703,AAVEUSDT,Buy,25.04,69.90,PlusTick,67be0b78-59d8-5890-94f2-affdc7ba04ab,1.750296e+11,25.04,1750.296
1657584703,AAVEUSDT,Buy,0.71,69.95,PlusTick,3e4ddd7b-ff84-5311-be7f-47713c3a0611,4.96645e+09,0.71,49.6645
1657584703,AAVEUSDT,Buy,4.09,69.95,ZeroMinusTick,8662408e-cb9d-524d-b818-30138c4bd1a3,2.860955e+10,4.09,286.0955
1657584703,AAVEUSDT,Buy,0.06,69.95,ZeroMinusTick,a23143a2-228b-5fae-96fe-26fa3bc1204e,4.197e+08,0.06,4.197
1657584706,AAVEUSDT,Buy,7,69.95,ZeroMinusTick,d6e9ceb1-cc9e-5362-915f-b6e93e8611ad,4.8965e+10,7,489.65000000000003
1657584728,AAVEUSDT,Buy,11.52,69.95,ZeroMinusTick,7544e5d9-3a31-5711-9ada-a2859a725f2c,8.05824e+10,11.52,805.824
1657584728,AAVEUSDT,Buy,5.75,69.95,ZeroMinusTick,d3ef1690-385e-5ec9-8ea8-067f4b7e5e69,4.022125e+10,5.75,402.21250000000003
1657584730,AAVEUSDT,Buy,0.3,70.00,PlusTick,7ec9db2b-401e-5dbc-bb5d-2b5c2bf64a54,2.1e+09,0.3,21
1657584732,AAVEUSDT,Sell,13.34,69.95,MinusTick,d1b5a52f-1dee-52d2-b5b8-a57e25e4af5d,9.33133e+10,13.34,933.133
1657584741,AAVEUSDT,Sell,0.01,69.95,ZeroMinusTick,a8a2ea0c-a3f3-5216-9821-1d6eb6239cc7,6.995e+07,0.01,0.6995
1657584757,AAVEUSDT,Sell,3.57,70.00,PlusTick,08bb1276-8c1a-5149-a27b-8d6630e27f6f,2.4989999999999996e+10,3.57,249.89999999999998
1657584770,AAVEUSDT,Buy,2.29,70.00,ZeroMinusTick,8df89735-c765-5e02-a7b6-a412dc3963bd,1.6030000000000002e+10,2.29,160.3
1657584770,AAVEUSDT,Buy,41.25,70.00,ZeroMinusTick,d46acd92-70ba-50c4-a9bd-4e624b64a225,2.8875e+11,41.25,2887.5
1657584770,AAVEUSDT,Buy,3.7,70.00,ZeroMinusTick,5730763a-c62d-58c5-b700-c389d5dd6438,2.59e+10,3.7,259
1657584771,AAVEUSDT,Buy,4.29,70.00,ZeroMinusTick,93f78cc3-5f71-5ab8-a24d-a853c378d8b9,3.003e+10,4.29,300.3
1657584772,AAVEUSDT,Buy,5.01,70.00,ZeroMinusTick,d3cc02ea-f25f-5563-96d4-d05fad403089,3.507e+10,5.01,350.7
1657584772,AAVEUSDT,Buy,11.05,70.00,ZeroMinusTick,3cc11c83-d0d1-58b4-9256-e6989f0bf7b8,7.735e+10,11.05,773.5
1657584772,AAVEUSDT,Buy,6.36,70.00,ZeroMinusTick,798761e3-45f7-56e8-9285-0ca5f51830b1,4.452000000000001e+10,6.36,445.20000000000005
1657584772,AAVEUSDT,Buy,2.58,70.00,ZeroMinusTick,a7973234-fec1-5d16-bb03-6bc34dcff5c1,1.806e+10,2.58,180.6
1657584775,AAVEUSDT,Sell,1.42,69.95,MinusTick,924d0d7e-e3f7-57b1-ae77-d00d5f5ead53,9.9329e+09,1.42,99.329
1657584775,AAVEUSDT,Sell,7,69.95,ZeroMinusTick,aa1daf1a-62bd-5667-afd7-c9a45bbce828,4.8965e+10,7,489.65000000000003
1657584775,AAVEUSDT,Sell,3.42,69.95,ZeroMinusTick,1b9ca397-d791-53dd-9d23-2fbd3008b75d,2.39229e+10,3.42,239.229
1657584776,AAVEUSDT,Sell,9.93,69.95,ZeroMinusTick,e7dad102-2531-59b7-b2f2-f6c4df25e08b,6.946035e+10,9.93,694.6035
1657584776,AAVEUSDT,Sell,6.36,69.95,ZeroMinusTick,8d0fb4f1-b020-5599-bf75-1b1d5c9bcd03,4.448820000000001e+10,6.36,444.88200000000006
1657584776,AAVEUSDT,Sell,3.71,69.95,ZeroMinusTick,11d9ae4c-6541-5451-af16-2ad324c41fdb,2.595145e+10,3.71,259.5145
1657584780,AAVEUSDT,Sell,7,69.95,ZeroMinusTick,480caccf-97e3-54fa-80a4-8a8416aed45e,4.8965e+10,7,489.65000000000003
1657584785,AAVEUSDT,Buy,1.99,69.95,ZeroMinusTick,d866c7c8-e994-5704-a2b1-2afb1d460572,1.392005e+10,1.99,139.2005
1657584785,AAVEUSDT,Buy,4.2,69.95,ZeroMinusTick,5e2f3622-e893-59bb-a1e6-156669a2eaa4,2.9379000000000004e+10,4.2,293.79
1657584789,AAVEUSDT,Sell,1.09,69.90,MinusTick,90a672e3-3814-5bc3-b5cd-605c5ba869de,7.619100000000002e+09,1.09,76.19100000000002
1657584805,AAVEUSDT,Buy,1,69.95,PlusTick,aa9b937e-68ca-5fcf-9c7e-b007343ff446,6.995e+09,1,69.95
1657584809,AAVEUSDT,Buy,0.06,70.00,PlusTick,7fd92b67-bc4b-53bb-87a9-11f18740269e,4.2e+08,0.06,4.2
1657584809,AAVEUSDT,Sell,0.12,69.95,MinusTick,4118e125-f6a0-5ce9-8f4a-5257ad50f5b5,8.394e+08,0.12,8.394
1657584812,AAVEUSDT,Sell,6.63,70.00,PlusTick,06d7c834-a1b7-572c-b671-7876ef937b1c,4.641e+10,6.63,464.09999999999997
1657584821,AAVEUSDT,Buy,0.06,70.05,PlusTick,538b7f09-1e3a-5bcd-a160-815c2a5d1af8,4.2029999999999994e+08,0.06,4.202999999999999
1657584821,AAVEUSDT,Buy,1.77,70.05,ZeroMinusTick,a2782927-78f4-53da-a323-0e71825a347b,1.239885e+10,1.77,123.9885
1657584827,AAVEUSDT,Buy,0.7,70.05,ZeroMinusTick,f262b778-69ad-575c-b9e3-3417ac5a8d74,4.9035e+09,0.7,49.035
1657584832,AAVEUSDT,Sell,0.01,70.00,MinusTick,ee2e420d-bfce-52a2-95e8-dd2316e4fd44,7e+07,0.01,0.7000000000000001
1657584832,AAVEUSDT,Sell,3.57,70.00,ZeroMinusTick,49373b07-d169-5e63-97fe-0c7b45ec9948,2.4989999999999996e+10,3.57,249.89999999999998
1657584832,AAVEUSDT,Sell,7,70.00,ZeroMinusTick,4a781938-8cab-5cbb-b261-8a8011062b48,4.9e+10,7,490
1657584853,AAVEUSDT,Buy,7.9,70.00,ZeroMinusTick,a200262c-ad40-5864-aba4-a2f8b6c52cc5,5.53e+10,7.9,553
1657584863,AAVEUSDT,Sell,3.84,69.95,MinusTick,770d5753-fa99-5155-9e4b-dac597153501,2.68608e+10,3.84,268.608
1657584865,AAVEUSDT,Buy,6.36,69.95,ZeroMinusTick,25a9331e-ceec-54f8-8167-c10cd28cf718,4.448820000000001e+10,6.36,444.88200000000006
1657584865,AAVEUSDT,Buy,11.95,69.95,ZeroMinusTick,352ca104-2706-5b0d-8f32-052a1ae25869,8.359025e+10,11.95,835.9025
1657584870,AAVEUSDT,Buy,3.48,69.90,MinusTick,725614e2-545f-5204-b423-d4abcc892975,2.43252e+10,3.48,243.252
1657584877,AAVEUSDT,Sell,1.42,69.85,MinusTick,601587e5-380d-58c1-9eea-41302838e642,9.918699999999998e+09,1.42,99.18699999999998
1657584877,AAVEUSDT,Sell,11.44,69.85,ZeroMinusTick,043cd0f1-49f8-5cd0-8205-0b55e60ae5fc,7.99084e+10,11.44,799.084
1657584877,AAVEUSDT,Sell,11.44,69.85,ZeroMinusTick,b1e6ac6a-6383-525b-95c1-9ab3f9c1d514,7.99084e+10,11.44,799.084
1657584877,AAVEUSDT,Sell,1.42,69.80,MinusTick,4719dcf8-bcc2-505f-ac7f-0cd43cea9859,9.911599999999998e+09,1.42,99.11599999999999
1657584877,AAVEUSDT,Sell,4.98,69.80,ZeroMinusTick,a23cbc91-cac0-59f6-9b9c-1de0b9b039b8,3.476040000000001e+10,4.98,347.60400000000004
1657584877,AAVEUSDT,Sell,3.27,69.80,ZeroMinusTick,c1db591c-6589-56dd-9f67-acc4c572460e,2.2824599999999996e+10,3.27,228.24599999999998
1657584877,AAVEUSDT,Sell,0.31,69.80,ZeroMinusTick,ab7ce071-38ad-52bd-9107-febeb27c8b54,2.1638e+09,0.31,21.637999999999998
1657584895,AAVEUSDT,Buy,0.01,69.90,PlusTick,be9ac17c-da3e-564f-bcbf-14d5674f6ada,6.99e+07,0.01,0.6990000000000001
1657584895,AAVEUSDT,Buy,0.01,69.90,ZeroMinusTick,acf7389e-9945-588d-8676-370550a8c8df,6.99e+07,0.01,0.6990000000000001
1657584895,AAVEUSDT,Buy,3.27,69.90,ZeroMinusTick,39f9d254-9298-5322-8022-209d62dd0086,2.28573e+10,3.27,228.573
1657584895,AAVEUSDT,Buy,4.98,69.90,ZeroMinusTick,68f9f085-8287-5561-869c-325841317df3,3.48102e+10,4.98,348.10200000000003
1657584905,AAVEUSDT,Sell,7,69.90,ZeroMinusTick,e6e0cf56-3620-5552-a9dd-c9f8e5b62992,4.893000000000001e+10,7,489.30000000000007
1657584905,AAVEUSDT,Sell,10.68,69.90,ZeroMinusTick,ab4fc2ba-2e92-59c6-887d-7984bec78788,7.46532e+10,10.68,746.532
1657584905,AAVEUSDT,Sell,3.57,69.90,ZeroMinusTick,e42b42f3-4262-540b-a9d7-d32efcb407ce,2.49543e+10,3.57,249.543
1657584905,AAVEUSDT,Sell,0.01,69.90,ZeroMinusTick,a38752cb-8256-5a52-8a66-4083130f4552,6.99e+07,0.01,0.6990000000000001
1657584905,AAVEUSDT,Buy,2,69.90,ZeroMinusTick,bfaa3952-a626-50c4-8bb0-6478c80ad249,1.3980000000000002e+10,2,139.8
1657584911,AAVEUSDT,Buy,0.1,69.90,ZeroMinusTick,d56b1fcd-abeb-5cc2-94f0-b56646c0d427,6.990000000000001e+08,0.1,6.990000000000001
1657584915,AAVEUSDT,Sell,7,69.85,MinusTick,89c1b51b-54c3-52dc-827b-99d129cd8f24,4.889499999999999e+10,7,488.94999999999993
1657584915,AAVEUSDT,Sell,6.09,69.85,ZeroMinusTick,0b9db2e6-d123-5115-bdaf-42cba4ee47f4,4.253864999999999e+10,6.09,425.38649999999996
1657584918,AAVEUSDT,Sell,0.04,69.85,ZeroMinusTick,e9502064-1f7f-56b9-81a0-8e195f560248,2.794e+08,0.04,2.794
1657584918,AAVEUSDT,Sell,1.42,69.80,MinusTick,26ff3013-a312-5a04-99a0-9f4eee6b9af4,9.911599999999998e+09,1.42,99.11599999999999
1657584918,AAVEUSDT,Sell,2.22,69.80,ZeroMinusTick,40bad497-5e9c-58a7-b7fc-0ad329033a7f,1.5495600000000002e+10,2.22,154.95600000000002
1657584924,AAVEUSDT,Buy,0.05,69.80,ZeroMinusTick,fcf2182a-6a62-5cb5-af55-b00e75f988d7,3.49e+08,0.05,3.49
1657584924,AAVEUSDT,Buy,9.04,69.80,ZeroMinusTick,40fdec35-4b31-5f8c-bba1-db2bcf66bea8,6.309919999999999e+10,9.04,630.992
1657584935,AAVEUSDT,Sell,1.01,69.75,MinusTick,69b7a340-73d3-5bcc-ba41-05414e74f6a4,7.044750000000001e+09,1.01,70.4475
1657584935,AAVEUSDT,Sell,4.52,69.75,ZeroMinusTick,ac157cf7-d39a-55a3-9b7c-f17d01703b3a,3.1527e+10,4.52,315.27
1657584935,AAVEUSDT,Sell,6.95,69.75,ZeroMinusTick,c203e786-0251-52d3-94f2-cdc270189220,4.847625e+10,6.95,484.7625
1657584935,AAVEUSDT,Sell,5.42,69.75,ZeroMinusTick,cdc2e9e5-5f49-5628-8678-c92e86ef27bf,3.78045e+10,5.42,378.045
1657584935,AAVEUSDT,Sell,2.52,69.75,ZeroMinusTick,a7436105-b9af-50d3-9e1f-8b96c65fa4eb,1.7577e+10,2.52,175.77
1657584935,AAVEUSDT,Sell,0.04,69.75,ZeroMinusTick,2de785dc-a584-5317-ad46-fa8ae99e1b66,2.79e+08,0.04,2.79
1657584935,AAVEUSDT,Sell,0.96,69.75,ZeroMinusTick,477f881b-8d60-505b-9f00-64357f656cf3,6.695999999999999e+09,0.96,66.96
1657584943,AAVEUSDT,Buy,1.43,69.75,ZeroMinusTick,1ba3a8da-f221-572c-99b3-30fcf93861ed,9.97425e+09,1.43,99.74249999999999
1657584944,AAVEUSDT,Sell,20.95,69.70,MinusTick,401e20c5-6378-56ac-9b68-a425c88ceb4c,1.460215e+11,20.95,1460.215
1657584949,AAVEUSDT,Sell,0.1,69.70,ZeroMinusTick,27f2d37f-8e22-584c-8b46-0bf81a41e2a5,6.970000000000001e+08,0.1,6.970000000000001
1657584960,AAVEUSDT,Sell,6.96,69.65,MinusTick,ebf93cf6-1b84-5b36-bd05-65f5b3f1c735,4.84764e+10,6.96,484.764
1657584965,AAVEUSDT,Sell,7,69.70,PlusTick,90f8870d-78ff-599a-b040-7ff78f0c5025,4.879e+10,7,487.90000000000003
1657584965,AAVEUSDT,Sell,11.31,69.70,ZeroMinusTick,f0757e99-5bd2-50fa-8976-ea63d49480c4,7.88307e+10,11.31,788.307
1657584974,AAVEUSDT,Buy,0.05,69.75,PlusTick,a672d891-74dd-54f5-8ee1-3866e6a17b2f,3.4875e+08,0.05,3.4875000000000003
1657584974,AAVEUSDT,Buy,0.1,69.75,ZeroMinusTick,25d7f9ea-0d41-5764-9c6e-75ea204d1ef2,6.975e+08,0.1,6.9750000000000005
1657584975,AAVEUSDT,Buy,0.17,69.80,PlusTick,9d092795-1f92-5763-b7e3-00e1e8936150,1.1866e+09,0.17,11.866
1657584977,AAVEUSDT,Sell,0.15,69.80,ZeroMinusTick,9fb6debf-2525-5598-8d87-2fb29f817161,1.0469999999999999e+09,0.15,10.469999999999999
1657584987,AAVEUSDT,Sell,41.25,69.75,MinusTick,3b5d6ce8-5d2c-5ed9-af8a-65bb0160660a,2.8771875e+11,41.25,2877.1875
1657584987,AAVEUSDT,Sell,9.25,69.75,ZeroMinusTick,4858de30-00db-5026-9bb1-f870b8258813,6.451875e+10,9.25,645.1875
1657584987,AAVEUSDT,Sell,7,69.75,ZeroMinusTick,0cdbc6e9-143c-50c4-a2e4-2671da1d410b,4.8825e+10,7,488.25
1657585002,AAVEUSDT,Sell,3.58,69.70,MinusTick,57cbf6ba-d200-5320-ad76-a1fe264c74df,2.49526e+10,3.58,249.526
1657585002,AAVEUSDT,Sell,7.17,69.70,ZeroMinusTick,955188e0-7c24-59e9-bc38-91a6ea78f20d,4.99749e+10,7.17,499.749
1657585002,AAVEUSDT,Sell,7,69.70,ZeroMinusTick,dedc5898-25a8-5255-8deb-f4234cdbe6e1,4.879e+10,7,487.90000000000003
1657585002,AAVEUSDT,Sell,12.85,69.70,ZeroMinusTick,4ef762d7-e0d8-5f4d-9f60-6f77d4716965,8.95645e+10,12.85,895.645
1657585002,AAVEUSDT,Sell,11.9,69.70,ZeroMinusTick,016d1a3e-43d6-56ab-86d2-8887be70519e,8.2943e+10,11.9,829.4300000000001
1657585005,AAVEUSDT,Buy,0.3,69.75,PlusTick,cab95bf6-7699-5ddc-90fb-62b42cb06887,2.0925e+09,0.3,20.925
1657585005,AAVEUSDT,Buy,9.87,69.75,ZeroMinusTick,9b813cf1-c776-5308-9e12-f900195c71f1,6.884324999999998e+10,9.87,688.4324999999999
1657585008,AAVEUSDT,Buy,0.02,69.75,ZeroMinusTick,00c307a6-0176-5741-8dc1-2ed2b92cc0be,1.395e+08,0.02,1.395
1657585008,AAVEUSDT,Sell,11.16,69.75,ZeroMinusTick,927fdbb5-3f06-5175-abb5-6f7bc4963d7b,7.7841e+10,11.16,778.41
1657585014,AAVEUSDT,Buy,0.01,69.80,PlusTick,ee06211d-90b2-5f5e-96c4-2d6c25f669a3,6.98e+07,0.01,0.698
1657585032,AAVEUSDT,Buy,16.58,69.90,PlusTick,88246d65-3efb-5a0f-9fb0-fe0a0cdbf770,1.158942e+11,16.58,1158.942
1657585032,AAVEUSDT,Buy,0.66,69.90,ZeroMinusTick,5f2d395a-ffe9-5105-bcbd-5760ab04289f,4.613400000000001e+09,0.66,46.13400000000001
1657585032,AAVEUSDT,Buy,0.66,69.90,ZeroMinusTick,c9e48c81-55f8-57d0-8524-a08f2d5823cf,4.613400000000001e+09,0.66,46.13400000000001
1657585039,AAVEUSDT,Buy,2.87,70.00,PlusTick,ceea1794-ecc3-5526-9fa5-55d67c90502c,2.009e+10,2.87,200.9
1657585039,AAVEUSDT,Buy,24.87,70.00,ZeroMinusTick,ffc3064f-46d6-5931-a69a-4d1079637ff9,1.7409e+11,24.87,1740.9
1657585049,AAVEUSDT,Sell,2.03,70.05,PlusTick,f3f9d0c8-fbc0-5cd6-9114-00bf90ac770e,1.4220149999999998e+10,2.03,142.20149999999998
1657585050,AAVEUSDT,Buy,7.02,70.10,PlusTick,8c9391bb-a97d-5626-b70d-189736d5c5dd,4.921019999999999e+10,7.02,492.1019999999999
1657585050,AAVEUSDT,Buy,17.68,70.15,PlusTick,09082489-0afd-57e2-b395-e33e0e1e24ce,1.2402520000000002e+11,17.68,1240.2520000000002
1657585050,AAVEUSDT,Buy,9.18,70.15,ZeroMinusTick,aeee3065-fa23-55fb-aa96-ac94d4308a56,6.43977e+10,9.18,643.977
1657585050,AAVEUSDT,Buy,2.7,70.15,ZeroMinusTick,2e671a93-f7ba-5cb9-91bc-b21c9eb8ac4c,1.8940500000000004e+10,2.7,189.40500000000003
1657585050,AAVEUSDT,Buy,6.92,70.15,ZeroMinusTick,af1ffc27-541c-58d3-8b2d-90bb6ac2580a,4.854380000000001e+10,6.92,485.43800000000005
1657585052,AAVEUSDT,Buy,13.56,70.15,ZeroMinusTick,74df793d-7809-549e-8ede-4b73d52a30c2,9.512340000000002e+10,13.56,951.2340000000002
1657585052,AAVEUSDT,Buy,4.68,70.15,ZeroMinusTick,1335c8c5-b883-5bf9-8fb7-0693767b7192,3.2830200000000004e+10,4.68,328.302
1657585054,AAVEUSDT,Sell,0.01,70.10,MinusTick,22c818a1-5530-5aa5-8e3b-70e9b3f357f4,7.01e+07,0.01,0.701
1657585054,AAVEUSDT,Sell,1.41,70.10,ZeroMinusTick,3ac83060-4359-5156-ba0b-fb6ec0aafc30,9.884099999999998e+09,1.41,98.84099999999998
1657585064,AAVEUSDT,Sell,1.42,70.10,ZeroMinusTick,5b5afeb0-8b9b-565e-b87a-2a81833546fa,9.954199999999998e+09,1.42,99.54199999999999
1657585065,AAVEUSDT,Buy,9.25,70.10,ZeroMinusTick,b07f86fe-f148-53be-93d9-e5f35d5bee6b,6.484249999999999e+10,9.25,648.425
1657585065,AAVEUSDT,Buy,10.82,70.10,ZeroMinusTick,c9286cd4-10f7-56a7-9360-67c30604af44,7.58482e+10,10.82,758.482
1657585065,AAVEUSDT,Buy,8.13,70.10,ZeroMinusTick,5a81b4a3-f34b-5235-9488-088f29560ae4,5.69913e+10,8.13,569.913
1657585065,AAVEUSDT,Buy,2.42,70.10,ZeroMinusTick,61530c2c-2060-572b-a805-7c8dc842f109,1.6964199999999996e+10,2.42,169.64199999999997
1657585071,AAVEUSDT,Sell,1.42,70.05,MinusTick,960a2f45-3f81-5def-8b92-23be8521333f,9.947099999999998e+09,1.42,99.47099999999999
1657585072,AAVEUSDT,Buy,1.4,70.05,ZeroMinusTick,3c79849a-29f7-5998-ae1e-59af8bc3deb3,9.807e+09,1.4,98.07
1657585073,AAVEUSDT,Buy,5.6,70.05,ZeroMinusTick,ada4bed6-b22b-5b05-afb2-5ab7aa639dd0,3.9228e+10,5.6,392.28
1657585073,AAVEUSDT,Buy,2.77,70.05,ZeroMinusTick,a9296595-802b-5b01-910e-bf9f579b174e,1.940385e+10,2.77,194.0385
1657585073,AAVEUSDT,Sell,11.29,70.00,MinusTick,81067eb6-6608-53ea-8bd1-b09a976514a4,7.903e+10,11.29,790.3
1657585073,AAVEUSDT,Sell,3.71,70.00,ZeroMinusTick,42019ea8-2c18-52f6-a7a9-ba44cc97a7f9,2.597e+10,3.71,259.7
1657585081,AAVEUSDT,Sell,0.15,69.95,MinusTick,c7cda1a8-122e-5119-9092-d7f4b6311ba7,1.04925e+09,0.15,10.4925
1657585085,AAVEUSDT,Buy,0.06,70.00,PlusTick,cf029e84-5561-5a48-af8f-0c43aa461a92,4.2e+08,0.06,4.2
1657585094,AAVEUSDT,Buy,2,70.00,ZeroMinusTick,dddc80e4-727a-5047-aaf3-3547ef15af79,1.4e+10,2,140
1657585095,AAVEUSDT,Sell,1.27,69.95,MinusTick,1a6f6b15-3896-5a02-bbb0-618be519758c,8.88365e+09,1.27,88.8365
1657585095,AAVEUSDT,Sell,1.9,69.95,ZeroMinusTick,91ed3cb1-13a6-55fa-ae56-9f34e31f9e21,1.32905e+10,1.9,132.905
1657585095,AAVEUSDT,Sell,1.68,69.95,ZeroMinusTick,60cdf8fc-a9e3-5192-adc0-5511fc96f302,1.17516e+10,1.68,117.516
1657585098,AAVEUSDT,Sell,1.42,69.90,MinusTick,d61ba6a1-e6da-5043-a433-093239b04b6a,9.925800000000002e+09,1.42,99.25800000000001
1657585103,AAVEUSDT,Buy,9.15,69.85,MinusTick,13c9c027-1ea9-5406-8a05-8a72e7d8b26c,6.391274999999999e+10,9.15,639.1274999999999
1657585113,AAVEUSDT,Sell,6.68,69.85,ZeroMinusTick,dfddc9ef-ed01-57c7-acab-e884900c1da5,4.665979999999999e+10,6.68,466.59799999999996
1657585113,AAVEUSDT,Sell,0.32,69.85,ZeroMinusTick,6ab94bb7-af4b-5abc-bda8-0c713c2c7b5f,2.2352e+09,0.32,22.352
1657585113,AAVEUSDT,Sell,3.59,69.85,ZeroMinusTick,d2c19f21-7bdb-5e7d-b7e8-16602f70b87c,2.507615e+10,3.59,250.76149999999998
1657585113,AAVEUSDT,Sell,3.83,69.85,ZeroMinusTick,6b8b072a-6307-58c8-a072-40037cab6faa,2.6752549999999996e+10,3.83,267.52549999999997
1657585113,AAVEUSDT,Sell,3.92,69.85,ZeroMinusTick,c259417e-15ae-5397-af8a-938e8eb718c7,2.7381199999999996e+10,3.92,273.81199999999995
1657585113,AAVEUSDT,Sell,1.31,69.80,MinusTick,7608543a-6379-52f9-9ef5-6ac9b72bd73e,9.1438e+09,1.31,91.438
1657585113,AAVEUSDT,Sell,0.72,69.80,ZeroMinusTick,7852d928-4e56-5e71-b119-c138fab07893,5.025599999999999e+09,0.72,50.25599999999999
1657585133,AAVEUSDT,Sell,2,69.80,ZeroMinusTick,f756f7d1-b643-5231-927c-9dcc11dfaa79,1.396e+10,2,139.6
1657585133,AAVEUSDT,Sell,1.42,69.80,ZeroMinusTick,4010cb55-eee9-5f6a-8373-da8355111f17,9.911599999999998e+09,1.42,99.11599999999999
1657585133,AAVEUSDT,Sell,7,69.80,ZeroMinusTick,a93d6d31-6426-5cdf-9537-1c46ce136e72,4.886e+10,7,488.59999999999997
1657585133,AAVEUSDT,Sell,3.57,69.80,ZeroMinusTick,d12220d8-2595-59ec-bc9c-573947eb2c98,2.4918599999999996e+10,3.57,249.18599999999998
1657585157,AAVEUSDT,Sell,2,69.75,MinusTick,0127d0c8-ed27-5e9b-9243-4c06fe96f73d,1.395e+10,2,139.5
1657585157,AAVEUSDT,Sell,10.25,69.75,ZeroMinusTick,f92795a4-6400-5eea-a655-5dd2b15ffdfe,7.149375e+10,10.25,714.9375
1657585169,AAVEUSDT,Sell,0.12,69.65,MinusTick,1b1ee674-8a96-50ec-a9ed-65e4a5b51071,8.358e+08,0.12,8.358
1657585177,AAVEUSDT,Sell,13.53,69.60,MinusTick,8f1ba2c1-4fd6-50b2-881b-1ddad37bc99a,9.416879999999998e+10,13.53,941.6879999999999
1657585177,AAVEUSDT,Sell,2,69.60,ZeroMinusTick,05cb811a-e276-56fd-b9a4-6d0982110768,1.3919999999999998e+10,2,139.2
1657585177,AAVEUSDT,Sell,13.67,69.60,ZeroMinusTick,065a59c4-d09b-5337-938f-69f12332da68,9.514319999999998e+10,13.67,951.4319999999999
1657585177,AAVEUSDT,Sell,7,69.60,ZeroMinusTick,9ca17bdc-8c75-5d35-9749-5bf8581254bd,4.871999999999999e+10,7,487.19999999999993
1657585177,AAVEUSDT,Sell,9.25,69.60,ZeroMinusTick,f77dad02-808b-5b5b-9336-12248cf3b5e3,6.437999999999999e+10,9.25,643.8
1657585177,AAVEUSDT,Sell,6.36,69.60,ZeroMinusTick,3dbbc55c-c7c6-5b7c-a08a-73dc5f114111,4.42656e+10,6.36,442.656
1657585177,AAVEUSDT,Sell,11.04,69.60,ZeroMinusTick,9cd1f1b2-6570-5598-8ff7-3452d07ca929,7.683839999999998e+10,11.04,768.3839999999999
1657585177,AAVEUSDT,Sell,10.84,69.60,ZeroMinusTick,1a64a17c-f483-5470-9667-aa328d41c430,7.54464e+10,10.84,754.4639999999999
1657585177,AAVEUSDT,Sell,35.16,69.60,ZeroMinusTick,403c45c2-8111-5d8d-87d7-2b936d7ca663,2.4471359999999994e+11,35.16,2447.1359999999995
1657585177,AAVEUSDT,Sell,3.58,69.60,ZeroMinusTick,50e52819-e260-5b8b-8d42-1a9aa765bb5e,2.4916799999999996e+10,3.58,249.16799999999998
1657585177,AAVEUSDT,Buy,8.61,69.60,ZeroMinusTick,676f6b1c-1a65-505b-b4aa-0a17abfa8db6,5.9925599999999985e+10,8.61,599.2559999999999
1657585177,AAVEUSDT,Buy,55.12,69.60,ZeroMinusTick,52e042cb-9e9b-5b7c-808e-5b44d39ed3de,3.8363519999999994e+11,55.12,3836.3519999999994
1657585177,AAVEUSDT,Buy,1.73,69.60,ZeroMinusTick,3d6934a5-520c-5d1b-8728-0ce596ae8d6d,1.2040799999999998e+10,1.73,120.40799999999999
1657585177,AAVEUSDT,Buy,8.63,69.60,ZeroMinusTick,85ab6502-dfd3-5e42-9dc5-718e0ab06cc1,6.00648e+10,8.63,600.648
1657585177,AAVEUSDT,Buy,11.52,69.60,ZeroMinusTick,5d4950c6-886f-52bd-9af5-61a246b7bd5e,8.017919999999998e+10,11.52,801.7919999999999
1657585177,AAVEUSDT,Buy,2.04,69.60,ZeroMinusTick,c338b289-1a54-569b-9e71-c9bc682e43a5,1.4198399999999998e+10,2.04,141.98399999999998
1657585177,AAVEUSDT,Buy,16.43,69.60,ZeroMinusTick,150497d6-259a-55d9-af61-9e7dc100f126,1.1435279999999998e+11,16.43,1143.5279999999998
1657585179,AAVEUSDT,Buy,49.26,69.60,ZeroMinusTick,a0e6d57a-bf38-5994-8b1b-f4d04b0a8bec,3.4284959999999994e+11,49.26,3428.4959999999996
1657585185,AAVEUSDT,Sell,7,69.65,PlusTick,28a00a23-c0a2-5953-8c04-1a567f7ea32f,4.875500000000001e+10,7,487.55000000000007
1657585185,AAVEUSDT,Sell,5.35,69.65,ZeroMinusTick,0c3e50ce-b066-580e-a728-749efca50253,3.726275e+10,5.35,372.6275
1657585204,AAVEUSDT,Sell,18.38,69.65,ZeroMinusTick,84ad6df0-2c26-574b-b94f-f216a21be72b,1.2801670000000002e+11,18.38,1280.1670000000001
1657585212,AAVEUSDT,Sell,1.42,69.60,MinusTick,8dc4f7fa-df2b-5265-8066-d0461c45b563,9.8832e+09,1.42,98.832
1657585212,AAVEUSDT,Sell,4.21,69.55,MinusTick,1d07e9a0-25f2-58b3-ae80-3078cdde0171,2.928055e+10,4.21,292.8055
1657585212,AAVEUSDT,Sell,3.78,69.55,ZeroMinusTick,26c24c82-9742-5e33-bdac-24de442232c8,2.62899e+10,3.78,262.899
1657585212,AAVEUSDT,Sell,3.94,69.55,ZeroMinusTick,d1617a6f-16f9-598e-a300-64ae5833d5a0,2.74027e+10,3.94,274.027
1657585212,AAVEUSDT,Sell,2.53,69.55,ZeroMinusTick,586db0b1-a49b-5aae-a5ac-c199eb164268,1.7596149999999996e+10,2.53,175.96149999999997
1657585213,AAVEUSDT,Sell,5,69.55,ZeroMinusTick,7dda0e58-96b5-5f8a-9fa8-81e3051b8c86,3.4775e+10,5,347.75
1657585213,AAVEUSDT,Sell,1.42,69.55,ZeroMinusTick,17954c29-f6df-5293-b94a-06a11e492955,9.8761e+09,1.42,98.761
1657585213,AAVEUSDT,Sell,7,69.55,ZeroMinusTick,a0a9ec3d-d55e-528c-b9eb-6c8b25c45f8d,4.8685e+10,7,486.84999999999997
1657585213,AAVEUSDT,Sell,13.85,69.55,ZeroMinusTick,25a0d9b9-1821-58fb-8769-2a2f5367ae95,9.632675e+10,13.85,963.2674999999999
1657585222,AAVEUSDT,Sell,28.2,69.55,ZeroMinusTick,ad6dbdc2-254f-5811-80b2-dee1e3d26e84,1.96131e+11,28.2,1961.31
1657585222,AAVEUSDT,Sell,9.25,69.55,ZeroMinusTick,69410845-336e-5193-bf19-e3f1fabf4dc8,6.433375e+10,9.25,643.3375
1657585222,AAVEUSDT,Sell,35.16,69.55,ZeroMinusTick,5327ae5c-5716-5898-bb73-ef1c01f72c81,2.4453779999999997e+11,35.16,2445.3779999999997
1657585222,AAVEUSDT,Sell,13.25,69.55,ZeroMinusTick,545a39ac-b175-5a46-b9c2-5214c3f37fa8,9.215374999999998e+10,13.25,921.5374999999999
1657585222,AAVEUSDT,Sell,21.3,69.55,ZeroMinusTick,88337c7b-fc21-57ac-8cd5-46f3674987b8,1.481415e+11,21.3,1481.415
1657585222,AAVEUSDT,Sell,26.21,69.55,ZeroMinusTick,051a1c30-4bf5-566b-af6d-3ceba152006f,1.8229055e+11,26.21,1822.9055
1657585222,AAVEUSDT,Sell,3.16,69.55,ZeroMinusTick,c14e50f1-89d7-5ce2-96da-1aad9960dfd9,2.19778e+10,3.16,219.778
1657585222,AAVEUSDT,Sell,3.91,69.55,ZeroMinusTick,a4d5c726-1104-55ce-8948-b384331f0ca6,2.719405e+10,3.91,271.9405
1657585224,AAVEUSDT,Sell,6.97,69.60,PlusTick,4b0bbced-76c8-5983-b9df-d3999e9c1fb1,4.85112e+10,6.97,485.11199999999997
1657585224,AAVEUSDT,Sell,16.81,69.60,ZeroMinusTick,005b0dc2-ca0b-5780-b750-e307219e4ecc,1.1699759999999998e+11,16.81,1169.9759999999999
1657585225,AAVEUSDT,Sell,9.25,69.60,ZeroMinusTick,c2a6bb6d-4db6-51c4-8887-26de32786209,6.437999999999999e+10,9.25,643.8
1657585225,AAVEUSDT,Sell,4.98,69.60,ZeroMinusTick,cae34b0a-09a6-5db7-b78d-3961c098d15b,3.46608e+10,4.98,346.608
1657585227,AAVEUSDT,Sell,7,69.60,ZeroMinusTick,514f3f9d-4e0c-56be-aa17-729820cd159f,4.871999999999999e+10,7,487.19999999999993
1657585227,AAVEUSDT,Sell,9.25,69.55,MinusTick,cdb07b1a-de14-5888-928c-1d5ca8092809,6.433375e+10,9.25,643.3375
1657585227,AAVEUSDT,Sell,13.4,69.55,ZeroMinusTick,22aedbe0-da8f-5249-b061-4a3c68bb8d04,9.3197e+10,13.4,931.97
1657585227,AAVEUSDT,Sell,12.45,69.55,ZeroMinusTick,0a2c1732-4caf-5e90-ae76-eb23191a0b23,8.658974999999998e+10,12.45,865.8974999999999
1657585227,AAVEUSDT,Sell,3.16,69.55,ZeroMinusTick,2306729c-e6ae-5df0-b2d3-d83d3c62eaed,2.19778e+10,3.16,219.778
1657585227,AAVEUSDT,Sell,6.09,69.55,ZeroMinusTick,a1aae3a3-893f-5113-9929-addd3045b6eb,4.235594999999999e+10,6.09,423.55949999999996
1657585227,AAVEUSDT,Sell,9.83,69.55,ZeroMinusTick,d1efc6f5-a66c-5c74-b58c-a87183dbd1ad,6.836765e+10,9.83,683.6765
1657585227,AAVEUSDT,Sell,1.88,69.55,ZeroMinusTick,b633c30e-44b7-581a-a8cc-0bfdb5278f3b,1.30754e+10,1.88,130.754
1657585227,AAVEUSDT,Sell,2.53,69.55,ZeroMinusTick,d6212663-775d-53d6-be22-815838e844d1,1.7596149999999996e+10,2.53,175.96149999999997
1657585231,AAVEUSDT,Buy,0.08,69.65,PlusTick,0d686293-ed7d-5ec1-a1cc-58af5831995b,5.572000000000001e+08,0.08,5.572000000000001
1657585232,AAVEUSDT,Buy,0.01,69.65,ZeroMinusTick,063794da-a82a-55d6-abc5-b6963e54ed12,6.965000000000001e+07,0.01,0.6965000000000001
1657585233,AAVEUSDT,Sell,12.57,69.65,ZeroMinusTick,bb4bbc76-284a-59d4-a9be-8efed3bd4fef,8.755005000000002e+10,12.57,875.5005000000001
1657585233,AAVEUSDT,Sell,1.47,69.65,ZeroMinusTick,a51e6a70-e9ed-5b05-9033-78c4809f8dc3,1.023855e+10,1.47,102.38550000000001
1657585235,AAVEUSDT,Sell,1.88,69.65,ZeroMinusTick,3a4994ed-6b16-5904-8cbb-1ba4aab349b1,1.30942e+10,1.88,130.942
1657585237,AAVEUSDT,Sell,13.7,69.60,MinusTick,3e085dfd-49c6-55b7-b103-055cb14961cc,9.535199999999998e+10,13.7,953.5199999999999
1657585237,AAVEUSDT,Sell,0.35,69.60,ZeroMinusTick,b03b79cc-2793-53fe-b2d0-4fe6436ff266,2.4359999999999995e+09,0.35,24.359999999999996
1657585240,AAVEUSDT,Sell,27.85,69.60,ZeroMinusTick,3ffafb3f-ff82-5300-9c58-54ac3865b469,1.93836e+11,27.85,1938.36
1657585240,AAVEUSDT,Sell,9.25,69.60,ZeroMinusTick,77b7d778-5614-50fd-9981-4c127675112a,6.437999999999999e+10,9.25,643.8
1657585240,AAVEUSDT,Sell,11.61,69.60,ZeroMinusTick,fb39ccd1-c6eb-54d5-9189-55a9a1162bb2,8.08056e+10,11.61,808.0559999999999
1657585240,AAVEUSDT,Sell,3.58,69.60,ZeroMinusTick,251a25c9-e303-577c-a25e-1f7067297424,2.4916799999999996e+10,3.58,249.16799999999998
1657585240,AAVEUSDT,Sell,19.76,69.60,ZeroMinusTick,7be16e31-79bb-5a80-a504-19a12faf1f42,1.375296e+11,19.76,1375.296
1657585240,AAVEUSDT,Sell,22.3,69.60,ZeroMinusTick,72892cdf-7e72-5ee0-976e-b05fc7f63c51,1.55208e+11,22.3,1552.08
1657585240,AAVEUSDT,Sell,11.48,69.60,ZeroMinusTick,091d3700-085c-5bc0-b783-3119873bf523,7.99008e+10,11.48,799.0079999999999
1657585240,AAVEUSDT,Sell,4.78,69.60,ZeroMinusTick,98b6beaa-4606-5e09-9069-3b39c5ab008a,3.32688e+10,4.78,332.688
1657585240,AAVEUSDT,Sell,11.48,69.60,ZeroMinusTick,5f3f0e20-839e-54dc-babc-e01b026500c5,7.99008e+10,11.48,799.0079999999999
1657585240,AAVEUSDT,Sell,7,69.60,ZeroMinusTick,03057531-3e03-529b-8c86-eb233c0460e7,4.871999999999999e+10,7,487.19999999999993
1657585240,AAVEUSDT,Sell,1.4,69.60,ZeroMinusTick,ed2f1db8-b58c-58a5-9534-f628e61852b6,9.743999999999998e+09,1.4,97.43999999999998
1657585240,AAVEUSDT,Sell,12.67,69.60,ZeroMinusTick,e9ae6cf0-60b2-5e14-8dff-ecd4f3485818,8.818319999999998e+10,12.67,881.8319999999999
1657585240,AAVEUSDT,Sell,3.16,69.60,ZeroMinusTick,2b17b34c-1183-5229-adb0-771365f6b33f,2.1993599999999996e+10,3.16,219.93599999999998
1657585240,AAVEUSDT,Buy,18.68,69.60,ZeroMinusTick,f9382c7a-dc30-53e6-84ed-f344260674a3,1.300128e+11,18.68,1300.128
1657585240,AAVEUSDT,Buy,4.73,69.60,ZeroMinusTick,2e54d583-873e-5baf-a2b8-10e55d17a4d0,3.2920800000000004e+10,4.73,329.208
1657585240,AAVEUSDT,Buy,10.18,69.60,ZeroMinusTick,a664688e-852b-5596-a5e0-4cea42376259,7.085279999999998e+10,10.18,708.5279999999999
1657585240,AAVEUSDT,Sell,5.54,69.55,MinusTick,d3960b6d-0beb-56b9-814b-e159a3dec7ca,3.853069999999999e+10,5.54,385.30699999999996
1657585240,AAVEUSDT,Buy,22.07,69.60,PlusTick,42ddbb7c-0615-5303-af44-8ef214d7c8f6,1.536072e+11,22.07,1536.072
1657585240,AAVEUSDT,Sell,3.71,69.55,MinusTick,382ee05d-a4c2-5758-b568-d1c9f16df596,2.5803049999999996e+10,3.71,258.03049999999996
1657585240,AAVEUSDT,Sell,6.12,69.55,ZeroMinusTick,5bff921d-3cc8-5631-a595-42570ec7c264,4.25646e+10,6.12,425.646
1657585240,AAVEUSDT,Buy,29.84,69.60,PlusTick,a14707eb-6a03-5350-b37b-539743a5adec,2.076864e+11,29.84,2076.864
1657585245,AAVEUSDT,Buy,33.95,69.60,ZeroMinusTick,51774405-e4ec-56f2-b397-e92790b3b46a,2.36292e+11,33.95,2362.92
1657585245,AAVEUSDT,Buy,0.35,69.60,ZeroMinusTick,30ebad4b-92d7-5bdb-b801-f23234385c48,2.4359999999999995e+09,0.35,24.359999999999996
1657585245,AAVEUSDT,Buy,0.7,69.60,ZeroMinusTick,de8cdde6-de75-5fcf-9e45-a82f16e0c35c,4.871999999999999e+09,0.7,48.71999999999999
1657585251,AAVEUSDT,Sell,1,69.60,ZeroMinusTick,b5b21a6d-03f7-5628-90fb-39bf7dcd8a02,6.959999999999999e+09,1,69.6
1657585264,AAVEUSDT,Sell,1.4,69.60,ZeroMinusTick,e867f3d8-e706-5a77-8158-3e631fcad68c,9.743999999999998e+09,1.4,97.43999999999998
1657585273,AAVEUSDT,Sell,4.6,69.60,ZeroMinusTick,f735ce1b-3df1-574b-a2f7-d46414ee642b,3.2015999999999996e+10,4.6,320.15999999999997
1657585273,AAVEUSDT,Sell,12.01,69.60,ZeroMinusTick,2c43f417-1c9e-5e8c-8f31-920078b174bb,8.35896e+10,12.01,835.896
1657585273,AAVEUSDT,Sell,2.4,69.60,ZeroMinusTick,835d8dcb-07ea-5900-a7a7-aa13c9964442,1.6704e+10,2.4,167.04
1657585273,AAVEUSDT,Sell,14.61,69.60,ZeroMinusTick,ce074199-2b73-5a05-bcc7-b2dbb91bc46a,1.0168559999999998e+11,14.61,1016.8559999999999
1657585281,AAVEUSDT,Sell,7,69.60,ZeroMinusTick,a1d47d10-8560-58ef-acbd-4abfdb41684e,4.871999999999999e+10,7,487.19999999999993
1657585281,AAVEUSDT,Sell,3.58,69.60,ZeroMinusTick,cddb854d-f093-5dbf-b678-c4231e8db681,2.4916799999999996e+10,3.58,249.16799999999998
1657585281,AAVEUSDT,Sell,0.31,69.55,MinusTick,f4b2051f-f70e-5743-86b4-79b024326f66,2.1560499999999995e+09,0.31,21.560499999999998
1657585283,AAVEUSDT,Sell,1.4,69.60,PlusTick,ee017f82-4b79-53e5-9660-8e2ce61e15f7,9.743999999999998e+09,1.4,97.43999999999998
1657585283,AAVEUSDT,Sell,3.57,69.55,MinusTick,8d775b74-5f1a-5b69-95d4-172b25f6e68d,2.4829349999999996e+10,3.57,248.29349999999997
1657585283,AAVEUSDT,Sell,10.66,69.55,ZeroMinusTick,22a0dd43-0e38-55db-9d55-b9f9fa981d69,7.41403e+10,10.66,741.403
1657585283,AAVEUSDT,Sell,14.15,69.55,ZeroMinusTick,495f3240-2eda-5cc5-b957-0b9483ecb2dd,9.841325e+10,14.15,984.1324999999999
1657585283,AAVEUSDT,Sell,2.46,69.55,ZeroMinusTick,b2db3641-f4e9-5338-945b-2d2f7dbbc6f9,1.7109299999999998e+10,2.46,171.093
1657585309,AAVEUSDT,Buy,5,69.55,ZeroMinusTick,97498c94-77c6-5802-99a8-c52a8339ac24,3.4775e+10,5,347.75
1657585310,AAVEUSDT,Sell,22.04,69.50,MinusTick,7994d63c-0b0b-5484-9707-a1ef5c989851,1.53178e+11,22.04,1531.78
1657585310,AAVEUSDT,Sell,13.18,69.50,ZeroMinusTick,acc171e7-c67f-5919-8f3a-e73a503ae6d4,9.1601e+10,13.18,916.01
1657585317,AAVEUSDT,Sell,4.81,69.50,ZeroMinusTick,3db8a059-fefa-530d-bcbe-f12722feb000,3.3429499999999996e+10,4.81,334.29499999999996
1657585317,AAVEUSDT,Sell,54.07,69.50,ZeroMinusTick,2041f5f2-de7b-5c7f-bef4-cd3060b90d45,3.757865e+11,54.07,3757.8650000000002
1657585317,AAVEUSDT,Sell,8.61,69.50,ZeroMinusTick,3818875f-57eb-5e7d-8448-49cff23333a4,5.98395e+10,8.61,598.395
1657585317,AAVEUSDT,Sell,5.82,69.50,ZeroMinusTick,c731fff5-a6db-586d-9a14-d118fd056ca7,4.0449e+10,5.82,404.49
1657585317,AAVEUSDT,Sell,1.22,69.45,MinusTick,6dbb4c8c-8d0b-540c-8664-e4643701dee4,8.4729e+09,1.22,84.729
1657585319,AAVEUSDT,Sell,14.38,69.45,ZeroMinusTick,1b604b48-068e-5e2d-b841-526af21f0c66,9.986910000000002e+10,14.38,998.6910000000001
1657585323,AAVEUSDT,Sell,30,69.35,MinusTick,16a5c1c5-3db1-59c6-ab14-42b771a38d41,2.0805e+11,30,2080.5
1657585323,AAVEUSDT,Sell,6.62,69.35,ZeroMinusTick,12c2d8e1-f695-55d9-9e82-3fe6a23a4f6e,4.59097e+10,6.62,459.097
1657585323,AAVEUSDT,Buy,1.22,69.40,PlusTick,cf63a726-feee-5f47-bf6a-af1d180ea7fb,8.466800000000001e+09,1.22,84.668
1657585327,AAVEUSDT,Sell,7,69.45,PlusTick,feddab2a-b1f8-51e9-905a-117caa0c5c3c,4.8615e+10,7,486.15000000000003
1657585328,AAVEUSDT,Buy,8.33,69.45,ZeroMinusTick,8400ac1c-a607-5589-a840-b1add092266c,5.785185e+10,8.33,578.5185
1657585328,AAVEUSDT,Buy,0.03,69.45,ZeroMinusTick,8160b4dd-1faf-5eba-9dfa-5b32118abedf,2.0835e+08,0.03,2.0835
1657585328,AAVEUSDT,Buy,0.01,69.45,ZeroMinusTick,ffa25717-62fd-5eae-92d8-a3f0c93008e3,6.945e+07,0.01,0.6945
1657585329,AAVEUSDT,Sell,0.04,69.45,ZeroMinusTick,67b0f78a-e641-52d2-9d15-757a5aa3f269,2.778e+08,0.04,2.778
1657585329,AAVEUSDT,Sell,9.43,69.45,ZeroMinusTick,76551af6-dc3b-5139-8de0-b86b92f1df88,6.549135e+10,9.43,654.9135
1657585337,AAVEUSDT,Buy,14.11,69.55,PlusTick,7287e1ad-45da-50cc-b5b5-7fce8783c98c,9.813504999999998e+10,14.11,981.3504999999999
1657585338,AAVEUSDT,Buy,0.29,69.60,PlusTick,bfd01fe0-617d-503c-98c9-2bb98b992c67,2.0183999999999998e+09,0.29,20.183999999999997
1657585338,AAVEUSDT,Buy,1.42,69.60,ZeroMinusTick,8de5f757-813b-55b9-ba1c-43da51e19091,9.8832e+09,1.42,98.832
1657585338,AAVEUSDT,Buy,13.26,69.60,ZeroMinusTick,16561efa-c816-52ad-96f4-66311c23a812,9.22896e+10,13.26,922.896
1657585338,AAVEUSDT,Buy,14.09,69.60,ZeroMinusTick,6090b1db-6ab9-5230-8f79-d47e07deca24,9.806639999999998e+10,14.09,980.6639999999999
1657585342,AAVEUSDT,Sell,7,69.55,MinusTick,820e7dff-956b-506b-9e15-f89286caef11,4.8685e+10,7,486.84999999999997
1657585349,AAVEUSDT,Buy,10.34,69.55,ZeroMinusTick,70eda4f0-7908-5304-a86b-87e31b01c219,7.19147e+10,10.34,719.1469999999999
1657585354,AAVEUSDT,Buy,0.02,69.60,PlusTick,64bf28e6-7b7f-5416-a409-20649adccd2a,1.392e+08,0.02,1.392
1657585354,AAVEUSDT,Sell,0.06,69.60,ZeroMinusTick,83259a61-d22c-5ac6-a35e-c4ea34bcfd65,4.1759999999999994e+08,0.06,4.175999999999999
1657585355,AAVEUSDT,Sell,9.25,69.55,MinusTick,fa2a5ae5-7aa4-582e-8b52-6ab1ba2dd8bc,6.433375e+10,9.25,643.3375
1657585355,AAVEUSDT,Sell,4.21,69.55,ZeroMinusTick,fe9e2e28-ab25-50cc-b72d-83887f22acca,2.928055e+10,4.21,292.8055
1657585370,AAVEUSDT,Buy,8.7,69.60,PlusTick,a998bb89-bcc0-5f67-aa83-6e0cb9fddef5,6.0551999999999985e+10,8.7,605.5199999999999
1657585370,AAVEUSDT,Buy,1.94,69.60,ZeroMinusTick,4b3c6ce3-e6d5-50b4-906d-06b6080e6a56,1.3502399999999998e+10,1.94,135.02399999999997
1657585370,AAVEUSDT,Buy,6.76,69.60,ZeroMinusTick,7828de13-6d28-5eb8-bf0b-cd7708589d0f,4.704959999999999e+10,6.76,470.4959999999999
1657585370,AAVEUSDT,Buy,7.47,69.60,ZeroMinusTick,75d70455-631c-5004-9658-1bf2b816368f,5.199119999999999e+10,7.47,519.9119999999999
1657585370,AAVEUSDT,Buy,1.23,69.65,PlusTick,68154a8f-4233-5ba6-82f6-5b2faac0da28,8.56695e+09,1.23,85.6695
1657585370,AAVEUSDT,Buy,8.7,69.65,ZeroMinusTick,3c81b30c-c9f7-56c6-872b-05c9a08f750e,6.059550000000001e+10,8.7,605.955
1657585372,AAVEUSDT,Buy,13.17,69.65,ZeroMinusTick,4a43e32c-7e47-5f40-b57b-638cc8f59043,9.172905e+10,13.17,917.2905000000001
1657585372,AAVEUSDT,Buy,11.68,69.65,ZeroMinusTick,1ab8f634-d79c-551b-9da7-4e5432b93df8,8.13512e+10,11.68,813.5120000000001
1657585372,AAVEUSDT,Buy,6.36,69.65,ZeroMinusTick,a86039aa-4a93-563a-ab99-3d3b852ed518,4.429740000000001e+10,6.36,442.97400000000005
1657585375,AAVEUSDT,Sell,1.4,69.65,ZeroMinusTick,2922239e-fe42-569d-b3f2-fcdbc45de944,9.751e+09,1.4,97.51
1657585385,AAVEUSDT,Buy,41.25,69.65,ZeroMinusTick,f4be0b4a-54b6-5a52-a67d-a450f1cf0217,2.8730625000000006e+11,41.25,2873.0625000000005
1657585385,AAVEUSDT,Buy,13.7,69.65,ZeroMinusTick,18953a01-9a68-5c07-8140-15e6746ba5a9,9.54205e+10,13.7,954.205
1657585385,AAVEUSDT,Buy,9.25,69.65,ZeroMinusTick,40aa4135-24b8-5bba-a02a-5c1bee9ee6a2,6.442625000000001e+10,9.25,644.2625
1657585385,AAVEUSDT,Buy,6.36,69.65,ZeroMinusTick,0893beb8-5a54-5d22-8bd9-d0ee9e7b85e0,4.429740000000001e+10,6.36,442.97400000000005
1657585385,AAVEUSDT,Buy,35.16,69.65,ZeroMinusTick,8ff88ede-d418-5026-95bd-73a91aa06d9f,2.4488939999999997e+11,35.16,2448.894
1657585385,AAVEUSDT,Buy,23.65,69.65,ZeroMinusTick,a8ac7c79-85ad-5d1e-82f7-0a12e78fc22f,1.6472225e+11,23.65,1647.2225
1657585421,AAVEUSDT,Buy,0.01,69.75,PlusTick,253bf2af-debd-5dbf-abb9-b8efad54b394,6.975e+07,0.01,0.6975
1657585421,AAVEUSDT,Buy,0.06,69.75,ZeroMinusTick,4749c7ba-e140-57c3-be71-3496871a2f50,4.1849999999999994e+08,0.06,4.185
1657585421,AAVEUSDT,Buy,0.06,69.75,ZeroMinusTick,b0a646d0-557f-575d-b10d-f9a3982911eb,4.1849999999999994e+08,0.06,4.185
1657585440,AAVEUSDT,Sell,0.29,69.80,PlusTick,ad07bd69-8567-5b0e-8237-ec7edfd99943,2.0241999999999998e+09,0.29,20.241999999999997
1657585440,AAVEUSDT,Buy,1,69.85,PlusTick,7a81d3dc-95e0-5f97-a1ad-fbacb780999b,6.984999999999999e+09,1,69.85
1657585440,AAVEUSDT,Buy,0.06,69.85,ZeroMinusTick,ee2a4815-dbe3-5837-a39d-1e155bc7d126,4.191e+08,0.06,4.191
1657585440,AAVEUSDT,Buy,4.76,69.85,ZeroMinusTick,a7b9fafe-d89e-5928-b8f7-e76ee30d3544,3.3248599999999992e+10,4.76,332.48599999999993
1657585444,AAVEUSDT,Sell,10.65,69.85,ZeroMinusTick,58bec9b7-b70f-5d93-920e-e39faa914719,7.439024999999998e+10,10.65,743.9024999999999
1657585454,AAVEUSDT,Sell,0.04,69.80,MinusTick,ab202233-10ce-5394-8f08-b007c19998ce,2.792e+08,0.04,2.792
1657585476,AAVEUSDT,Buy,0.06,69.85,PlusTick,98a873c4-628a-5000-b10e-91fbb9b8860c,4.191e+08,0.06,4.191
1657585496,AAVEUSDT,Sell,1.81,69.80,MinusTick,c227d44c-f0de-5408-bd8e-eb28ca4a0f97,1.26338e+10,1.81,126.338
1657585496,AAVEUSDT,Sell,146.19,69.80,ZeroMinusTick,2329e395-7dab-5700-893a-4ab21160a633,1.0204062e+12,146.19,10204.062
1657585496,AAVEUSDT,Sell,37.22,69.80,ZeroMinusTick,a3cf0411-6040-506f-80f6-a42a8d975882,2.5979559999999997e+11,37.22,2597.9559999999997
1657585496,AAVEUSDT,Sell,210.99,69.80,ZeroMinusTick,43359c0a-f47b-557e-b9f3-0221ef807cc4,1.4727102e+12,210.99,14727.102
1657585496,AAVEUSDT,Sell,105.6,69.80,ZeroMinusTick,963bb100-c1b2-5256-8c16-d11d9b0ab348,7.370879999999999e+11,105.6,7370.879999999999
1657585504,AAVEUSDT,Buy,6.36,69.75,MinusTick,1345d41c-1069-599f-8eab-1c5606ad3126,4.4361e+10,6.36,443.61
1657585515,AAVEUSDT,Sell,0.4,69.75,ZeroMinusTick,4f59c9f5-2637-5924-9d68-9c0f0e446d1c,2.79e+09,0.4,27.900000000000002
1657585529,AAVEUSDT,Sell,4.27,69.75,ZeroMinusTick,b05a6565-1a0b-534d-a31c-26cc2cbaa2e5,2.978325e+10,4.27,297.8325
1657585529,AAVEUSDT,Sell,2.33,69.75,ZeroMinusTick,d582369b-41af-56b6-8784-b7edddbdaaa1,1.6251750000000002e+10,2.33,162.5175
1657585529,AAVEUSDT,Sell,3.51,69.75,ZeroMinusTick,85abab4d-6e55-52d4-a9f0-3fb974805697,2.448225e+10,3.51,244.8225
1657585529,AAVEUSDT,Sell,1.49,69.75,ZeroMinusTick,f9cbe8cb-64fd-5cd9-8c8d-158a988b8c4b,1.039275e+10,1.49,103.9275
1657585529,AAVEUSDT,Sell,1.42,69.70,MinusTick,d452ccbb-9bc6-58b2-b393-689f74f395c4,9.8974e+09,1.42,98.974
1657585529,AAVEUSDT,Sell,6.18,69.70,ZeroMinusTick,37d58908-6bb7-51d4-8af2-a1b7b31e9783,4.30746e+10,6.18,430.746
1657585529,AAVEUSDT,Sell,0.82,69.70,ZeroMinusTick,bbba6a83-420c-5d08-b17c-ae6e7dacc92a,5.7154e+09,0.82,57.153999999999996
1657585529,AAVEUSDT,Sell,1.35,69.70,ZeroMinusTick,c0531851-18e0-55df-9fac-80672afebf52,9.409500000000002e+09,1.35,94.09500000000001
1657585529,AAVEUSDT,Sell,2.23,69.70,ZeroMinusTick,b73ef2a7-f9d0-5120-a0f3-b9994d2e9429,1.5543100000000002e+10,2.23,155.431
1657585529,AAVEUSDT,Sell,2.49,69.70,ZeroMinusTick,ee115ca8-da92-56b9-a0cf-f57447ad66a0,1.7355300000000004e+10,2.49,173.55300000000003
1657585529,AAVEUSDT,Sell,4.67,69.70,ZeroMinusTick,f74462d6-7bef-57db-a75a-59316714ec62,3.2549900000000004e+10,4.67,325.499
1657585550,AAVEUSDT,Sell,1.42,69.50,MinusTick,20ba60ac-d628-5e4d-ada8-92197cfa5241,9.869e+09,1.42,98.69
1657585552,AAVEUSDT,Sell,1.42,69.45,MinusTick,8623f3d8-4b49-5739-8a0c-1dc977df8a5b,9.8619e+09,1.42,98.619
1657585552,AAVEUSDT,Sell,11.78,69.45,ZeroMinusTick,02d86117-9981-52c9-a8fd-c08bf42b94f8,8.18121e+10,11.78,818.121
1657585552,AAVEUSDT,Sell,7,69.45,ZeroMinusTick,4e1af4cc-fb0c-5f0c-a771-ab946d86af73,4.8615e+10,7,486.15000000000003
1657585552,AAVEUSDT,Sell,10.19,69.45,ZeroMinusTick,2647ea51-7c2b-5594-9cb5-350d3649b7e2,7.076955e+10,10.19,707.6955
1657585552,AAVEUSDT,Sell,1.31,69.45,ZeroMinusTick,1503c717-0474-597b-82d4-ddb2e1738d3f,9.09795e+09,1.31,90.9795
1657585553,AAVEUSDT,Buy,10.25,69.45,ZeroMinusTick,bad2d367-ea1f-5eb4-8058-be23d6f4c10a,7.118625e+10,10.25,711.8625000000001
1657585561,AAVEUSDT,Sell,0.13,69.55,PlusTick,ccd89eda-6460-5a4a-9ea6-dd4eddceb8d4,9.041499999999999e+08,0.13,9.0415
1657585562,AAVEUSDT,Buy,7.1,69.55,ZeroMinusTick,177eb7d9-b31f-588c-a40d-3e3c5dfeffe8,4.938049999999999e+10,7.1,493.80499999999995
1657585570,AAVEUSDT,Sell,0.02,69.55,ZeroMinusTick,a89b9f59-7c83-5769-87ad-438343454abf,1.391e+08,0.02,1.391
1657585571,AAVEUSDT,Buy,1.65,69.60,PlusTick,1f785b68-63ab-5c8d-97f4-134d91d8050f,1.1483999999999998e+10,1.65,114.83999999999999
1657585574,AAVEUSDT,Buy,8.99,69.60,ZeroMinusTick,97780a32-8807-5e17-aa4a-98aa275f239d,6.257039999999999e+10,8.99,625.704
1657585577,AAVEUSDT,Sell,34.16,69.65,PlusTick,d4b3835f-c330-5bb3-b699-b11ca498d253,2.379244e+11,34.16,2379.244
1657585577,AAVEUSDT,Buy,3.54,69.70,PlusTick,a74c4c69-c0cf-5fa3-8373-b9b14850d9be,2.46738e+10,3.54,246.738
1657585605,AAVEUSDT,Sell,2.32,69.70,ZeroMinusTick,acb10ebb-f07a-5ed7-8893-2e4ea9fcfd68,1.61704e+10,2.32,161.704
1657585624,AAVEUSDT,Sell,7,69.65,MinusTick,c07486a2-4270-58aa-b9b3-1ad2fd6c740d,4.875500000000001e+10,7,487.55000000000007
1657585624,AAVEUSDT,Sell,41.25,69.65,ZeroMinusTick,cabd1b44-bd14-5f23-8f3f-3a6e947a3342,2.8730625000000006e+11,41.25,2873.0625000000005
1657585624,AAVEUSDT,Sell,14.21,69.65,ZeroMinusTick,b7ad957e-0d48-58cc-9507-9dcff06e0ea1,9.897265000000002e+10,14.21,989.7265000000001
1657585624,AAVEUSDT,Sell,6.36,69.65,ZeroMinusTick,3e3fb848-ac88-5a7f-961b-15ac2445b017,4.429740000000001e+10,6.36,442.97400000000005
1657585624,AAVEUSDT,Sell,9.25,69.65,ZeroMinusTick,0b7d3cb4-049a-5f3a-a44d-c8e17b67bfe8,6.442625000000001e+10,9.25,644.2625
1657585624,AAVEUSDT,Sell,3.93,69.60,MinusTick,782b0de9-344e-5941-aaa7-8ea2943e7d91,2.7352799999999996e+10,3.93,273.52799999999996
1657585639,AAVEUSDT,Sell,10.35,69.60,ZeroMinusTick,44902c36-96d2-5496-bbd2-4bead9a5388e,7.203599999999998e+10,10.35,720.3599999999999
1657585639,AAVEUSDT,Sell,1.83,69.55,MinusTick,eee25cdd-d12e-5766-a61a-a4d5d79c7ec5,1.272765e+10,1.83,127.2765
1657585639,AAVEUSDT,Sell,4.7,69.55,ZeroMinusTick,51cc3753-365a-5b68-be03-73e9fa4c030a,3.26885e+10,4.7,326.885
1657585639,AAVEUSDT,Sell,3.82,69.55,ZeroMinusTick,c391b999-7439-50c1-9d4e-9447c15554f4,2.65681e+10,3.82,265.681
1657585641,AAVEUSDT,Sell,1.42,69.55,ZeroMinusTick,a105b380-36ad-5820-a451-bc58587ec4e8,9.8761e+09,1.42,98.761
1657585641,AAVEUSDT,Sell,5.61,69.55,ZeroMinusTick,704c02fe-17d6-5642-b621-73347e9fb72d,3.901755e+10,5.61,390.1755
1657585641,AAVEUSDT,Sell,0.07,69.55,ZeroMinusTick,66bd4fca-7ff7-5135-ba8b-5a81e2a67f69,4.8685e+08,0.07,4.8685
1657585658,AAVEUSDT,Buy,0.67,69.55,ZeroMinusTick,787aa9b6-9e65-5719-8e08-29c9dd9674cd,4.65985e+09,0.67,46.5985
1657585662,AAVEUSDT,Buy,11.19,69.55,ZeroMinusTick,16e4a525-573e-59f8-af7e-7639bfb9febc,7.782644999999998e+10,11.19,778.2644999999999
1657585666,AAVEUSDT,Sell,6.36,69.55,ZeroMinusTick,e79796f5-c7ab-58b3-82e3-dc652a416a69,4.42338e+10,6.36,442.338
1657585669,AAVEUSDT,Sell,0.01,69.50,MinusTick,9462efec-2e79-5f81-8cb1-edb0959ea9b1,6.95e+07,0.01,0.6950000000000001
1657585669,AAVEUSDT,Buy,0.2,69.55,PlusTick,be34c84e-c7f9-511d-9127-d6da073167ff,1.391e+09,0.2,13.91
1657585669,AAVEUSDT,Buy,0.01,69.50,MinusTick,0f19c27c-1f9b-5052-b24b-7a6dd91f8477,6.95e+07,0.01,0.6950000000000001
1657585669,AAVEUSDT,Buy,2.49,69.50,ZeroMinusTick,cc788ad4-524a-5959-97e5-2c0828a95987,1.73055e+10,2.49,173.055
1657585674,AAVEUSDT,Buy,0.01,69.50,ZeroMinusTick,44051a95-cb92-5b32-ae22-ee74767c644b,6.95e+07,0.01,0.6950000000000001
1657585675,AAVEUSDT,Buy,9.25,69.55,PlusTick,9d8bb7ed-09e1-5228-9607-435b8f9421d4,6.433375e+10,9.25,643.3375
1657585675,AAVEUSDT,Buy,31.98,69.55,ZeroMinusTick,a1dfa1fa-e99d-51d2-8a11-056405d838e3,2.2242089999999997e+11,31.98,2224.209
1657585675,AAVEUSDT,Buy,7,69.55,ZeroMinusTick,e9e25b07-679f-540b-bad1-0689140b981f,4.8685e+10,7,486.84999999999997
1657585675,AAVEUSDT,Buy,14.16,69.55,ZeroMinusTick,a5135393-3590-5381-ba39-7e23c3004b4c,9.84828e+10,14.16,984.828
1657585675,AAVEUSDT,Buy,10.08,69.55,ZeroMinusTick,4ea9c4d3-a0c4-5413-be79-517e837e1579,7.01064e+10,10.08,701.064
1657585675,AAVEUSDT,Buy,21.05,69.55,ZeroMinusTick,ca899f55-a0a0-588f-ab8c-ca4f05393037,1.4640275e+11,21.05,1464.0275
1657585685,AAVEUSDT,Sell,6.26,69.55,ZeroMinusTick,50096dcb-4ff6-5b97-a7de-53707bd7208a,4.35383e+10,6.26,435.383
1657585685,AAVEUSDT,Sell,35.3,69.55,ZeroMinusTick,d3b4122d-8681-54cb-bc04-cd6860972f31,2.4551149999999997e+11,35.3,2455.115
1657585685,AAVEUSDT,Sell,6.11,69.55,ZeroMinusTick,0d453cd1-904e-59ea-8fcf-26700270e240,4.249505e+10,6.11,424.9505
1657585685,AAVEUSDT,Sell,37.22,69.55,ZeroMinusTick,b23b07bb-06e5-5c2c-861a-f3e4ee8c8e2a,2.5886509999999997e+11,37.22,2588.651
1657585685,AAVEUSDT,Sell,3.16,69.55,ZeroMinusTick,784be287-3230-53e4-8968-e00e71ec0e56,2.19778e+10,3.16,219.778
1657585685,AAVEUSDT,Sell,14.3,69.55,ZeroMinusTick,a6155fb6-613e-5bde-b358-5f2c2a84802e,9.94565e+10,14.3,994.565
1657585685,AAVEUSDT,Sell,31.89,69.55,ZeroMinusTick,e3b4f87a-9ff2-5324-8e88-9c1da7c9d9a0,2.2179495000000003e+11,31.89,2217.9495
1657585685,AAVEUSDT,Sell,38.01,69.55,ZeroMinusTick,716791d8-4503-58a3-ac3b-3e82e102b0d6,2.6435955e+11,38.01,2643.5955
1657585700,AAVEUSDT,Buy,41.25,69.50,MinusTick,2454725b-50bc-5d91-9aaa-0a3e0c01e04f,2.866875e+11,41.25,2866.875
1657585700,AAVEUSDT,Buy,9.25,69.50,ZeroMinusTick,a014e135-d4e1-5ee5-99f7-83878f74b2a9,6.42875e+10,9.25,642.875
1657585700,AAVEUSDT,Buy,12.79,69.50,ZeroMinusTick,a9296816-ffaa-5cfa-b5a3-2f8d7bf10e27,8.88905e+10,12.79,888.905
1657585700,AAVEUSDT,Buy,3.15,69.50,ZeroMinusTick,57e73280-582c-5e9e-81d1-8da09c835563,2.18925e+10,3.15,218.92499999999998
1657585701,AAVEUSDT,Sell,3.64,69.45,MinusTick,1572367a-5aa9-5d34-b0fe-501e9638d9f7,2.5279800000000004e+10,3.64,252.79800000000003
1657585701,AAVEUSDT,Sell,8.98,69.45,ZeroMinusTick,25198d36-e38e-5297-826c-cd6476fc8f26,6.236610000000001e+10,8.98,623.6610000000001
1657585704,AAVEUSDT,Buy,7,69.45,ZeroMinusTick,e1c6c2f8-a7a2-5263-8eae-2277ec560470,4.8615e+10,7,486.15000000000003
1657585704,AAVEUSDT,Buy,10.92,69.45,ZeroMinusTick,19e679a1-d939-5175-85ca-d820f018214b,7.58394e+10,10.92,758.394
1657585704,AAVEUSDT,Buy,9.25,69.45,ZeroMinusTick,b9d036c0-8dca-5ff4-b083-a14f6b654e4f,6.424125e+10,9.25,642.4125
1657585704,AAVEUSDT,Buy,13.7,69.45,ZeroMinusTick,cc79b90a-381e-57ca-88e8-edbf5803d97d,9.51465e+10,13.7,951.465
1657585704,AAVEUSDT,Buy,19.34,69.45,ZeroMinusTick,5af7151e-13bf-5b82-9794-6b88943fd871,1.343163e+11,19.34,1343.163
1657585704,AAVEUSDT,Buy,3.78,69.45,ZeroMinusTick,420e6d91-a22a-5907-9753-886dfb21bd4a,2.62521e+10,3.78,262.521
1657585704,AAVEUSDT,Buy,3.22,69.45,ZeroMinusTick,85d22da9-9804-5c79-81ed-6511c178e50b,2.2362900000000004e+10,3.22,223.62900000000002
1657585705,AAVEUSDT,Sell,11.17,69.45,ZeroMinusTick,9fb33b60-e907-5e79-9e98-23294711cdb3,7.757565e+10,11.17,775.7565000000001
1657585709,AAVEUSDT,Buy,13.37,69.55,PlusTick,000a8ed7-b34b-51ef-9a49-e07debbafc70,9.298834999999998e+10,13.37,929.8834999999999
1657585709,AAVEUSDT,Buy,1.42,69.55,ZeroMinusTick,746e985e-2bc2-5eff-a2b3-5b878eb901eb,9.8761e+09,1.42,98.761
1657585709,AAVEUSDT,Buy,2.87,69.55,ZeroMinusTick,1e890c08-f437-503c-b447-41911fc87c75,1.996085e+10,2.87,199.6085
1657585742,AAVEUSDT,Buy,0.01,69.60,PlusTick,5251fbcb-8fe0-5b1c-a479-c20279eee0f3,6.96e+07,0.01,0.696
1657585742,AAVEUSDT,Buy,0.02,69.60,ZeroMinusTick,75fec0a1-c3a8-53cd-b4c6-12864cc93f8f,1.392e+08,0.02,1.392
1657585742,AAVEUSDT,Buy,1.12,69.60,ZeroMinusTick,9808f116-c257-5266-8c27-b672c97267b5,7.7952e+09,1.12,77.952
1657585743,AAVEUSDT,Buy,5.17,69.60,ZeroMinusTick,e0932ada-1d35-5257-b142-7dce7417d96b,3.59832e+10,5.17,359.832
1657585743,AAVEUSDT,Buy,0.71,69.60,ZeroMinusTick,9e1782f5-d416-53b8-b262-a56c985f223a,4.9416e+09,0.71,49.416
1657585743,AAVEUSDT,Buy,19.78,69.60,ZeroMinusTick,8845d296-5f00-583a-bf66-c7eb076227ea,1.376688e+11,19.78,1376.6879999999999
1657585743,AAVEUSDT,Buy,13.97,69.60,ZeroMinusTick,a737ac30-6858-594f-8b16-a0c9bb000537,9.72312e+10,13.97,972.312
1657585743,AAVEUSDT,Buy,9.25,69.60,ZeroMinusTick,ed4c28a0-e7dc-5de9-a3fe-e084ebcd6a44,6.437999999999999e+10,9.25,643.8
1657585743,AAVEUSDT,Buy,11.38,69.65,PlusTick,70d4b567-59e9-5c93-a927-c28f2ff396af,7.92617e+10,11.38,792.6170000000001
1657585743,AAVEUSDT,Buy,9.25,69.65,ZeroMinusTick,1883185f-fbc6-5fd0-a71d-de85ba73b03e,6.442625000000001e+10,9.25,644.2625
1657585743,AAVEUSDT,Buy,3.16,69.65,ZeroMinusTick,4ab121f1-9106-5c49-ad08-860712486de6,2.2009400000000004e+10,3.16,220.09400000000002
1657585743,AAVEUSDT,Buy,71.43,69.65,ZeroMinusTick,c38b69d7-1635-5831-9fd8-3f54b31583fa,4.975099500000001e+11,71.43,4975.099500000001
1657585743,AAVEUSDT,Buy,7,69.65,ZeroMinusTick,8fed40f4-1066-52fd-9b7b-f578f6b8169a,4.875500000000001e+10,7,487.55000000000007
1657585743,AAVEUSDT,Buy,8.7,69.70,PlusTick,72adf14f-ef08-5864-ac36-e4c81dba60c4,6.0639e+10,8.7,606.39
1657585743,AAVEUSDT,Buy,8.7,69.70,ZeroMinusTick,64d5537b-b7f1-5852-b33d-9b516e5541c4,6.0639e+10,8.7,606.39
1657585743,AAVEUSDT,Buy,8.7,69.70,ZeroMinusTick,34bc7c30-79a6-5872-af09-73788d44fc4d,6.0639e+10,8.7,606.39
1657585766,AAVEUSDT,Buy,0.02,69.75,PlusTick,fb802626-5baf-5deb-b493-a84acb07cd15,1.395e+08,0.02,1.395
1657585766,AAVEUSDT,Buy,0.38,69.75,ZeroMinusTick,27f8d9fc-696a-519f-8580-a3935175daac,2.6505e+09,0.38,26.505
1657585787,AAVEUSDT,Buy,42.31,69.75,ZeroMinusTick,b5241394-85d0-56dc-ad2b-1e85d8e52317,2.9511225e+11,42.31,2951.1225
1657585787,AAVEUSDT,Buy,13.97,69.75,ZeroMinusTick,bcbc31bb-e812-57d5-becc-99cf6e739f49,9.744075e+10,13.97,974.4075
1657585787,AAVEUSDT,Buy,12.07,69.75,ZeroMinusTick,17ddf765-f0ef-5e69-9b30-66eae845d5d9,8.418825e+10,12.07,841.8825
1657585787,AAVEUSDT,Buy,9.25,69.75,ZeroMinusTick,f0b6f5ab-4fdb-594a-ad76-406dcd83703d,6.451875e+10,9.25,645.1875
1657585787,AAVEUSDT,Buy,4.82,69.75,ZeroMinusTick,deb8c855-e54a-5541-b908-7b8a53655c26,3.36195e+10,4.82,336.195
1657585791,AAVEUSDT,Buy,0.06,69.75,ZeroMinusTick,71f3cbdb-3188-52ca-bed5-5a3bca320ff5,4.1849999999999994e+08,0.06,4.185
1657585792,AAVEUSDT,Buy,4.91,69.75,ZeroMinusTick,4d79fdd9-b907-5dc4-87d2-ad236842fd70,3.4247250000000004e+10,4.91,342.4725
1657585800,AAVEUSDT,Sell,37.23,69.70,MinusTick,735bc641-7fe4-5920-91a9-b01dbfd4e37f,2.594931e+11,37.23,2594.931
1657585800,AAVEUSDT,Sell,7,69.70,ZeroMinusTick,cca6a541-08de-5df3-bddd-7f06944d27fb,4.879e+10,7,487.90000000000003
1657585804,AAVEUSDT,Buy,12.33,69.65,MinusTick,328280bc-6a19-5f84-842e-adcbfc77cd93,8.587845000000002e+10,12.33,858.7845000000001
1657585807,AAVEUSDT,Buy,0.5,69.75,PlusTick,c1e30953-e174-5057-a4cb-2b14cea58936,3.4875e+09,0.5,34.875
1657585808,AAVEUSDT,Buy,0.5,69.75,ZeroMinusTick,4b4b9dc1-85a0-5d70-8938-762cce58481e,3.4875e+09,0.5,34.875
1657585811,AAVEUSDT,Sell,11.13,69.70,MinusTick,f26f1dfb-9e82-584e-8130-d8ad532801c0,7.757610000000002e+10,11.13,775.7610000000001
1657585811,AAVEUSDT,Sell,10.27,69.70,ZeroMinusTick,9790457b-bd57-52b3-801a-8fc2123aa0f5,7.15819e+10,10.27,715.819
1657585811,AAVEUSDT,Sell,12.66,69.70,ZeroMinusTick,3e043679-3577-5890-a1f3-b499d7a142d7,8.82402e+10,12.66,882.402
1657585811,AAVEUSDT,Sell,18.68,69.70,ZeroMinusTick,06e83058-2541-5bbe-bb4d-a0fff0067737,1.3019960000000002e+11,18.68,1301.996
1657585811,AAVEUSDT,Sell,7,69.70,ZeroMinusTick,4f47eaa1-6081-5eda-86e7-868bfdc35bba,4.879e+10,7,487.90000000000003
1657585811,AAVEUSDT,Sell,6.36,69.70,ZeroMinusTick,d10ba9e5-b887-5a61-9a0b-8df8801dc26e,4.43292e+10,6.36,443.29200000000003
1657585811,AAVEUSDT,Sell,3.58,69.70,ZeroMinusTick,f04b2f49-a4cf-533c-808e-06e9ada5530f,2.49526e+10,3.58,249.526
1657585811,AAVEUSDT,Sell,9.25,69.70,ZeroMinusTick,b2f512ee-bdf9-5333-bd17-e64adf542e83,6.44725e+10,9.25,644.725
1657585811,AAVEUSDT,Sell,21.07,69.70,ZeroMinusTick,47117f27-89f4-5f84-bcdd-3f4d257c1e02,1.4685790000000003e+11,21.07,1468.5790000000002
1657585822,AAVEUSDT,Buy,6.36,69.60,MinusTick,74ecd578-474c-5e93-80a2-c7fad003ef66,4.42656e+10,6.36,442.656
1657585839,AAVEUSDT,Sell,11.46,69.55,MinusTick,225ba873-12ce-54a9-8251-7a82f04533e0,7.97043e+10,11.46,797.043
1657585839,AAVEUSDT,Sell,2.07,69.55,ZeroMinusTick,2139cb7a-4d0c-5e6f-90f3-a9ca8c0bbf7c,1.4396849999999998e+10,2.07,143.96849999999998
1657585839,AAVEUSDT,Sell,1.85,69.55,ZeroMinusTick,14dcef4c-842e-531b-b784-2d8d3bbe2f28,1.2866749999999998e+10,1.85,128.6675
1657585839,AAVEUSDT,Sell,51.06,69.55,ZeroMinusTick,c354dada-5d9c-5a85-ba71-1da8e5c1b912,3.551223e+11,51.06,3551.223
1657585842,AAVEUSDT,Sell,1.42,69.50,MinusTick,ac86a721-9cfa-52f7-bb19-8d970cbdeada,9.869e+09,1.42,98.69
1657585842,AAVEUSDT,Sell,5.89,69.50,ZeroMinusTick,8492f8da-5012-55ba-ad87-c40d804c70f3,4.093549999999999e+10,5.89,409.35499999999996
1657585842,AAVEUSDT,Sell,3.36,69.50,ZeroMinusTick,4d08c180-4482-5b2d-a304-73417405bbb3,2.3352e+10,3.36,233.51999999999998
1657585842,AAVEUSDT,Sell,6.08,69.50,ZeroMinusTick,6b4a625d-0114-50b9-b2c6-7966fe195f70,4.2256e+10,6.08,422.56
1657585846,AAVEUSDT,Sell,5.86,69.45,MinusTick,9847c88e-9c35-5e35-a0c1-2afabea51b6e,4.06977e+10,5.86,406.97700000000003
1657585847,AAVEUSDT,Sell,10.38,69.40,MinusTick,e29f63ac-3da2-5fc9-8a43-5ad58b2cca8d,7.20372e+10,10.38,720.3720000000001
1657585847,AAVEUSDT,Sell,2.32,69.40,ZeroMinusTick,3c117c7a-5fd8-5403-9787-d57bcd0ca5b3,1.6100800000000002e+10,2.32,161.008
1657585847,AAVEUSDT,Sell,1.54,69.40,ZeroMinusTick,6f30b2d7-7b1c-50be-b3dd-effe3b395d6f,1.06876e+10,1.54,106.876
1657585847,AAVEUSDT,Sell,0.2,69.40,ZeroMinusTick,c6867239-0428-5d0e-9df8-3e05288d7e89,1.3880000000000002e+09,0.2,13.880000000000003
1657585847,AAVEUSDT,Sell,1.22,69.40,ZeroMinusTick,e91365cd-8689-585e-9df8-f920bb93ece9,8.466800000000001e+09,1.22,84.668
1657585847,AAVEUSDT,Sell,7,69.40,ZeroMinusTick,4591e6ef-8e43-55be-b023-0d0cef835fa5,4.858000000000001e+10,7,485.80000000000007
1657585854,AAVEUSDT,Buy,12.83,69.50,PlusTick,e2a2b070-8290-5912-901e-7b1a597984d6,8.91685e+10,12.83,891.6850000000001
1657585857,AAVEUSDT,Sell,0.14,69.50,ZeroMinusTick,3695815e-8411-553e-be65-272fc784e529,9.73e+08,0.14,9.73
1657585858,AAVEUSDT,Buy,12.01,69.55,PlusTick,9f6f6601-fc11-5bc9-a865-d36b93855337,8.352955e+10,12.01,835.2955
1657585858,AAVEUSDT,Buy,28.77,69.60,PlusTick,c54b1099-77b9-5395-b80a-d737eaa2b144,2.0023919999999997e+11,28.77,2002.3919999999998
1657585858,AAVEUSDT,Buy,1.42,69.60,ZeroMinusTick,67bc6652-78c0-575c-8260-745d1a925698,9.8832e+09,1.42,98.832
1657585858,AAVEUSDT,Buy,0.02,69.60,ZeroMinusTick,23fa04c5-0688-5bd3-b7d3-022ba2ba68c1,1.392e+08,0.02,1.392
1657585858,AAVEUSDT,Buy,11.14,69.60,ZeroMinusTick,3c1fd5f3-835a-5215-8474-09e02b840a26,7.75344e+10,11.14,775.3439999999999
1657585858,AAVEUSDT,Buy,7,69.60,ZeroMinusTick,67476ef7-7fe4-5f65-87c2-7f8a0b7576d3,4.871999999999999e+10,7,487.19999999999993
1657585858,AAVEUSDT,Buy,10.9,69.60,ZeroMinusTick,facfce63-9e21-521b-9a05-21965d8901bf,7.5864e+10,10.9,758.64
1657585858,AAVEUSDT,Buy,28.74,69.65,PlusTick,cd78dd1f-44ef-50b1-9e57-3aed780786b0,2.001741e+11,28.74,2001.741
1657585871,AAVEUSDT,Buy,0.01,69.65,ZeroMinusTick,b33c66e9-8eff-568b-b531-445214659fe1,6.965000000000001e+07,0.01,0.6965000000000001
1657585871,AAVEUSDT,Sell,0.09,69.65,ZeroMinusTick,59258dd8-deb7-5719-8412-e9d9b5d8ac77,6.2685e+08,0.09,6.2685
1657585894,AAVEUSDT,Buy,25.31,69.60,MinusTick,b223fb1e-7e56-5a29-b141-9db9f2dacb5a,1.7615759999999997e+11,25.31,1761.5759999999998
1657585933,AAVEUSDT,Buy,10.84,69.60,ZeroMinusTick,1bf7ed6c-005b-54eb-87fb-e19db0b64cb5,7.54464e+10,10.84,754.4639999999999
1657585933,AAVEUSDT,Buy,10.44,69.60,ZeroMinusTick,f9728dba-d118-5604-a7f2-08ce2e60052c,7.266239999999998e+10,10.44,726.6239999999999
1657585933,AAVEUSDT,Buy,12.96,69.60,ZeroMinusTick,26da0ffa-99a8-599a-84a6-98aa8eac4c2a,9.02016e+10,12.96,902.016
1657585933,AAVEUSDT,Buy,11.05,69.65,PlusTick,184076cf-2d0d-552d-885d-2a4c1da2caf3,7.696325000000002e+10,11.05,769.6325000000002
1657585933,AAVEUSDT,Buy,50,69.65,ZeroMinusTick,231f6468-6af6-527d-a615-60580ec6c9d3,3.4825000000000006e+11,50,3482.5000000000005
1657585937,AAVEUSDT,Buy,20.76,69.70,PlusTick,0a41d583-874b-5d41-a72b-35745468a4cf,1.4469720000000003e+11,20.76,1446.9720000000002
1657585938,AAVEUSDT,Buy,9.24,69.70,ZeroMinusTick,c677a6e4-495c-5b21-b6ad-e4bbb8dc3e6c,6.44028e+10,9.24,644.028
1657585939,AAVEUSDT,Buy,7,69.70,ZeroMinusTick,fa9234cf-b955-5b87-a9a6-c5208dce8538,4.879e+10,7,487.90000000000003
1657585939,AAVEUSDT,Buy,4.34,69.75,PlusTick,3ec2899d-793c-59d3-a901-a7ceb90e939c,3.0271499999999996e+10,4.34,302.715
1657585939,AAVEUSDT,Buy,3.66,69.75,ZeroMinusTick,5b2e6c74-48f2-5323-9cf6-de80ad513aab,2.55285e+10,3.66,255.285
1657585939,AAVEUSDT,Buy,0.06,69.75,ZeroMinusTick,70032c0f-4756-50e3-9047-ced93c2f4ec2,4.1849999999999994e+08,0.06,4.185
1657585942,AAVEUSDT,Sell,1.42,69.65,MinusTick,ff1d749c-9f99-5dc8-8b27-2162eaf3e1ee,9.8903e+09,1.42,98.903
1657585968,AAVEUSDT,Buy,9.25,69.70,PlusTick,90718694-0c39-5633-8a3d-fb157328277a,6.44725e+10,9.25,644.725
1657585968,AAVEUSDT,Buy,35.16,69.70,ZeroMinusTick,c46549d1-f0db-5a76-a700-0cede066978c,2.450652e+11,35.16,2450.652
1657585968,AAVEUSDT,Buy,8.08,69.70,ZeroMinusTick,0fa736fc-b1f5-541b-8bb2-3899e44f207f,5.631760000000001e+10,8.08,563.176
1657585974,AAVEUSDT,Buy,7,69.70,ZeroMinusTick,c2ad01e6-9049-559f-93b4-3a423d10b33e,4.879e+10,7,487.90000000000003
1657585998,AAVEUSDT,Sell,39.53,69.70,ZeroMinusTick,c71af22b-5acd-53a4-814b-34b5d7d1f3e0,2.755241e+11,39.53,2755.241
1657586001,AAVEUSDT,Buy,0.06,69.75,PlusTick,fe83d39a-6095-56d4-bab8-d3dfbe3552d9,4.1849999999999994e+08,0.06,4.185
1657586003,AAVEUSDT,Sell,0.06,69.70,MinusTick,684e8ac6-cde1-5127-aaa0-a6df5771c05c,4.1820000000000006e+08,0.06,4.182
1657586028,AAVEUSDT,Sell,43.16,69.70,ZeroMinusTick,9d126c8a-0fdd-5fc9-9386-37b4b2de98b0,3.008252e+11,43.16,3008.252
1657586028,AAVEUSDT,Sell,43.14,69.70,ZeroMinusTick,488131f8-e34b-57b3-ab00-705192ffd624,3.006858e+11,43.14,3006.858
1657586028,AAVEUSDT,Sell,0.01,69.70,ZeroMinusTick,2301eb74-bb05-585a-a556-1a72e4ffc6e1,6.97e+07,0.01,0.6970000000000001
1657586064,AAVEUSDT,Sell,0.01,69.75,PlusTick,d5872f0b-bed7-5b9a-b549-a9349bc35ac4,6.975e+07,0.01,0.6975
1657586091,AAVEUSDT,Buy,0.05,69.65,MinusTick,21633595-a521-5e74-b9cf-27f98184a753,3.4825000000000006e+08,0.05,3.4825000000000004
1657586100,AAVEUSDT,Buy,0.01,69.70,PlusTick,0ff208be-87fc-5994-9b80-7dc45aff7aac,6.97e+07,0.01,0.6970000000000001
1657586104,AAVEUSDT,Sell,37.19,69.65,MinusTick,7876dd13-b41c-50ff-9bb3-6f26e79b58f9,2.5902835e+11,37.19,2590.2835
1657586148,AAVEUSDT,Buy,7,69.70,PlusTick,9b55718e-ac90-55b7-96f2-fadf8fb4ed30,4.879e+10,7,487.90000000000003
1657586154,AAVEUSDT,Buy,0.01,69.75,PlusTick,2b7cc80c-6710-5dde-a20b-3627227ddf86,6.975e+07,0.01,0.6975
1657586154,AAVEUSDT,Buy,9.25,69.75,ZeroMinusTick,6e8a7cbe-9c94-5e35-949c-e85ad9c20c2b,6.451875e+10,9.25,645.1875
1657586154,AAVEUSDT,Buy,21.59,69.75,ZeroMinusTick,04f357ae-ed0e-533f-b69c-f443375fb826,1.5059025e+11,21.59,1505.9025
1657586167,AAVEUSDT,Buy,7,69.75,ZeroMinusTick,2e47f3bb-e753-587f-bf28-13430ce88a87,4.8825e+10,7,488.25
1657586205,AAVEUSDT,Buy,0.02,69.75,ZeroMinusTick,374a0d3b-a064-5ffe-8b21-22c722da5fd9,1.395e+08,0.02,1.395
1657586205,AAVEUSDT,Buy,50.03,69.75,ZeroMinusTick,49e526ee-fe24-5e33-b6ef-c72868deb694,3.4895925e+11,50.03,3489.5925
1657586205,AAVEUSDT,Buy,9.25,69.75,ZeroMinusTick,f1ff9608-c976-5cfc-819f-e859a7906d5d,6.451875e+10,9.25,645.1875
1657586219,AAVEUSDT,Sell,6.26,69.70,MinusTick,c349a846-bd10-5451-90e4-118bfd8d5bdd,4.36322e+10,6.26,436.322
1657586241,AAVEUSDT,Buy,18.29,69.80,PlusTick,3e2d0964-bd18-523e-ac1e-8f1f9bbc6473,1.2766419999999998e+11,18.29,1276.6419999999998
1657586246,AAVEUSDT,Buy,27.76,69.80,ZeroMinusTick,3353ffa6-43cc-5af6-8b7d-754f101ad786,1.937648e+11,27.76,1937.6480000000001
1657586246,AAVEUSDT,Buy,3.87,69.80,ZeroMinusTick,b88beabb-7870-5bf9-aa5a-b10903bc00be,2.7012599999999996e+10,3.87,270.126
1657586246,AAVEUSDT,Buy,31.51,69.80,ZeroMinusTick,bd4ff817-2f8d-5f75-9e5c-9f242e3e0f77,2.199398e+11,31.51,2199.398
1657586246,AAVEUSDT,Buy,8.66,69.80,ZeroMinusTick,9c40287a-bd2e-5ee5-aaf4-ad8027f73566,6.044679999999999e+10,8.66,604.468
1657586246,AAVEUSDT,Buy,0.03,69.80,ZeroMinusTick,11a32e4b-cd94-5109-974b-4839abdd12d0,2.094e+08,0.03,2.094
1657586258,AAVEUSDT,Sell,11.82,69.70,MinusTick,9c82cdea-cbcf-5f44-92bf-b37363759288,8.23854e+10,11.82,823.854
1657586258,AAVEUSDT,Sell,15.69,69.70,ZeroMinusTick,4c6fc92e-e982-5d75-8f24-b7ec50e64561,1.093593e+11,15.69,1093.593
1657586291,AAVEUSDT,Buy,0.08,69.75,PlusTick,7ea82cb7-937a-5652-bf2c-88b5ff4780e6,5.58e+08,0.08,5.58
1657586304,AAVEUSDT,Buy,1.22,69.70,MinusTick,bdd57756-6243-5c53-972d-d6368d40541a,8.503400000000001e+09,1.22,85.034
1657586320,AAVEUSDT,Buy,0.38,69.70,ZeroMinusTick,37e94df6-4a68-5068-9cf1-06e23a99c4ff,2.6486e+09,0.38,26.486
1657586325,AAVEUSDT,Buy,0.02,69.70,ZeroMinusTick,43d95526-a6ae-575d-b52a-eed87cb94fe2,1.394e+08,0.02,1.3940000000000001
1657586335,AAVEUSDT,Buy,5.64,69.75,PlusTick,7713b6c6-b1a3-5b05-b31d-7103e7d63240,3.9339e+10,5.64,393.39
1657586341,AAVEUSDT,Buy,1.42,69.80,PlusTick,97e6c966-8601-5eeb-bebf-25d2846cb73d,9.911599999999998e+09,1.42,99.11599999999999
1657586341,AAVEUSDT,Buy,63.72,69.80,ZeroMinusTick,b89aeece-f23d-5f93-a0cd-f12047c728a6,4.447656e+11,63.72,4447.656
1657586341,AAVEUSDT,Buy,35.16,69.80,ZeroMinusTick,e0f32856-13e4-58b7-bbfd-1a1e697888dc,2.4541679999999997e+11,35.16,2454.1679999999997
1657586341,AAVEUSDT,Buy,17.38,69.80,ZeroMinusTick,caed1a6a-51b5-5030-801c-052cb0e55ddc,1.2131239999999998e+11,17.38,1213.1239999999998
1657586341,AAVEUSDT,Buy,3.58,69.80,ZeroMinusTick,e4ca4694-34d3-5e59-a480-d88d563784d1,2.49884e+10,3.58,249.884
1657586341,AAVEUSDT,Buy,9.25,69.80,ZeroMinusTick,6baac68b-ecc2-5226-8d81-436404b5c876,6.4565e+10,9.25,645.65
1657586341,AAVEUSDT,Buy,7,69.80,ZeroMinusTick,951f69ce-75d4-5322-9797-806ed514a58d,4.886e+10,7,488.59999999999997
1657586341,AAVEUSDT,Buy,1.42,69.85,PlusTick,d01b90fc-8dfc-5feb-aa29-6299cff7c585,9.918699999999998e+09,1.42,99.18699999999998
1657586341,AAVEUSDT,Buy,2.87,69.85,ZeroMinusTick,403679a0-f856-5d02-ab6a-908f708aa7e9,2.004695e+10,2.87,200.46949999999998
1657586341,AAVEUSDT,Buy,3.75,69.85,ZeroMinusTick,6dfd3e68-8dc9-5340-ac28-f683c2144180,2.619375e+10,3.75,261.9375
1657586356,AAVEUSDT,Buy,9.25,69.80,MinusTick,687acd42-7468-5fed-9104-59ea4cd71b34,6.4565e+10,9.25,645.65
1657586356,AAVEUSDT,Buy,1.17,69.80,ZeroMinusTick,7dee3d7a-2540-5421-a766-deb6bc075ac3,8.1666e+09,1.17,81.666
1657586359,AAVEUSDT,Buy,1.73,69.80,ZeroMinusTick,85fcaaac-5ce6-5e16-a28b-e209ccc61aa3,1.20754e+10,1.73,120.75399999999999
1657586372,AAVEUSDT,Buy,0.01,69.80,ZeroMinusTick,9c504801-4441-50fc-afb8-b0a279611041,6.98e+07,0.01,0.698
1657586376,AAVEUSDT,Sell,0.01,69.80,ZeroMinusTick,a31aea6e-4e90-5a96-8d96-886176efb66a,6.98e+07,0.01,0.698
1657586377,AAVEUSDT,Buy,2.49,69.80,ZeroMinusTick,85e23d3d-2619-5c8c-91ff-09e8cd463ac2,1.7380200000000004e+10,2.49,173.80200000000002
1657586380,AAVEUSDT,Sell,5.49,69.80,ZeroMinusTick,d5113bbc-c169-5b6a-aad7-73b2a1af547e,3.83202e+10,5.49,383.202
1657586380,AAVEUSDT,Sell,5.46,69.80,ZeroMinusTick,75486cd4-f7f0-574b-a955-7c8ff804eee8,3.81108e+10,5.46,381.108
1657586381,AAVEUSDT,Buy,7,69.80,ZeroMinusTick,aab7cc7a-b935-568e-8708-ca7f7d1aa87a,4.886e+10,7,488.59999999999997
1657586381,AAVEUSDT,Buy,0.1,69.85,PlusTick,924fbcca-bff8-5323-ac99-4b71b82989da,6.985e+08,0.1,6.984999999999999
1657586381,AAVEUSDT,Buy,0.11,69.80,MinusTick,9dca746a-1fd2-5102-84a9-85c3408f5eec,7.678e+08,0.11,7.678
1657586385,AAVEUSDT,Buy,5,69.80,ZeroMinusTick,c00b3a65-45a2-5c7b-baee-7b5e96ecd110,3.49e+10,5,349
1657586400,AAVEUSDT,Buy,0.01,69.80,ZeroMinusTick,c606588e-be5e-5f29-b208-4178803b0d9c,6.98e+07,0.01,0.698
1657586400,AAVEUSDT,Buy,1.2,69.80,ZeroMinusTick,3ba0ef74-1aa0-5612-a00e-fced388d21c8,8.375999999999999e+09,1.2,83.75999999999999
1657586412,AAVEUSDT,Sell,35.16,69.70,MinusTick,1d12f324-1375-54d0-b692-6e5f80398501,2.450652e+11,35.16,2450.652
1657586412,AAVEUSDT,Sell,12.11,69.70,ZeroMinusTick,740bf00c-7a51-55a8-9700-00365a9ca132,8.44067e+10,12.11,844.067
1657586420,AAVEUSDT,Buy,7,69.75,PlusTick,19573161-3f76-577d-9728-ed5196cc6ea2,4.8825e+10,7,488.25
1657586420,AAVEUSDT,Buy,37.48,69.75,ZeroMinusTick,44c5c4fe-0913-5bb7-859d-58d9e486c126,2.6142299999999997e+11,37.48,2614.2299999999996
1657586420,AAVEUSDT,Buy,5.52,69.80,PlusTick,9d75bcbb-6231-58dd-b3c7-f062ec1b2fd8,3.852959999999999e+10,5.52,385.29599999999994
1657586436,AAVEUSDT,Buy,4.97,69.70,MinusTick,b4b44f6e-8bca-52a2-bb11-2f58182bf84b,3.46409e+10,4.97,346.409
1657586451,AAVEUSDT,Buy,0.01,69.70,ZeroMinusTick,10063425-61a6-5144-beba-427da0de4c3f,6.97e+07,0.01,0.6970000000000001
1657586454,AAVEUSDT,Sell,4.29,69.60,MinusTick,57580cdd-7cca-58aa-9c20-42ca8ff43647,2.98584e+10,4.29,298.584
1657586473,AAVEUSDT,Buy,0.27,69.70,PlusTick,3937c72b-120c-56b5-8323-673970b16eff,1.8819000000000002e+09,0.27,18.819000000000003
1657586484,AAVEUSDT,Buy,0.09,69.70,ZeroMinusTick,e7cb8559-b569-5633-b72c-215c82a3048e,6.273e+08,0.09,6.273
1657586509,AAVEUSDT,Buy,0.02,69.75,PlusTick,6da4ab3a-fde2-5582-a628-685a501ee71c,1.395e+08,0.02,1.395
1657586522,AAVEUSDT,Sell,4.73,69.70,MinusTick,dd746282-e530-5bed-8d79-2a702e72bf1e,3.2968100000000004e+10,4.73,329.68100000000004
1657586531,AAVEUSDT,Buy,0.13,69.70,ZeroMinusTick,ac945df8-5176-58bb-8292-20abeb222f87,9.061e+08,0.13,9.061
1657586560,AAVEUSDT,Sell,5.14,69.60,MinusTick,cbfd75be-4ec8-5a94-8134-b175ceef5aca,3.57744e+10,5.14,357.74399999999997
1657586569,AAVEUSDT,Sell,7.54,69.60,ZeroMinusTick,88b6f720-2c9d-5596-aedc-bcb3606131a7,5.24784e+10,7.54,524.784
1657586570,AAVEUSDT,Sell,15,69.60,ZeroMinusTick,d46e4fdf-8070-573e-a364-791905dc2ad8,1.044e+11,15,1044
1657586589,AAVEUSDT,Buy,0.02,69.65,PlusTick,b41c248d-37cf-54f2-b363-460e753252b0,1.3930000000000003e+08,0.02,1.3930000000000002
1657586589,AAVEUSDT,Buy,1.43,69.65,ZeroMinusTick,80ebd584-b380-51dd-9ba7-c8b8d0784443,9.95995e+09,1.43,99.5995
1657586589,AAVEUSDT,Buy,1.55,69.65,ZeroMinusTick,52f92f3d-81f5-52c6-b1eb-e7cd5eae157b,1.0795750000000002e+10,1.55,107.95750000000001
1657586597,AAVEUSDT,Sell,4.42,69.60,MinusTick,24e26274-f301-5fb2-be39-4969e588ba1f,3.0763199999999996e+10,4.42,307.63199999999995
1657586602,AAVEUSDT,Buy,0.44,69.65,PlusTick,2bcdcd5a-c0a9-54df-9fc8-4823c58293b9,3.0646000000000005e+09,0.44,30.646000000000004
1657586613,AAVEUSDT,Sell,5.54,69.60,MinusTick,bde37b44-7c3c-5f3c-baad-672f1e1ab4fa,3.855839999999999e+10,5.54,385.58399999999995
1657586636,AAVEUSDT,Buy,0.3,69.70,PlusTick,75061202-85a1-5915-92da-3ed73cd59aa4,2.091e+09,0.3,20.91
1657586636,AAVEUSDT,Buy,14.45,69.70,ZeroMinusTick,dad792ec-b64c-5117-afe2-6116ea4c9ad3,1.007165e+11,14.45,1007.165
1657586636,AAVEUSDT,Buy,0.01,69.70,ZeroMinusTick,c2c682fc-c0f7-5d20-923f-79dc81ba19ac,6.97e+07,0.01,0.6970000000000001
1657586636,AAVEUSDT,Buy,2.87,69.75,PlusTick,947ce1e8-ab9e-5450-962f-9c72d5e4b013,2.001825e+10,2.87,200.1825
1657586636,AAVEUSDT,Buy,1.43,69.75,ZeroMinusTick,1d36e2d7-d2b5-5d16-bc77-f1922f10d6a8,9.97425e+09,1.43,99.74249999999999
1657586636,AAVEUSDT,Buy,0.02,69.75,ZeroMinusTick,3d5a473e-1d99-507d-8d18-0856744a657c,1.395e+08,0.02,1.395
1657586636,AAVEUSDT,Buy,3.38,69.75,ZeroMinusTick,68442c2a-6773-5ad4-91cf-dc66c4355567,2.35755e+10,3.38,235.755
1657586690,AAVEUSDT,Buy,34.03,69.75,ZeroMinusTick,38ef7cda-b257-50ea-9c23-df16eb3af709,2.3735925000000003e+11,34.03,2373.5925
1657586690,AAVEUSDT,Buy,9.25,69.75,ZeroMinusTick,0e13d3c8-2f16-5e3e-be5f-35b62e310435,6.451875e+10,9.25,645.1875
1657586690,AAVEUSDT,Buy,7,69.75,ZeroMinusTick,4f1c3ff3-9bd9-5282-83b5-efe8bf7e5c0b,4.8825e+10,7,488.25
1657586690,AAVEUSDT,Buy,19.49,69.80,PlusTick,5b7963dc-2d01-599a-b2ae-bd8f9062c671,1.3604019999999998e+11,19.49,1360.4019999999998
1657586691,AAVEUSDT,Sell,0.06,69.75,MinusTick,84c4575c-a903-5703-a1b6-b7a29230750b,4.1849999999999994e+08,0.06,4.185
1657586715,AAVEUSDT,Buy,0.02,69.75,ZeroMinusTick,b3b0c983-6fe0-5d37-a26b-5b0f91812dcc,1.395e+08,0.02,1.395
1657586723,AAVEUSDT,Buy,9.25,69.75,ZeroMinusTick,ecae0771-73b7-59c7-9c1d-8e4e4ca3c23c,6.451875e+10,9.25,645.1875
1657586723,AAVEUSDT,Buy,35.16,69.75,ZeroMinusTick,30a50c61-f273-5843-8827-2580de7f96e4,2.45241e+11,35.16,2452.41
1657586723,AAVEUSDT,Buy,0.01,69.75,ZeroMinusTick,ec1667c5-1889-504b-b1d8-860705a92e0b,6.975e+07,0.01,0.6975
1657586723,AAVEUSDT,Buy,10.67,69.75,ZeroMinusTick,cc3b152c-a10a-5800-8c8b-3abccc07da5e,7.442325e+10,10.67,744.2325
1657586723,AAVEUSDT,Buy,7.16,69.75,ZeroMinusTick,35711616-59b8-516d-858f-edf2e4475097,4.9941e+10,7.16,499.41
1657586723,AAVEUSDT,Buy,7,69.75,ZeroMinusTick,51806248-f82c-5f88-b27f-0fbd308fb528,4.8825e+10,7,488.25
1657586723,AAVEUSDT,Buy,0.28,69.80,PlusTick,1c68c972-899f-50ba-8e9f-eec8cde01f46,1.9544e+09,0.28,19.544
1657586729,AAVEUSDT,Buy,1.15,69.80,ZeroMinusTick,ccaa39ab-08bb-5a2e-b741-0b9fc112de84,8.027e+09,1.15,80.27
1657586729,AAVEUSDT,Buy,3.58,69.80,ZeroMinusTick,e264591c-5cb8-5dfb-aa2f-2bc2394f261f,2.49884e+10,3.58,249.884
1657586729,AAVEUSDT,Buy,29.15,69.80,ZeroMinusTick,debd9f2f-1d2a-55dd-8322-1ba52f560c21,2.0346699999999997e+11,29.15,2034.6699999999998
1657586729,AAVEUSDT,Buy,2.87,69.80,ZeroMinusTick,dcb529f8-a85d-5f37-b45e-65c63543af12,2.00326e+10,2.87,200.326
1657586729,AAVEUSDT,Buy,11.46,69.80,ZeroMinusTick,7855a0e1-e4ec-5363-8c5d-353f104af14b,7.99908e+10,11.46,799.908
1657586729,AAVEUSDT,Buy,11.46,69.80,ZeroMinusTick,c46a5337-52a6-569f-89b6-71f08aa041be,7.99908e+10,11.46,799.908
1657586729,AAVEUSDT,Buy,2.14,69.80,ZeroMinusTick,0575cd54-40b2-581b-9df6-c3d008aee3f4,1.4937200000000002e+10,2.14,149.372
1657586729,AAVEUSDT,Buy,6.36,69.80,ZeroMinusTick,4d763ba4-e2c8-5838-8f2c-97878abe2dc8,4.43928e+10,6.36,443.928
1657586729,AAVEUSDT,Buy,65.35,69.80,ZeroMinusTick,681ecabe-9b58-588c-91ff-872f4576e74d,4.5614299999999994e+11,65.35,4561.429999999999
1657586729,AAVEUSDT,Buy,7,69.80,ZeroMinusTick,c7068b43-f1ae-5b8a-8c53-82d0a79e39b9,4.886e+10,7,488.59999999999997
