timestamp,symbol,side,size,price,tickDirection,trdMatchID,grossValue,homeNotional,foreignNotional
1658188808,ACHUSDT,Sell,19990,0.01295,ZeroMinusTick,6cf543ec-06e0-571a-90d1-a00226fe4041,2.588705e+10,19990,258.8705
1658188839,ACHUSDT,Sell,46390,0.01293,MinusTick,2f286c6d-3375-554a-8a7e-956827b62fd8,5.998227000000001e+10,46390,599.8227
1658188839,ACHUSDT,Sell,20000,0.01293,ZeroMinusTick,0689c86d-0205-5319-b0ac-29c54acdcf14,2.5860000000000004e+10,20000,258.6
1658188856,ACHUSDT,Sell,20000,0.01293,ZeroMinusTick,07f9bf00-eefb-57d1-8186-5e8c026bcbea,2.5860000000000004e+10,20000,258.6
1658188861,ACHUSDT,Buy,10,0.01293,ZeroMinusTick,3a480176-d11d-5ff3-ad60-7b84f87fb64f,1.293e+07,10,0.1293
1658188861,ACHUSDT,Buy,10,0.01293,ZeroMinusTick,0ca7f276-8eeb-5476-8a57-3776b8e7a5bc,1.293e+07,10,0.1293
1658188861,ACHUSDT,Buy,10,0.01293,ZeroMinusTick,30ef7bf5-7ed7-536b-b005-67577e5eba94,1.293e+07,10,0.1293
1658188861,ACHUSDT,Buy,10,0.01293,ZeroMinusTick,40e8eb4f-aa1a-5816-a884-127cf1e83ef5,1.293e+07,10,0.1293
1658188861,ACHUSDT,Buy,10,0.01293,ZeroMinusTick,ae624324-2f16-5362-ba6b-75ebdcdfba13,1.293e+07,10,0.1293
1658188861,ACHUSDT,Sell,3430,0.01292,MinusTick,2c504d3d-d780-5b4b-8c65-c903f0645802,4.43156e+09,3430,44.315599999999996
1658188861,ACHUSDT,Sell,20000,0.01292,ZeroMinusTick,b72659f4-8f0e-5bc7-9240-be0221656d4c,2.5839999999999996e+10,20000,258.4
1658188861,ACHUSDT,Sell,9060,0.01292,ZeroMinusTick,78df0c5a-7b9e-5d2b-9462-3d507684c46e,1.170552e+10,9060,117.0552
1658188861,ACHUSDT,Buy,10,0.01292,ZeroMinusTick,27c3dcae-dbbc-5f11-be39-70762d7e5311,1.2919999999999998e+07,10,0.12919999999999998
1658188862,ACHUSDT,Buy,10,0.01292,ZeroMinusTick,9f9b2664-b2b8-528a-bed6-fd6d5163f27b,1.2919999999999998e+07,10,0.12919999999999998
1658188862,ACHUSDT,Buy,10,0.01292,ZeroMinusTick,cffa8f44-589f-5bf6-b566-727f7af0d64a,1.2919999999999998e+07,10,0.12919999999999998
1658188862,ACHUSDT,Buy,10,0.01292,ZeroMinusTick,688243ea-3c26-5c71-9524-477d6e998dbb,1.2919999999999998e+07,10,0.12919999999999998
1658188862,ACHUSDT,Buy,10,0.01292,ZeroMinusTick,5fa05559-a2a8-5373-8a6b-e5bcd3b58a92,1.2919999999999998e+07,10,0.12919999999999998
1658188862,ACHUSDT,Buy,10,0.01292,ZeroMinusTick,8c2cd11a-8be0-5a8c-9241-e7073e161d02,1.2919999999999998e+07,10,0.12919999999999998
1658188862,ACHUSDT,Buy,10,0.01292,ZeroMinusTick,cce0588c-5e0d-56fe-8912-b60f30ebdc32,1.2919999999999998e+07,10,0.12919999999999998
1658188863,ACHUSDT,Buy,10,0.01292,ZeroMinusTick,4b82c3f8-1481-50c6-b641-741a17e5ea10,1.2919999999999998e+07,10,0.12919999999999998
1658188863,ACHUSDT,Buy,10,0.01292,ZeroMinusTick,4e18d12e-43c3-550d-a956-c24148248c70,1.2919999999999998e+07,10,0.12919999999999998
1658188863,ACHUSDT,Buy,10,0.01292,ZeroMinusTick,9d4875e5-c27e-5e41-b109-4a7903ece4c0,1.2919999999999998e+07,10,0.12919999999999998
1658188863,ACHUSDT,Buy,10,0.01292,ZeroMinusTick,62e738e0-94a3-5ce6-8652-2d73c0e7c3a7,1.2919999999999998e+07,10,0.12919999999999998
1658188863,ACHUSDT,Buy,10,0.01292,ZeroMinusTick,77b7b745-dfcb-51a1-aa80-bbd6d4e7e755,1.2919999999999998e+07,10,0.12919999999999998
1658188863,ACHUSDT,Buy,10,0.01292,ZeroMinusTick,e55275f9-cf5c-51e0-b387-ba7af76602e1,1.2919999999999998e+07,10,0.12919999999999998
1658188863,ACHUSDT,Buy,10,0.01292,ZeroMinusTick,f95ee1b8-7498-5ed2-a4c6-fbda32a2b313,1.2919999999999998e+07,10,0.12919999999999998
1658188863,ACHUSDT,Buy,10,0.01292,ZeroMinusTick,e38c78cc-bec6-5a72-9eab-aa85371a7340,1.2919999999999998e+07,10,0.12919999999999998
1658188863,ACHUSDT,Buy,10,0.01292,ZeroMinusTick,3682b6b6-3c20-53ab-b113-e85580379f85,1.2919999999999998e+07,10,0.12919999999999998
1658188864,ACHUSDT,Buy,10,0.01292,ZeroMinusTick,16aa7e81-e7f7-5929-b5cf-2d74283d25c9,1.2919999999999998e+07,10,0.12919999999999998
1658188864,ACHUSDT,Buy,10,0.01292,ZeroMinusTick,62169214-9f0d-5a7f-9604-6dca9a35ce54,1.2919999999999998e+07,10,0.12919999999999998
1658188864,ACHUSDT,Buy,10,0.01292,ZeroMinusTick,a1970125-8cad-5f35-9fe2-6ad3ba6dc38d,1.2919999999999998e+07,10,0.12919999999999998
1658188864,ACHUSDT,Buy,10,0.01292,ZeroMinusTick,e64cbcbc-ef81-5aa7-a4d1-7cc3e8f19807,1.2919999999999998e+07,10,0.12919999999999998
1658188864,ACHUSDT,Buy,10,0.01292,ZeroMinusTick,28f8da33-1682-510f-a1d4-817546205ef9,1.2919999999999998e+07,10,0.12919999999999998
1658188865,ACHUSDT,Buy,10,0.01292,ZeroMinusTick,9934f104-9671-502f-b15b-ee7158a4b588,1.2919999999999998e+07,10,0.12919999999999998
1658188865,ACHUSDT,Buy,10,0.01292,ZeroMinusTick,a4303968-ed71-56a1-95b9-4fcaf67438f0,1.2919999999999998e+07,10,0.12919999999999998
1658188865,ACHUSDT,Buy,10,0.01292,ZeroMinusTick,c7d42b83-ecfb-5aa3-93ed-1013267bff5f,1.2919999999999998e+07,10,0.12919999999999998
1658188865,ACHUSDT,Buy,10,0.01292,ZeroMinusTick,fa77cf6c-4fae-547a-918d-8ec24301118d,1.2919999999999998e+07,10,0.12919999999999998
1658188865,ACHUSDT,Buy,10,0.01292,ZeroMinusTick,22c6b11d-ccef-57df-b831-2436d5ccc0f7,1.2919999999999998e+07,10,0.12919999999999998
1658188865,ACHUSDT,Buy,10,0.01292,ZeroMinusTick,9dd1f327-7bac-55cd-95bb-994a4dba23a2,1.2919999999999998e+07,10,0.12919999999999998
1658188865,ACHUSDT,Buy,10,0.01292,ZeroMinusTick,773e9805-5285-589b-b6fe-61b456413be8,1.2919999999999998e+07,10,0.12919999999999998
1658188865,ACHUSDT,Buy,10,0.01292,ZeroMinusTick,60a97582-b203-574d-b627-f192f8152093,1.2919999999999998e+07,10,0.12919999999999998
1658188866,ACHUSDT,Buy,10,0.01292,ZeroMinusTick,6a10aa27-809c-535f-ae3f-03f16a93c1e1,1.2919999999999998e+07,10,0.12919999999999998
1658188866,ACHUSDT,Buy,10,0.01292,ZeroMinusTick,641e2320-60a6-5d11-9b32-eefc95d7fd17,1.2919999999999998e+07,10,0.12919999999999998
1658188866,ACHUSDT,Buy,10,0.01292,ZeroMinusTick,7a57c86c-3921-529a-a873-b475a3ae1042,1.2919999999999998e+07,10,0.12919999999999998
1658188866,ACHUSDT,Buy,10,0.01292,ZeroMinusTick,3deeec8b-7b89-5b4e-8c82-b987dac80dc0,1.2919999999999998e+07,10,0.12919999999999998
1658188866,ACHUSDT,Buy,10,0.01292,ZeroMinusTick,157389d5-fd75-56b1-a766-b5a5fae99a22,1.2919999999999998e+07,10,0.12919999999999998
1658188866,ACHUSDT,Buy,10,0.01292,ZeroMinusTick,9a8597f2-d534-5556-a03d-86c28cc45a65,1.2919999999999998e+07,10,0.12919999999999998
1658188866,ACHUSDT,Buy,10,0.01292,ZeroMinusTick,c8f11a0e-00a0-58ae-8d59-10876d58b064,1.2919999999999998e+07,10,0.12919999999999998
1658188866,ACHUSDT,Buy,10,0.01292,ZeroMinusTick,9389945c-050c-5635-a0b6-0d0628ef5aa4,1.2919999999999998e+07,10,0.12919999999999998
1658188866,ACHUSDT,Buy,10,0.01292,ZeroMinusTick,f16637da-7b72-5c92-85c0-fb969fd717c9,1.2919999999999998e+07,10,0.12919999999999998
1658188866,ACHUSDT,Buy,10,0.01292,ZeroMinusTick,f74a1f57-8434-5627-a8ae-2ce3206611e4,1.2919999999999998e+07,10,0.12919999999999998
1658188866,ACHUSDT,Buy,10,0.01292,ZeroMinusTick,85a26627-2a80-5cc8-a4a9-c95daacbd061,1.2919999999999998e+07,10,0.12919999999999998
1658188866,ACHUSDT,Buy,10,0.01292,ZeroMinusTick,d68e5b23-9749-55e0-9fa6-48a062e5439d,1.2919999999999998e+07,10,0.12919999999999998
1658188866,ACHUSDT,Buy,10,0.01292,ZeroMinusTick,45ea6f57-28ab-5a77-afee-db33a2e6548e,1.2919999999999998e+07,10,0.12919999999999998
1658188866,ACHUSDT,Buy,10,0.01292,ZeroMinusTick,39048d7b-510f-5f3d-8812-b52b106aa1e5,1.2919999999999998e+07,10,0.12919999999999998
1658188866,ACHUSDT,Buy,10,0.01292,ZeroMinusTick,022e72c1-2539-58d0-ae0f-7938b87efa72,1.2919999999999998e+07,10,0.12919999999999998
1658188866,ACHUSDT,Buy,10,0.01292,ZeroMinusTick,d58577bf-5cab-5da3-b32f-addcdd24b06a,1.2919999999999998e+07,10,0.12919999999999998
1658188867,ACHUSDT,Buy,10,0.01292,ZeroMinusTick,8a7f4535-e1e3-57b7-bbfe-480b49e9c55d,1.2919999999999998e+07,10,0.12919999999999998
1658188867,ACHUSDT,Buy,10,0.01292,ZeroMinusTick,e99fda78-9e47-5a8b-9d58-2f6c5324b9d6,1.2919999999999998e+07,10,0.12919999999999998
1658188867,ACHUSDT,Buy,10,0.01292,ZeroMinusTick,cdd861c4-1220-5956-b706-d0c18cf7fa30,1.2919999999999998e+07,10,0.12919999999999998
1658188867,ACHUSDT,Buy,10,0.01292,ZeroMinusTick,99ca8725-1a1f-59fc-9afb-d7e71436e96f,1.2919999999999998e+07,10,0.12919999999999998
1658188867,ACHUSDT,Buy,10,0.01292,ZeroMinusTick,2675eed9-c75f-5723-86d5-25ee9d9f7ae8,1.2919999999999998e+07,10,0.12919999999999998
1658188867,ACHUSDT,Buy,10,0.01292,ZeroMinusTick,1917430e-2ab9-55e4-851c-b360212fb92f,1.2919999999999998e+07,10,0.12919999999999998
1658188867,ACHUSDT,Buy,10,0.01292,ZeroMinusTick,0b3916d6-6bac-5b0f-85b5-f6f65f0d473b,1.2919999999999998e+07,10,0.12919999999999998
1658188867,ACHUSDT,Buy,10,0.01292,ZeroMinusTick,501d0714-2c7a-54a7-a7af-aad022abf61a,1.2919999999999998e+07,10,0.12919999999999998
1658188867,ACHUSDT,Buy,10,0.01292,ZeroMinusTick,632efbc0-f8d1-55d2-97ce-c311145bfa37,1.2919999999999998e+07,10,0.12919999999999998
1658188867,ACHUSDT,Buy,10,0.01292,ZeroMinusTick,b6d03dd4-f955-50f1-80e9-b62c27deb5e9,1.2919999999999998e+07,10,0.12919999999999998
1658188867,ACHUSDT,Buy,10,0.01292,ZeroMinusTick,1b12bb2d-767e-53c9-9804-dbe0f50f7f54,1.2919999999999998e+07,10,0.12919999999999998
1658188867,ACHUSDT,Buy,10,0.01292,ZeroMinusTick,c9e0c796-ee48-5350-a144-159722187ea5,1.2919999999999998e+07,10,0.12919999999999998
1658188867,ACHUSDT,Buy,10,0.01292,ZeroMinusTick,88f065aa-771a-5571-9c7e-30ba28317116,1.2919999999999998e+07,10,0.12919999999999998
1658188867,ACHUSDT,Buy,10,0.01292,ZeroMinusTick,1b9649c0-b282-59a9-9edf-28cd8534af0c,1.2919999999999998e+07,10,0.12919999999999998
1658188868,ACHUSDT,Buy,10,0.01292,ZeroMinusTick,8c8c930f-b0eb-5eaf-bb2c-bbc2f43de643,1.2919999999999998e+07,10,0.12919999999999998
1658188868,ACHUSDT,Buy,10,0.01292,ZeroMinusTick,54b61887-defd-545a-852b-76f000fa5b44,1.2919999999999998e+07,10,0.12919999999999998
1658188868,ACHUSDT,Buy,10,0.01292,ZeroMinusTick,1f62fa3e-904e-5579-94c5-aef6aee2b7a3,1.2919999999999998e+07,10,0.12919999999999998
1658188868,ACHUSDT,Buy,10,0.01292,ZeroMinusTick,2f764900-e1f2-5c3d-a9c5-9fc09b1a7645,1.2919999999999998e+07,10,0.12919999999999998
1658188868,ACHUSDT,Buy,10,0.01292,ZeroMinusTick,209e4bbe-13d2-51af-966a-7d108828dab3,1.2919999999999998e+07,10,0.12919999999999998
1658188868,ACHUSDT,Buy,10,0.01292,ZeroMinusTick,2503804d-e665-5c13-aa55-c36a3baf5df6,1.2919999999999998e+07,10,0.12919999999999998
1658188868,ACHUSDT,Buy,10,0.01292,ZeroMinusTick,fac6ee30-a498-5c9a-9337-b0a3089af977,1.2919999999999998e+07,10,0.12919999999999998
1658188868,ACHUSDT,Buy,10,0.01292,ZeroMinusTick,41c31df6-80da-55f8-83cb-39cc6e47f3b7,1.2919999999999998e+07,10,0.12919999999999998
1658188869,ACHUSDT,Buy,10,0.01292,ZeroMinusTick,4f8a15dc-d751-5eee-98a0-dbf74b5ba25b,1.2919999999999998e+07,10,0.12919999999999998
1658188869,ACHUSDT,Buy,10,0.01292,ZeroMinusTick,d6d3f489-1609-58ff-abbd-a5e33659e263,1.2919999999999998e+07,10,0.12919999999999998
1658188869,ACHUSDT,Buy,10,0.01292,ZeroMinusTick,d4053032-9d22-58ba-b07d-88247cd85584,1.2919999999999998e+07,10,0.12919999999999998
1658188869,ACHUSDT,Buy,10,0.01292,ZeroMinusTick,d62526d0-1387-5e37-9474-8e4af509bc13,1.2919999999999998e+07,10,0.12919999999999998
1658188869,ACHUSDT,Buy,10,0.01292,ZeroMinusTick,c34d6865-8c71-52fb-9709-e26013ac2df1,1.2919999999999998e+07,10,0.12919999999999998
1658188869,ACHUSDT,Buy,10,0.01292,ZeroMinusTick,e1b96f68-9567-5fe9-a90b-54e3293c59c2,1.2919999999999998e+07,10,0.12919999999999998
1658188869,ACHUSDT,Buy,10,0.01292,ZeroMinusTick,323a2857-4c09-50df-b50c-9e112663db73,1.2919999999999998e+07,10,0.12919999999999998
1658188869,ACHUSDT,Buy,10,0.01292,ZeroMinusTick,328868fe-b3f4-540a-a2e8-9148692564ef,1.2919999999999998e+07,10,0.12919999999999998
1658188869,ACHUSDT,Buy,10,0.01292,ZeroMinusTick,3ec757c2-b3d9-5e28-88b5-598f96d5a9b5,1.2919999999999998e+07,10,0.12919999999999998
1658188869,ACHUSDT,Buy,10,0.01292,ZeroMinusTick,b47d937d-adb1-5ed3-823e-f0d082bcfd27,1.2919999999999998e+07,10,0.12919999999999998
1658188869,ACHUSDT,Buy,10,0.01292,ZeroMinusTick,658e0e25-6fc6-5597-882a-804a6912d7ae,1.2919999999999998e+07,10,0.12919999999999998
1658188869,ACHUSDT,Buy,10,0.01292,ZeroMinusTick,5a1ba7de-f255-579f-ad44-625d486d4aa2,1.2919999999999998e+07,10,0.12919999999999998
1658188869,ACHUSDT,Buy,10,0.01292,ZeroMinusTick,0d6dde2a-7ed0-53de-b35a-70da4df9609c,1.2919999999999998e+07,10,0.12919999999999998
1658188869,ACHUSDT,Buy,10,0.01292,ZeroMinusTick,fb19851b-2e72-55d6-b101-b9ca7a44477a,1.2919999999999998e+07,10,0.12919999999999998
1658188869,ACHUSDT,Buy,10,0.01292,ZeroMinusTick,ff80fbba-2ebe-5d06-bd42-98ddc9d38d1b,1.2919999999999998e+07,10,0.12919999999999998
1658188869,ACHUSDT,Buy,10,0.01292,ZeroMinusTick,8a838ab5-049a-54dd-9834-9694ba69d84a,1.2919999999999998e+07,10,0.12919999999999998
1658188870,ACHUSDT,Buy,10,0.01292,ZeroMinusTick,710222e6-1ac0-59f6-a3af-eedf3b2e1cd3,1.2919999999999998e+07,10,0.12919999999999998
1658188870,ACHUSDT,Buy,10,0.01292,ZeroMinusTick,1a47aa20-e3b7-5e71-9174-0038dbd35d9b,1.2919999999999998e+07,10,0.12919999999999998
1658188870,ACHUSDT,Buy,10,0.01292,ZeroMinusTick,cbde437b-f802-5666-9be9-89626ab08172,1.2919999999999998e+07,10,0.12919999999999998
1658188870,ACHUSDT,Buy,10,0.01292,ZeroMinusTick,ae3c2cf2-6291-5260-8f57-e58cf54c543c,1.2919999999999998e+07,10,0.12919999999999998
1658188870,ACHUSDT,Buy,10,0.01292,ZeroMinusTick,68870d10-fe1c-52ce-93d0-a4559a4055d0,1.2919999999999998e+07,10,0.12919999999999998
1658188870,ACHUSDT,Buy,10,0.01292,ZeroMinusTick,c74a59f5-66a0-53e6-817d-d2450ad1f566,1.2919999999999998e+07,10,0.12919999999999998
1658188870,ACHUSDT,Buy,10,0.01292,ZeroMinusTick,e008870b-fbc2-5cb8-88ad-6fd867b82a85,1.2919999999999998e+07,10,0.12919999999999998
1658188870,ACHUSDT,Buy,10,0.01292,ZeroMinusTick,e33441a8-e72a-50f0-8b0b-dd211ea2943b,1.2919999999999998e+07,10,0.12919999999999998
1658188871,ACHUSDT,Buy,10,0.01292,ZeroMinusTick,e90c1329-d7ce-5696-8b43-096b14aedfdc,1.2919999999999998e+07,10,0.12919999999999998
1658188871,ACHUSDT,Sell,520,0.01291,MinusTick,2091edee-537f-575f-8922-8003d17d55dc,6.7132e+08,520,6.7132
1658188871,ACHUSDT,Sell,2910,0.01291,ZeroMinusTick,0ab57bd6-6dd5-5b61-9ca5-cbf47fa6b24b,3.75681e+09,2910,37.5681
1658188871,ACHUSDT,Sell,20000,0.01291,ZeroMinusTick,5b1ae355-a17e-572a-af4e-e5f11f890a74,2.582e+10,20000,258.2
1658188871,ACHUSDT,Buy,10,0.01292,PlusTick,711e97ec-1a57-5bbe-9cd5-8911690bd582,1.2919999999999998e+07,10,0.12919999999999998
1658188884,ACHUSDT,Sell,20000,0.01288,MinusTick,6aef4f92-3614-5b35-b6b6-e08694f74be8,2.5760000000000004e+10,20000,257.6
1658188905,ACHUSDT,Sell,10440,0.01289,PlusTick,05215f36-b146-530e-9e79-f44810389e5b,1.3457160000000002e+10,10440,134.57160000000002
1658188934,ACHUSDT,Buy,190,0.01290,PlusTick,87ee9d86-3cd0-5453-9fff-2dd574031f8d,2.451e+08,190,2.451
1658188952,ACHUSDT,Buy,38560,0.01290,ZeroMinusTick,b5d8e141-6f30-56ff-87dd-f00f326387fc,4.97424e+10,38560,497.424
1658188952,ACHUSDT,Buy,52740,0.01290,ZeroMinusTick,49193611-5dc3-56cb-90d5-ab52bc1deda0,6.80346e+10,52740,680.346
1658188952,ACHUSDT,Buy,27810,0.01290,ZeroMinusTick,47c765ef-ecf1-55fa-bbbf-2aeed5496930,3.58749e+10,27810,358.749
1658188952,ACHUSDT,Buy,10000,0.01291,PlusTick,e376aa5d-edb1-5d2c-bdcd-db19bf6d138b,1.291e+10,10000,129.1
1658188952,ACHUSDT,Buy,20000,0.01292,PlusTick,16ebdcdb-e24a-5f83-8405-a277c1a97056,2.5839999999999996e+10,20000,258.4
1658188952,ACHUSDT,Buy,1230,0.01294,PlusTick,8fd65e7e-1fe4-51c0-81aa-5c2960c996c1,1.59162e+09,1230,15.9162
1658188952,ACHUSDT,Buy,20000,0.01293,MinusTick,8cb32b7d-475a-58a2-bde7-8a2adeb7f0b3,2.5860000000000004e+10,20000,258.6
1658188952,ACHUSDT,Buy,27810,0.01293,ZeroMinusTick,f9c7fb25-f381-5060-8f7a-66e6bd8ee575,3.595833e+10,27810,359.5833
1658188952,ACHUSDT,Buy,88920,0.01294,PlusTick,ae963bb0-0977-57e3-882a-8b6dcb34a5b0,1.1506248e+11,88920,1150.6248
1658188954,ACHUSDT,Buy,1230,0.01293,MinusTick,7d30bea2-c8ed-571b-b92c-5d7666e3fd37,1.59039e+09,1230,15.9039
1658188955,ACHUSDT,Buy,20000,0.01292,MinusTick,f5fa6e82-0511-5c27-b70c-d34e6d96398e,2.5839999999999996e+10,20000,258.4
1658188957,ACHUSDT,Buy,38630,0.01294,PlusTick,a4a629d7-a0fc-5ab6-962b-45314e729175,4.998722e+10,38630,499.8722
1658188957,ACHUSDT,Buy,40550,0.01295,PlusTick,6fc869f4-8c83-5b04-aaaf-c1b595aca80a,5.251224999999999e+10,40550,525.1225
1658188963,ACHUSDT,Buy,21520,0.01296,PlusTick,0f2b2807-6101-5498-9ff8-737ca0726ae5,2.788992e+10,21520,278.8992
1658188986,ACHUSDT,Sell,41410,0.01298,PlusTick,c34363e3-2957-5191-b54e-b932ef1e9431,5.375018e+10,41410,537.5018
1658188986,ACHUSDT,Sell,38550,0.01297,MinusTick,d48e6a8a-d9f3-51df-b636-84c5c9633625,4.999935000000001e+10,38550,499.99350000000004
1658189084,ACHUSDT,Sell,40,0.01292,MinusTick,e6f8b91d-cc2c-5765-b795-0c54d095c081,5.167999999999999e+07,40,0.5167999999999999
1658189176,ACHUSDT,Sell,20000,0.01294,PlusTick,b8999606-94ac-51df-acfb-d0074b992465,2.588e+10,20000,258.8
1658189215,ACHUSDT,Buy,46170,0.01294,ZeroMinusTick,7e6f2848-6ded-5fcb-aad3-a4a772d5b344,5.974398e+10,46170,597.4398
1658189248,ACHUSDT,Buy,21410,0.01295,PlusTick,11c7a128-31e2-5351-9355-fecb22d93f7f,2.772595e+10,21410,277.2595
1658189248,ACHUSDT,Buy,11070,0.01295,ZeroMinusTick,fe05df5c-ccee-584b-9619-3dfc94acc54f,1.4335649999999998e+10,11070,143.35649999999998
1658189255,ACHUSDT,Buy,25690,0.01295,ZeroMinusTick,1fcc6a00-2789-568a-89d7-de33a08c70ed,3.326855e+10,25690,332.6855
1658189255,ACHUSDT,Buy,38550,0.01295,ZeroMinusTick,5c923acb-bea4-5f03-95cd-e680c8c40180,4.992225e+10,38550,499.22249999999997
1658189294,ACHUSDT,Buy,1000,0.01299,PlusTick,3d51a907-b556-51da-aafe-dd54539d067b,1.299e+09,1000,12.99
1658189334,ACHUSDT,Buy,46390,0.01300,PlusTick,d2c04ff9-0d3d-53bb-9d10-f46860fd2131,6.030699999999999e+10,46390,603.0699999999999
1658189334,ACHUSDT,Buy,17850,0.01301,PlusTick,53fa4a05-0336-5c2a-adb0-4d38d449b072,2.3222850000000004e+10,17850,232.22850000000003
1658189374,ACHUSDT,Sell,120,0.01306,PlusTick,d042c489-6ec7-59dd-b7d3-3ab7d3671627,1.5672e+08,120,1.5672000000000001
1658189415,ACHUSDT,Buy,670,0.01309,PlusTick,61534de9-2058-50c6-a537-4afa212ee7fc,8.770299999999999e+08,670,8.770299999999999
1658189444,ACHUSDT,Buy,110,0.01309,ZeroMinusTick,689d8464-4237-5100-909a-173b72663976,1.4399e+08,110,1.4399
1658189506,ACHUSDT,Sell,46390,0.01309,ZeroMinusTick,50da1c37-bfe7-5025-9da3-d13981b52118,6.072451e+10,46390,607.2451
1658189506,ACHUSDT,Buy,17850,0.01309,ZeroMinusTick,d77dc055-7191-527b-856a-a87360918151,2.336565e+10,17850,233.6565
1658189533,ACHUSDT,Sell,46390,0.01308,MinusTick,c19fe759-b1e9-5da2-981a-3b5b4a9a3ee2,6.067812e+10,46390,606.7812
1658189533,ACHUSDT,Sell,38220,0.01308,ZeroMinusTick,47a432d0-532e-522a-99ab-47b4b833e8d1,4.999176e+10,38220,499.9176
1658189534,ACHUSDT,Sell,46390,0.01307,MinusTick,48a1fdd6-d672-5f92-a018-076bc6b0898d,6.063173000000001e+10,46390,606.3173
1658189534,ACHUSDT,Sell,20000,0.01306,MinusTick,ee387c5d-6b01-5eb4-bf81-0e7655e32dd0,2.612e+10,20000,261.2
1658189534,ACHUSDT,Sell,20000,0.01305,MinusTick,67e4da5f-7b56-52f7-bdc0-9ea7f5394232,2.61e+10,20000,261
1658189534,ACHUSDT,Buy,10,0.01306,PlusTick,9ddf7f9f-8cce-541f-819d-58be4e2a7c41,1.306e+07,10,0.1306
1658189561,ACHUSDT,Buy,10,0.01312,PlusTick,53b1a5cd-6a9e-5273-a2f4-021d07087721,1.3119999999999998e+07,10,0.13119999999999998
1658189594,ACHUSDT,Sell,150,0.01310,MinusTick,37534393-c6a3-5eac-9bf0-d87146aded55,1.965e+08,150,1.965
1658189628,ACHUSDT,Sell,38220,0.01308,MinusTick,50f8ec5f-8d1f-58d2-ba53-f88439f2c423,4.999176e+10,38220,499.9176
1658189669,ACHUSDT,Sell,20000,0.01306,MinusTick,e3da5dbf-6003-5232-8cc4-3161ed1c721a,2.612e+10,20000,261.2
1658189754,ACHUSDT,Buy,130,0.01311,PlusTick,21b26d93-5c18-5db6-af48-40735b5c4753,1.7043e+08,130,1.7043
1658189814,ACHUSDT,Buy,60,0.01303,MinusTick,357e039a-363f-5b6c-8219-01d7d4f5a9bc,7.818e+07,60,0.7818
1658189916,ACHUSDT,Buy,10,0.01302,MinusTick,ccf1b5c1-f41c-5f13-9003-be08ac70fb72,1.3020000000000002e+07,10,0.1302
1658189922,ACHUSDT,Buy,10,0.01302,ZeroMinusTick,e58fbe36-731f-54cb-9c5e-298475273277,1.3020000000000002e+07,10,0.1302
1658189944,ACHUSDT,Sell,1000,0.01301,MinusTick,45b61f1a-0b92-54c5-be5c-e17841c0e368,1.3010000000000002e+09,1000,13.010000000000002
1658189963,ACHUSDT,Sell,19000,0.01301,ZeroMinusTick,a4e85736-a263-52b9-b794-88f82b7bdb0c,2.4719000000000004e+10,19000,247.19000000000003
1658189963,ACHUSDT,Buy,10,0.01301,ZeroMinusTick,47285768-f5a2-54d7-8b8d-033391fae298,1.301e+07,10,0.1301
1658189963,ACHUSDT,Sell,20000,0.01301,ZeroMinusTick,ac6946a0-57b7-5195-b0ab-ee56213073a8,2.602e+10,20000,260.2
1658189964,ACHUSDT,Sell,20000,0.01301,ZeroMinusTick,7f6e845b-7c07-5517-9bc6-a02829af2e25,2.602e+10,20000,260.2
1658189965,ACHUSDT,Sell,20000,0.01301,ZeroMinusTick,a72826e9-7827-5298-9f26-e7d74a6a4196,2.602e+10,20000,260.2
1658189968,ACHUSDT,Sell,20000,0.01301,ZeroMinusTick,0e8629d3-49cc-5b45-a544-a3fe5cf1258f,2.602e+10,20000,260.2
1658189972,ACHUSDT,Sell,11590,0.01301,ZeroMinusTick,9c2ba84d-3d14-53ef-ab89-95641d56b0d7,1.507859e+10,11590,150.7859
1658189975,ACHUSDT,Sell,8410,0.01301,ZeroMinusTick,be130364-a7c2-57d9-afbf-c00b5b40f346,1.094141e+10,8410,109.4141
1658189975,ACHUSDT,Sell,11590,0.01301,ZeroMinusTick,f890b265-98e3-5405-acd8-5e1b2ea658e1,1.507859e+10,11590,150.7859
1658190094,ACHUSDT,Sell,200,0.01293,MinusTick,f3fe77d6-ece8-55ad-8a51-e757736b40ae,2.5860000000000003e+08,200,2.5860000000000003
1658190275,ACHUSDT,Sell,160,0.01299,PlusTick,ddeadfa5-8687-576f-9de9-6ad10c57284c,2.0783999999999997e+08,160,2.0784
1658190414,ACHUSDT,Sell,40,0.01296,MinusTick,8ac7290e-62b8-5a95-bbe3-ce6583d3dc06,5.184e+07,40,0.5184
1658190552,ACHUSDT,Buy,38630,0.01294,MinusTick,61c5667b-3774-5bae-9238-224fa5108727,4.998722e+10,38630,499.8722
1658190594,ACHUSDT,Buy,120,0.01297,PlusTick,c7be69e4-75c9-57b9-b86c-a863af1d619f,1.5564e+08,120,1.5564
1658190794,ACHUSDT,Sell,10,0.01290,MinusTick,c73b5017-1396-5826-9bd1-08cd42554234,1.29e+07,10,0.129
1658190856,ACHUSDT,Sell,20000,0.01288,MinusTick,5547564b-5d13-55f1-b789-e23a66ada193,2.5760000000000004e+10,20000,257.6
1658190923,ACHUSDT,Sell,18870,0.01279,MinusTick,a15de0c1-9f45-5a49-a8ba-e6a58a0931ee,2.413473e+10,18870,241.3473
1658190923,ACHUSDT,Sell,1130,0.01279,ZeroMinusTick,c1b858b7-6534-572b-a9b6-9094c467b805,1.4452699999999998e+09,1130,14.452699999999998
1658190923,ACHUSDT,Sell,41040,0.01279,ZeroMinusTick,a32f38e1-5bcb-581c-be39-cc795f90a54e,5.249015999999999e+10,41040,524.9015999999999
1658190923,ACHUSDT,Sell,39090,0.01279,ZeroMinusTick,8b580c1a-b628-594a-a92d-3e21620c1d3b,4.999611e+10,39090,499.9611
1658190923,ACHUSDT,Sell,46390,0.01278,MinusTick,dfbf922c-49a0-5fbb-9a40-c456daaea7c7,5.928642e+10,46390,592.8642
1658190926,ACHUSDT,Sell,20000,0.01277,MinusTick,cafa08d0-0c9c-5178-b2ef-2db2b2c3a83d,2.554e+10,20000,255.4
1658190927,ACHUSDT,Buy,10,0.01277,ZeroMinusTick,bdf64151-8442-52f1-b761-c8d008b508aa,1.277e+07,10,0.1277
1658190933,ACHUSDT,Buy,10,0.01277,ZeroMinusTick,8bedd17c-da19-5616-840f-82181f21ea75,1.277e+07,10,0.1277
1658190944,ACHUSDT,Buy,160,0.01277,ZeroMinusTick,2d73f15e-7069-564b-9f09-e59eb5f51600,2.0432e+08,160,2.0432
1658190944,ACHUSDT,Buy,10,0.01277,ZeroMinusTick,786b1547-e240-5513-a6bb-773350d150f6,1.277e+07,10,0.1277
1658190945,ACHUSDT,Sell,20000,0.01276,MinusTick,d5c5531b-e837-5a96-91f7-0670f54e4631,2.552e+10,20000,255.20000000000002
1658191066,ACHUSDT,Sell,6390,0.01270,MinusTick,1aa97f9b-ed3c-53c7-8262-d3bcd72e1073,8.115299999999999e+09,6390,81.15299999999999
1658191066,ACHUSDT,Sell,23610,0.01270,ZeroMinusTick,6b490d29-a907-50a8-9683-97178791cd72,2.9984699999999996e+10,23610,299.847
1658191066,ACHUSDT,Sell,30000,0.01265,MinusTick,f1f47b5c-9669-5a20-90a6-a7b9799f4db4,3.795e+10,30000,379.5
1658191066,ACHUSDT,Sell,20000,0.01265,ZeroMinusTick,aa3a2ed6-0f1d-5f72-939c-98d67e135064,2.53e+10,20000,253
1658191066,ACHUSDT,Sell,1300,0.01262,MinusTick,835f6055-a6ac-5f30-8666-3e43942c5b93,1.6405999999999998e+09,1300,16.406
1658191066,ACHUSDT,Sell,68700,0.01262,ZeroMinusTick,4058a8b4-f6ba-5922-b4a1-86527031130d,8.669939999999998e+10,68700,866.9939999999999
1658191066,ACHUSDT,Sell,1920,0.01262,ZeroMinusTick,58b5f35c-7941-567d-94e6-387111ccb4c3,2.42304e+09,1920,24.2304
1658191066,ACHUSDT,Sell,10710,0.01262,ZeroMinusTick,ffa0c820-e022-510a-9b13-18ab49874c1d,1.351602e+10,10710,135.1602
1658191066,ACHUSDT,Sell,1360,0.01261,MinusTick,c4ee38e5-cb60-55a1-983a-ea8202b60ffa,1.71496e+09,1360,17.1496
1658191066,ACHUSDT,Sell,49720,0.01261,ZeroMinusTick,7ae5b09e-9ddc-5997-8e95-5acd8081bad3,6.269692e+10,49720,626.9692
1658191066,ACHUSDT,Sell,14950,0.01261,ZeroMinusTick,179e2e57-a682-5611-a5ad-902d8e3331a1,1.885195e+10,14950,188.5195
1658191066,ACHUSDT,Sell,15000,0.01260,MinusTick,b18acc2b-9111-58fa-b23f-371b9377bc12,1.89e+10,15000,189
1658191066,ACHUSDT,Buy,49720,0.01262,PlusTick,fcc08d55-cff8-5c26-a908-40c81f6b4fdb,6.274663999999999e+10,49720,627.4663999999999
1658191124,ACHUSDT,Buy,180,0.01271,PlusTick,64cfc059-74c0-55c8-9442-a311780dc437,2.2878000000000003e+08,180,2.2878000000000003
1658191304,ACHUSDT,Buy,110,0.01270,MinusTick,ac84611e-3b46-5425-9ad5-a777135b2011,1.397e+08,110,1.397
1658191333,ACHUSDT,Buy,20000,0.01267,MinusTick,c6cbf583-09da-5209-8cce-c233fc6e476b,2.534e+10,20000,253.4
1658191362,ACHUSDT,Buy,20000,0.01267,ZeroMinusTick,e69b07e4-8e1c-588d-95bb-acb8781fed39,2.534e+10,20000,253.4
1658191394,ACHUSDT,Sell,170,0.01265,MinusTick,e8e62316-e171-57da-a761-14c1448e11fe,2.1505e+08,170,2.1505
1658191446,ACHUSDT,Buy,20000,0.01267,PlusTick,2b1b8643-344a-5411-ae1a-bbd0f995533a,2.534e+10,20000,253.4
1658191504,ACHUSDT,Buy,30,0.01266,MinusTick,0ca7cde4-53da-5caa-9e51-09529b75548e,3.798e+07,30,0.37979999999999997
1658191521,ACHUSDT,Buy,20000,0.01266,ZeroMinusTick,40bc7cf3-a174-564b-9219-95dc1e3a6b37,2.532e+10,20000,253.2
1658191704,ACHUSDT,Buy,40,0.01269,PlusTick,4acc62b8-e2ea-5cb5-b486-d9ef6aa13670,5.076000000000001e+07,40,0.5076
1658191854,ACHUSDT,Buy,10,0.01274,PlusTick,7a27be50-136e-5cfe-b17b-e3f761bbc10b,1.2739999999999998e+07,10,0.12739999999999999
1658191984,ACHUSDT,Sell,10,0.01273,MinusTick,802ebe25-b227-55e9-a154-c84eb064be42,1.273e+07,10,0.1273
1658192104,ACHUSDT,Sell,10,0.01272,MinusTick,7558fe1b-6a84-58d9-9e0f-58c314b1b1a4,1.272e+07,10,0.1272
1658192184,ACHUSDT,Buy,100,0.01276,PlusTick,c23687ca-9175-57a3-afc1-9b72ea7713d7,1.276e+08,100,1.276
1658192284,ACHUSDT,Buy,120,0.01273,MinusTick,4a72dd6d-c7df-587c-b0eb-815884d5ae74,1.5276e+08,120,1.5276
1658192384,ACHUSDT,Sell,90,0.01270,MinusTick,0cc27702-1a21-52e6-9907-aeeb1136c0b6,1.143e+08,90,1.143
1658192404,ACHUSDT,Sell,10,0.01272,PlusTick,328ca857-6ec0-500a-8dae-2a756c2cd743,1.272e+07,10,0.1272
1658192454,ACHUSDT,Sell,1000,0.01272,ZeroMinusTick,a8c70910-026f-5819-9df2-e52f3e4bf00f,1.272e+09,1000,12.72
1658192466,ACHUSDT,Sell,19000,0.01272,ZeroMinusTick,ff23af2a-d153-54b3-ac2a-2af247fa88be,2.4168e+10,19000,241.68
1658192466,ACHUSDT,Sell,12380,0.01271,MinusTick,ee78b306-2cb7-5f6f-a3fa-ff7f4995b80e,1.5734980000000002e+10,12380,157.34980000000002
1658192516,ACHUSDT,Buy,78270,0.01273,PlusTick,d773b962-6a7e-5340-81de-3e17c5b43c33,9.963771e+10,78270,996.3771
1658192533,ACHUSDT,Buy,10,0.01273,ZeroMinusTick,2597ad6d-aa89-54bd-9dc3-dc524de4b305,1.273e+07,10,0.1273
1658192534,ACHUSDT,Buy,10,0.01273,ZeroMinusTick,45054fd3-2761-5d94-819b-101de443561f,1.273e+07,10,0.1273
1658192554,ACHUSDT,Buy,80,0.01273,ZeroMinusTick,b88fb8cd-96c4-5c57-92d4-854de7a5a4c0,1.0184e+08,80,1.0184
1658192574,ACHUSDT,Buy,144550,0.01273,ZeroMinusTick,c35d740a-c7a1-5c3f-bd41-b3385fba7532,1.8401215e+11,144550,1840.1215
1658192665,ACHUSDT,Buy,10,0.01276,PlusTick,181895ab-df73-5458-8c31-d0074bc55480,1.276e+07,10,0.1276
1658192679,ACHUSDT,Buy,10,0.01276,ZeroMinusTick,0a87da0b-c43e-5005-94a0-30800ee28421,1.276e+07,10,0.1276
1658192695,ACHUSDT,Buy,10,0.01276,ZeroMinusTick,528d17c3-ee6a-5d85-8153-8fd4337b7b1d,1.276e+07,10,0.1276
1658192707,ACHUSDT,Buy,10,0.01276,ZeroMinusTick,7b9f47f5-f529-52f6-a5b1-3e156012e43d,1.276e+07,10,0.1276
1658192717,ACHUSDT,Buy,10,0.01276,ZeroMinusTick,80edc800-49b2-5252-8824-454a22683a95,1.276e+07,10,0.1276
1658192751,ACHUSDT,Buy,10,0.01276,ZeroMinusTick,8fd27078-fd33-501b-88ac-0f234d063474,1.276e+07,10,0.1276
1658192756,ACHUSDT,Buy,10,0.01276,ZeroMinusTick,ff79cba4-4dfa-564e-8788-31acad23ab88,1.276e+07,10,0.1276
1658192783,ACHUSDT,Buy,10,0.01276,ZeroMinusTick,8e5548e7-9e54-5754-ba82-04dbbad694b4,1.276e+07,10,0.1276
1658192794,ACHUSDT,Buy,100,0.01276,ZeroMinusTick,586c4d7b-b6eb-50bf-8469-0b6e1f4b7ff9,1.276e+08,100,1.276
1658192829,ACHUSDT,Buy,10,0.01276,ZeroMinusTick,2985e0fc-3434-5e83-a355-625ec8112672,1.276e+07,10,0.1276
1658192838,ACHUSDT,Sell,20000,0.01275,MinusTick,cfb5a5a7-e71b-5f98-9f69-bd2d5e92d113,2.5499999999999996e+10,20000,254.99999999999997
1658192851,ACHUSDT,Buy,10,0.01275,ZeroMinusTick,508dbbc4-915a-5557-9605-bb2a68fe93d8,1.275e+07,10,0.1275
1658192875,ACHUSDT,Buy,10,0.01276,PlusTick,29453a4c-251c-58a1-b79c-3b5a50bf7001,1.276e+07,10,0.1276
1658192888,ACHUSDT,Buy,10,0.01276,ZeroMinusTick,c1efd58a-64ce-5e48-95ae-34a3519f669d,1.276e+07,10,0.1276
1658192890,ACHUSDT,Buy,10,0.01276,ZeroMinusTick,30e276d8-7d8a-5940-851c-4b73118922c6,1.276e+07,10,0.1276
1658192894,ACHUSDT,Buy,10,0.01276,ZeroMinusTick,16ec1b0a-30f1-554e-867e-f659ae7fd699,1.276e+07,10,0.1276
1658192908,ACHUSDT,Sell,20000,0.01274,MinusTick,04d6b90c-5466-52d0-90de-7a8bcc26041a,2.548e+10,20000,254.79999999999998
1658192908,ACHUSDT,Sell,20000,0.01274,ZeroMinusTick,117a50fa-1498-5580-a9b2-b412f47d7f0e,2.548e+10,20000,254.79999999999998
1658192909,ACHUSDT,Sell,20000,0.01274,ZeroMinusTick,8e782930-8b30-521c-8455-fbc3d9ba654d,2.548e+10,20000,254.79999999999998
1658192909,ACHUSDT,Sell,19800,0.01274,ZeroMinusTick,e7a47c55-3255-53a2-8e9a-38bbe78ab54c,2.52252e+10,19800,252.25199999999998
1658192984,ACHUSDT,Buy,200,0.01274,ZeroMinusTick,f881c694-b484-5613-af66-012a29ddd8d3,2.548e+08,200,2.548
1658192991,ACHUSDT,Sell,20000,0.01273,MinusTick,2c674f6a-7338-5084-8169-ea061c08dcdc,2.546e+10,20000,254.6
1658193030,ACHUSDT,Sell,29910,0.01270,MinusTick,f6996a5c-350b-5399-a54e-0553f7d1839b,3.79857e+10,29910,379.85699999999997
1658193031,ACHUSDT,Buy,10,0.01269,MinusTick,b8054003-96ac-5b95-8a17-768e79545276,1.2690000000000002e+07,10,0.1269
1658193164,ACHUSDT,Sell,180,0.01267,MinusTick,04cce612-6b7a-5d42-bbee-88f2cd62a099,2.2806000000000003e+08,180,2.2806
1658193254,ACHUSDT,Sell,180,0.01267,ZeroMinusTick,4b6add98-a263-58f6-9539-2e55091174c6,2.2806000000000003e+08,180,2.2806
1658193384,ACHUSDT,Sell,30,0.01267,ZeroMinusTick,57d255d0-ea80-5c27-881d-8aedb4853cc9,3.801e+07,30,0.3801
1658193514,ACHUSDT,Sell,70,0.01267,ZeroMinusTick,9f1d6d4e-603a-5ca1-a54e-f34ae8f44e54,8.869e+07,70,0.8869
1658193538,ACHUSDT,Buy,20000,0.01268,PlusTick,cfb4ac51-ad1d-5a3e-92a9-32f895b93f78,2.536e+10,20000,253.6
1658193545,ACHUSDT,Sell,20460,0.01270,PlusTick,05a4c29a-16f4-5559-8dd1-a791a5d00a52,2.59842e+10,20460,259.842
1658193556,ACHUSDT,Buy,30000,0.01271,PlusTick,9f7d5819-e05c-540a-8487-0526d1d993ee,3.813e+10,30000,381.3
1658193557,ACHUSDT,Buy,9330,0.01271,ZeroMinusTick,e33b4a82-5405-5930-a54d-1b91517e0488,1.1858430000000002e+10,9330,118.58430000000001
1658193557,ACHUSDT,Buy,20000,0.01271,ZeroMinusTick,23ee53a4-d26d-518e-a6fc-18cbb01c2f36,2.542e+10,20000,254.20000000000002
1658193569,ACHUSDT,Sell,10,0.01271,ZeroMinusTick,a42f49b3-5c1b-57f2-86ef-aa199a178b93,1.2710000000000002e+07,10,0.12710000000000002
1658193571,ACHUSDT,Sell,660,0.01271,ZeroMinusTick,c142af08-1c16-5a0c-8e6d-e72aaac46ea1,8.3886e+08,660,8.3886
1658193612,ACHUSDT,Sell,9540,0.01270,MinusTick,cfd848b9-7cea-52a8-8c58-84b5fe424cf1,1.21158e+10,9540,121.158
1658193624,ACHUSDT,Buy,170,0.01271,PlusTick,7b0c6f7b-cea3-5d37-b687-bfd09ab29163,2.1607000000000003e+08,170,2.1607000000000003
1658193684,ACHUSDT,Sell,190,0.01267,MinusTick,20abd36f-8dfb-53da-8b2c-15232e43b128,2.4073000000000003e+08,190,2.4073
1658193702,ACHUSDT,Sell,30000,0.01270,PlusTick,40758d33-62fb-5d35-9def-13f0f1087ab7,3.81e+10,30000,381
1658193711,ACHUSDT,Buy,30000,0.01269,MinusTick,1e33359c-1429-5470-948e-925a17759200,3.807e+10,30000,380.7
1658193712,ACHUSDT,Buy,20000,0.01269,ZeroMinusTick,1cb45d1e-c7b0-52f6-b56b-7c9733a30888,2.538e+10,20000,253.8
1658193714,ACHUSDT,Sell,10000,0.01269,ZeroMinusTick,83f59d02-01f0-58c2-84f5-49e1a9868250,1.269e+10,10000,126.9
1658193748,ACHUSDT,Buy,200,0.01269,ZeroMinusTick,1a73f3f6-1952-5bae-81c2-6247ac0029c0,2.5379999999999997e+08,200,2.538
1658193748,ACHUSDT,Buy,19800,0.01269,ZeroMinusTick,2a4c8b56-fc11-5284-ac72-1910a4fc315b,2.51262e+10,19800,251.262
1658193794,ACHUSDT,Sell,30,0.01268,MinusTick,e72ad501-3623-563a-96b2-03df07f7568f,3.804e+07,30,0.3804
1658193804,ACHUSDT,Buy,20000,0.01270,PlusTick,9ac7d47a-e03d-56a0-b27a-f6b215810724,2.54e+10,20000,254
1658193863,ACHUSDT,Sell,29970,0.01268,MinusTick,9f62e270-a2da-5d0a-ae15-89feb44cd1da,3.800196e+10,29970,380.0196
1658193863,ACHUSDT,Sell,10020,0.01268,ZeroMinusTick,55b85403-bffc-51fa-9e20-38799c36f470,1.270536e+10,10020,127.0536
1658193983,ACHUSDT,Buy,39430,0.01268,ZeroMinusTick,65689f8a-0b31-5cb8-9d3e-54dc2629780b,4.999724e+10,39430,499.9724
1658193994,ACHUSDT,Buy,30,0.01270,PlusTick,038074ad-a9d4-5f41-ba4d-b19e032fb3d4,3.81e+07,30,0.381
1658194134,ACHUSDT,Buy,140,0.01271,PlusTick,afabad45-dc35-57de-86a4-8a126d2eff8c,1.7794e+08,140,1.7794
1658194204,ACHUSDT,Buy,140,0.01272,PlusTick,99f5e28f-661b-59c1-bcd9-4500d3253924,1.7808000000000003e+08,140,1.7808000000000002
1658194210,ACHUSDT,Buy,14900,0.01272,ZeroMinusTick,e4dac786-531f-577f-9e07-0b46ba732579,1.8952800000000004e+10,14900,189.52800000000002
1658194215,ACHUSDT,Buy,20460,0.01273,PlusTick,9b5a2fbb-bfb6-5e81-85d8-5f6d9706cd22,2.604558e+10,20460,260.4558
1658194215,ACHUSDT,Sell,9540,0.01273,ZeroMinusTick,e5c7fe9b-1ccc-5334-9059-e077904f2460,1.214442e+10,9540,121.4442
1658194284,ACHUSDT,Buy,150,0.01273,ZeroMinusTick,4f8d05e7-dea3-512c-8836-d81bcb9d2460,1.9095e+08,150,1.9095
1658194336,ACHUSDT,Sell,24330,0.01271,MinusTick,41cce997-1ad9-5b98-adbd-63e11b5b2599,3.092343e+10,24330,309.2343
1658194372,ACHUSDT,Buy,39300,0.01272,PlusTick,4622a415-6cdd-5e82-a8c5-d32965e693ba,4.99896e+10,39300,499.896
1658194464,ACHUSDT,Buy,40,0.01275,PlusTick,1d7ea8db-d1f9-59bc-9a1c-84017c874851,5.1e+07,40,0.51
1658194595,ACHUSDT,Buy,20000,0.01271,MinusTick,aca1f5c3-9ae9-5c94-9a5d-3008a33492a0,2.542e+10,20000,254.20000000000002
1658194664,ACHUSDT,Buy,120,0.01274,PlusTick,50e19514-e317-5470-9233-4802e706335b,1.5288e+08,120,1.5288
1658194713,ACHUSDT,Sell,20000,0.01271,MinusTick,e9ec5e6e-07c2-5d29-98d3-bd842d70cfe6,2.542e+10,20000,254.20000000000002
1658194714,ACHUSDT,Sell,30000,0.01270,MinusTick,0bb39571-d96d-547b-91ed-0e903175bbf7,3.81e+10,30000,381
1658194744,ACHUSDT,Sell,120,0.01266,MinusTick,1588db2b-2e4d-5d16-91e1-d85fa63b6680,1.5192e+08,120,1.5191999999999999
1658194914,ACHUSDT,Buy,1000,0.01267,PlusTick,b262b243-434f-5c84-853d-bcc305fd3162,1.267e+09,1000,12.67
1658194968,ACHUSDT,Buy,19000,0.01267,ZeroMinusTick,bd4c7137-1cf2-5b07-ba56-21d3453afd59,2.4073e+10,19000,240.73000000000002
1658195099,ACHUSDT,Sell,28260,0.01268,PlusTick,a32ee889-fa3a-5621-bb07-5001073d2b10,3.583368e+10,28260,358.3368
1658195114,ACHUSDT,Sell,180,0.01266,MinusTick,951690b9-09c8-580b-bddb-8a7a4bff1405,2.2788e+08,180,2.2788
1658195194,ACHUSDT,Buy,30000,0.01268,PlusTick,41d79132-9f45-59dd-9293-30365ac3ba05,3.804e+10,30000,380.40000000000003
1658195201,ACHUSDT,Buy,46390,0.01268,ZeroMinusTick,f81b2a22-3eb3-5bb3-a355-adc84af2fd67,5.882252e+10,46390,588.2252
1658195201,ACHUSDT,Buy,27810,0.01269,PlusTick,98f663f4-7419-5529-b214-59c6491f4168,3.529089e+10,27810,352.9089
1658195204,ACHUSDT,Sell,60,0.01267,MinusTick,d9e01457-22e1-512e-ac62-be4cd24bfd80,7.602e+07,60,0.7602
1658195227,ACHUSDT,Sell,10,0.01268,PlusTick,198e83f9-20f8-5b24-b380-4ae42fb68fca,1.268e+07,10,0.1268
1658195274,ACHUSDT,Buy,10,0.01269,PlusTick,aa41184c-db96-5580-920a-d30b45fc98f2,1.2690000000000002e+07,10,0.1269
1658195274,ACHUSDT,Buy,19990,0.01269,ZeroMinusTick,fcff4399-5881-577b-a215-4de807b020f8,2.536731e+10,19990,253.6731
1658195274,ACHUSDT,Buy,13410,0.01269,ZeroMinusTick,aa04c626-c440-5d02-8968-1e3e920b41a5,1.701729e+10,13410,170.1729
1658195274,ACHUSDT,Buy,4370,0.01269,ZeroMinusTick,b7be6caf-68a0-5892-97bb-9b76bc7cd242,5.54553e+09,4370,55.4553
1658195274,ACHUSDT,Buy,1230,0.01269,ZeroMinusTick,ec886e74-e870-5d2d-a1f6-3320deac757f,1.56087e+09,1230,15.6087
1658195275,ACHUSDT,Sell,10,0.01269,ZeroMinusTick,e152e983-e710-55b5-8f26-105eff53e2ac,1.2690000000000002e+07,10,0.1269
1658195280,ACHUSDT,Sell,10,0.01269,ZeroMinusTick,47875478-c7d7-547e-9207-ee99aa082540,1.2690000000000002e+07,10,0.1269
1658195301,ACHUSDT,Buy,30000,0.01269,ZeroMinusTick,76f58ed0-5316-5ac4-ab9e-602bfae65a35,3.807e+10,30000,380.7
1658195301,ACHUSDT,Buy,30000,0.01269,ZeroMinusTick,1cf5b0d3-194c-5508-a0d4-6b821788e4de,3.807e+10,30000,380.7
1658195302,ACHUSDT,Buy,24830,0.01269,ZeroMinusTick,eca1b8d6-ac1c-5e64-9eff-61273f530e71,3.1509269999999996e+10,24830,315.0927
1658195302,ACHUSDT,Buy,5170,0.01269,ZeroMinusTick,001924bc-39e7-5e83-8a81-9b464bb55918,6.560729999999999e+09,5170,65.6073
1658195303,ACHUSDT,Buy,5410,0.01269,ZeroMinusTick,14e4915b-a2fb-5501-8332-5d63c86c8631,6.86529e+09,5410,68.6529
1658195303,ACHUSDT,Buy,4800,0.01269,ZeroMinusTick,b91b4329-f244-5bd0-97ec-0cc7a7bc5ba0,6.0912e+09,4800,60.912
1658195374,ACHUSDT,Sell,90,0.01267,MinusTick,1d8fdf30-f3ca-5a4b-9d90-1fc7bf3391d8,1.1403000000000001e+08,90,1.1403
1658195484,ACHUSDT,Buy,10,0.01270,PlusTick,e3f71d8d-18c0-5e49-87eb-8ebefa976227,1.27e+07,10,0.127
1658195554,ACHUSDT,Sell,140,0.01269,MinusTick,1b9fe69c-6f4a-5016-b098-9962e89d47f0,1.7766e+08,140,1.7766
1658195640,ACHUSDT,Sell,30000,0.01268,MinusTick,bb902456-936c-512d-8532-24b87aa6d492,3.804e+10,30000,380.40000000000003
1658195654,ACHUSDT,Buy,10,0.01268,ZeroMinusTick,b3a064bd-05c1-5d32-a4a5-70d55c6dcbaa,1.268e+07,10,0.1268
1658195705,ACHUSDT,Buy,20000,0.01269,PlusTick,65d1d52e-2184-5454-9a52-46e197fa9c49,2.538e+10,20000,253.8
1658195717,ACHUSDT,Buy,10000,0.01269,ZeroMinusTick,3e31457e-6fff-5ac7-8f69-be8d782a7720,1.269e+10,10000,126.9
1658195734,ACHUSDT,Buy,170,0.01271,PlusTick,4d1eb81d-18b1-5857-b5c2-a1ddedab7989,2.1607000000000003e+08,170,2.1607000000000003
1658195864,ACHUSDT,Buy,150,0.01271,ZeroMinusTick,78d10b1e-4542-5489-adf4-5cd338ca0795,1.9065e+08,150,1.9065
1658195954,ACHUSDT,Sell,30000,0.01267,MinusTick,958d7666-de35-5cbd-bbe1-fabae2932718,3.801e+10,30000,380.1
1658195967,ACHUSDT,Sell,46390,0.01267,ZeroMinusTick,3ca1c73b-0740-5558-b61f-0f639a4f0609,5.877613e+10,46390,587.7613
1658195968,ACHUSDT,Sell,7630,0.01266,MinusTick,333ebf28-cdcc-5f48-9c7d-7a1e837905c9,9.65958e+09,7630,96.5958
1658196014,ACHUSDT,Sell,40,0.01266,ZeroMinusTick,992e81ac-3da5-5827-a42e-a2ae6a88ed15,5.063999999999999e+07,40,0.5064
1658196054,ACHUSDT,Buy,10,0.01267,PlusTick,ca90c4bc-214b-59bc-a078-7491546a9617,1.267e+07,10,0.1267
1658196070,ACHUSDT,Buy,19990,0.01267,ZeroMinusTick,a2619229-8aab-502e-8f95-fbabee136546,2.532733e+10,19990,253.2733
1658196070,ACHUSDT,Buy,26400,0.01267,ZeroMinusTick,36e3681c-fbc2-59d4-8280-32b8552cb304,3.34488e+10,26400,334.488
1658196070,ACHUSDT,Buy,21130,0.01267,ZeroMinusTick,7825e046-ba9c-5828-bd43-39f4a2a62a98,2.677171e+10,21130,267.7171
1658196077,ACHUSDT,Sell,10,0.01267,ZeroMinusTick,84bb4096-05fd-55cc-851b-2001002b2dc1,1.267e+07,10,0.1267
1658196126,ACHUSDT,Sell,22330,0.01266,MinusTick,c566d9c0-6221-5e12-af3e-ccd69dcc3b36,2.8269779999999996e+10,22330,282.6978
1658196145,ACHUSDT,Sell,24060,0.01265,MinusTick,6573f969-73a1-54bb-9440-086057884097,3.0435899999999996e+10,24060,304.359
1658196254,ACHUSDT,Sell,170,0.01265,ZeroMinusTick,637f1668-dc27-58d4-9a19-7315c65e84ee,2.1505e+08,170,2.1505
1658196324,ACHUSDT,Sell,10,0.01265,ZeroMinusTick,70743335-30b8-5260-87fa-18b4b7f6e746,1.265e+07,10,0.1265
1658196334,ACHUSDT,Sell,10,0.01265,ZeroMinusTick,8dd33d92-8077-548f-8820-a3fbd747ca14,1.265e+07,10,0.1265
1658196357,ACHUSDT,Sell,10,0.01265,ZeroMinusTick,9d1f85ca-2c8e-51ca-ba8b-01cfcc9ff121,1.265e+07,10,0.1265
1658196377,ACHUSDT,Sell,5740,0.01265,ZeroMinusTick,c0860534-f305-5674-a77e-54f4e5358241,7.2611e+09,5740,72.611
1658196377,ACHUSDT,Buy,20000,0.01264,MinusTick,d992bb5c-e78f-5de8-9add-f9e297a50a92,2.528e+10,20000,252.8
1658196378,ACHUSDT,Buy,20000,0.01264,ZeroMinusTick,b9e5a364-81bc-58c7-bf66-db4349b76d36,2.528e+10,20000,252.8
1658196394,ACHUSDT,Sell,70,0.01263,MinusTick,66bee30f-aaae-5bbc-af87-b0ec7438988d,8.841e+07,70,0.8841
1658196410,ACHUSDT,Buy,20000,0.01264,PlusTick,7a47deed-3d11-5031-9d2c-487f23b81728,2.528e+10,20000,252.8
1658196425,ACHUSDT,Buy,20000,0.01264,ZeroMinusTick,aa0cca79-45b8-5bae-8278-6df60a0b59b6,2.528e+10,20000,252.8
1658196490,ACHUSDT,Buy,20000,0.01264,ZeroMinusTick,6683dbfc-4d9c-58ec-b052-51d6a06ad651,2.528e+10,20000,252.8
1658196544,ACHUSDT,Buy,20000,0.01265,PlusTick,78f75fc4-3457-5e13-bfbe-05110a0ff05a,2.53e+10,20000,253
1658196584,ACHUSDT,Sell,40,0.01262,MinusTick,31e5f2eb-cefd-5c8a-93ae-ce58212c9352,5.047999999999999e+07,40,0.5047999999999999
1658196584,ACHUSDT,Sell,3920,0.01262,ZeroMinusTick,ba970de7-9151-5fdc-8132-7d0728ae4582,4.94704e+09,3920,49.4704
1658196654,ACHUSDT,Sell,150,0.01263,PlusTick,62cfae4a-f4fe-5572-8f0c-ad363a5cc53a,1.8945e+08,150,1.8945
1658196764,ACHUSDT,Sell,110,0.01263,ZeroMinusTick,12ea6b46-ccaf-575c-b92e-08281504664b,1.3893e+08,110,1.3893
1658196934,ACHUSDT,Sell,120,0.01264,PlusTick,a66be67e-4305-58cc-a237-e82410bb6e29,1.5168e+08,120,1.5168
1658197124,ACHUSDT,Buy,190,0.01266,PlusTick,ec856af5-3904-5d3b-8149-5683737b6144,2.4053999999999997e+08,190,2.4053999999999998
1658197194,ACHUSDT,Buy,1000,0.01267,PlusTick,37811ce7-c515-5da1-a2f8-286d845a3159,1.267e+09,1000,12.67
1658197294,ACHUSDT,Sell,170,0.01267,ZeroMinusTick,ffbadf81-efd0-5d91-9fe5-64b5a26fddbd,2.1539e+08,170,2.1539
1658197396,ACHUSDT,Buy,30000,0.01270,PlusTick,62aef76b-35e0-552c-bada-ae5e63014eac,3.81e+10,30000,381
1658197402,ACHUSDT,Buy,20000,0.01269,MinusTick,f7d6e666-2ced-53ca-86bd-2923ac618e9d,2.538e+10,20000,253.8
1658197453,ACHUSDT,Sell,10,0.01270,PlusTick,a80c79ed-f6a6-5f72-b9de-99861ecf33ea,1.27e+07,10,0.127
1658197459,ACHUSDT,Sell,10,0.01270,ZeroMinusTick,2dc50701-37a5-5d76-8c9a-7a5645bf6bf2,1.27e+07,10,0.127
1658197464,ACHUSDT,Buy,60,0.01271,PlusTick,6bd7402e-d42a-56ee-9645-4da5fe2c7adf,7.626e+07,60,0.7626000000000001
1658197479,ACHUSDT,Buy,10380,0.01271,ZeroMinusTick,361285cc-ae02-5aaa-ad3b-90b0e9867d36,1.319298e+10,10380,131.9298
1658197564,ACHUSDT,Buy,10,0.01271,ZeroMinusTick,075284fb-2317-5a81-bb94-d29c17d881a4,1.2710000000000002e+07,10,0.12710000000000002
1658197604,ACHUSDT,Buy,20000,0.01270,MinusTick,c8460f7e-6105-5df9-bba6-7692b9711710,2.54e+10,20000,254
1658197644,ACHUSDT,Sell,40,0.01271,PlusTick,a0070e6e-1608-5ed7-ae65-ed33868564a7,5.084000000000001e+07,40,0.5084000000000001
1658197754,ACHUSDT,Sell,110,0.01270,MinusTick,79a5952a-2faf-5184-9eba-b6e8d1965eef,1.397e+08,110,1.397
1658197954,ACHUSDT,Sell,200,0.01270,ZeroMinusTick,a315aba1-a009-5941-82e1-ae8ee6ba48ad,2.54e+08,200,2.54
1658198114,ACHUSDT,Sell,40,0.01270,ZeroMinusTick,fee70897-b837-5348-96d2-b76e891d47c6,5.08e+07,40,0.508
1658198174,ACHUSDT,Sell,100,0.01270,ZeroMinusTick,91366ce9-7922-5b54-ba23-1d5b90e209ef,1.27e+08,100,1.27
1658198234,ACHUSDT,Sell,90,0.01270,ZeroMinusTick,3cabe7e4-e11a-5674-a551-3e65911d0603,1.143e+08,90,1.143
1658198324,ACHUSDT,Sell,140,0.01270,ZeroMinusTick,367cb0f6-5d60-5c23-8d5f-be0b497a40da,1.778e+08,140,1.778
1658198392,ACHUSDT,Sell,9320,0.01270,ZeroMinusTick,e20357f4-dd05-5f07-a76c-cd0e5bc06010,1.1836399999999998e+10,9320,118.36399999999999
1658198392,ACHUSDT,Sell,37070,0.01270,ZeroMinusTick,3952f56e-5901-563f-ab5f-34840b9e624b,4.70789e+10,37070,470.789
1658198392,ACHUSDT,Sell,20000,0.01270,ZeroMinusTick,d4ad06b5-aa42-511b-883b-2db427b89437,2.54e+10,20000,254
1658198393,ACHUSDT,Sell,20000,0.01270,ZeroMinusTick,5cd00c1b-9db9-5ab5-8caf-b9e6c29b705a,2.54e+10,20000,254
1658198393,ACHUSDT,Sell,17950,0.01270,ZeroMinusTick,db0e51cb-0995-5ed5-88d7-f3a610e1d957,2.27965e+10,17950,227.965
1658198474,ACHUSDT,Sell,1000,0.01270,ZeroMinusTick,6f48dd57-f185-5dc3-a820-9377cf41029d,1.27e+09,1000,12.7
1658198564,ACHUSDT,Sell,1000,0.01270,ZeroMinusTick,0b1a0f94-9ce0-5d59-835d-e9c0818c889d,1.27e+09,1000,12.7
1658198624,ACHUSDT,Buy,40,0.01271,PlusTick,12276df4-050b-59a6-b485-ddb8ce4994f0,5.084000000000001e+07,40,0.5084000000000001
1658198804,ACHUSDT,Sell,10,0.01270,MinusTick,b63921c1-414e-53bd-9de5-5ac0e2af985f,1.27e+07,10,0.127
1658198849,ACHUSDT,Sell,10,0.01267,MinusTick,e15263e3-5369-5687-95a9-50df34231748,1.267e+07,10,0.1267
1658198884,ACHUSDT,Sell,200,0.01267,ZeroMinusTick,eaa057fa-705d-5cf8-bb9c-eaec65647f0a,2.5340000000000003e+08,200,2.5340000000000003
1658198984,ACHUSDT,Buy,20,0.01266,MinusTick,5e97a6e0-4bcf-5787-9ee8-f29f82c1d733,2.5319999999999996e+07,20,0.2532
1658199093,ACHUSDT,Buy,22060,0.01266,ZeroMinusTick,f6899f0e-ea72-52e6-b7a7-d1784c935c79,2.7927959999999996e+10,22060,279.27959999999996
1658199093,ACHUSDT,Buy,20000,0.01266,ZeroMinusTick,5c3c827f-d329-51f8-b36a-09ddd6c1afa2,2.532e+10,20000,253.2
1658199154,ACHUSDT,Buy,170,0.01267,PlusTick,60ee5a88-abd9-5931-8126-9016a461f90d,2.1539e+08,170,2.1539
1658199284,ACHUSDT,Buy,200,0.01266,MinusTick,9b1586fb-261b-5158-a473-8861d6e8b4a1,2.532e+08,200,2.532
1658199310,ACHUSDT,Buy,20000,0.01266,ZeroMinusTick,6a2b44fb-f8cc-5834-85d6-f17240cc45ca,2.532e+10,20000,253.2
1658199381,ACHUSDT,Sell,20210,0.01265,MinusTick,1a432ac6-f670-5376-8ac7-6699465f518d,2.556565e+10,20210,255.6565
1658199384,ACHUSDT,Sell,150,0.01265,ZeroMinusTick,5ae7f9ec-dfce-5bb3-b084-9b630330a747,1.8975e+08,150,1.8975
1658199534,ACHUSDT,Sell,110,0.01266,PlusTick,e6df8034-0725-55e4-907c-ca9f34a87b1c,1.3925999999999997e+08,110,1.3925999999999998
1658199734,ACHUSDT,Sell,50,0.01265,MinusTick,d57830a2-2b49-574b-8d1d-4e6b2487206f,6.324999999999999e+07,50,0.6325
1658199776,ACHUSDT,Buy,14180,0.01266,PlusTick,6d568db5-a4f2-55f7-b162-1fe1aaff111e,1.795188e+10,14180,179.5188
1658199804,ACHUSDT,Sell,130,0.01265,MinusTick,ac134c4d-71d9-5dcf-b255-abebeac2e57e,1.6445e+08,130,1.6445
1658199916,ACHUSDT,Sell,5330,0.01265,ZeroMinusTick,24167bb9-381d-58f9-969e-c1b10dd15c14,6.742449999999999e+09,5330,67.4245
1658199954,ACHUSDT,Sell,80,0.01265,ZeroMinusTick,1c5baaa4-5850-5f47-a01b-453a444f2b49,1.012e+08,80,1.012
1658200080,ACHUSDT,Buy,46390,0.01268,PlusTick,017a5dc0-b43e-5e45-b880-b470e90faf85,5.882252e+10,46390,588.2252
1658200083,ACHUSDT,Buy,23770,0.01268,ZeroMinusTick,66777aa6-1406-5d85-a2e2-40a2f5a7bb08,3.014036e+10,23770,301.4036
1658200084,ACHUSDT,Buy,140,0.01269,PlusTick,a8b9a2fc-9482-5277-87c3-a086a7c5fe73,1.7766e+08,140,1.7766
1658200184,ACHUSDT,Sell,170,0.01267,MinusTick,53f806d2-fcfd-5670-87dd-7d0a482a5a18,2.1539e+08,170,2.1539
1658200244,ACHUSDT,Sell,10,0.01267,ZeroMinusTick,be5a7404-35a7-5593-a47b-bf8ef534e300,1.267e+07,10,0.1267
1658200279,ACHUSDT,Sell,10,0.01270,PlusTick,bd37d98a-4cb8-516a-b8e4-9e6d9797009c,1.27e+07,10,0.127
1658200314,ACHUSDT,Sell,1000,0.01269,MinusTick,da5f6cd2-3c56-59d7-b225-80d0b604b1d0,1.269e+09,1000,12.69
1658200454,ACHUSDT,Buy,70,0.01270,PlusTick,01600f3b-35bd-55eb-bbe7-e72191569b48,8.89e+07,70,0.889
1658200664,ACHUSDT,Buy,200,0.01273,PlusTick,8fea154d-bcf2-5532-b16b-775363c2403d,2.5459999999999997e+08,200,2.546
1658200777,ACHUSDT,Sell,46390,0.01275,PlusTick,7eb83bcc-9821-5aec-8780-29c38c3d81dc,5.914725e+10,46390,591.4725
1658200777,ACHUSDT,Sell,52740,0.01275,ZeroMinusTick,b08e4c05-f19b-5444-9730-1431427e25ea,6.724349999999999e+10,52740,672.435
1658200777,ACHUSDT,Sell,37320,0.01274,MinusTick,0ba54afd-4c42-571f-bfb6-c2d799ac11fa,4.754568e+10,37320,475.4568
1658200814,ACHUSDT,Sell,70,0.01271,MinusTick,f74d2a01-3922-5e30-8180-809aadff1a21,8.897e+07,70,0.8897
1658200894,ACHUSDT,Sell,60,0.01271,ZeroMinusTick,1356ee82-6c2c-5775-8f8e-ab8f4b180216,7.626e+07,60,0.7626000000000001
1658201064,ACHUSDT,Sell,10,0.01273,PlusTick,7685792b-d319-5d37-9d22-216a6b3fae3e,1.273e+07,10,0.1273
1658201174,ACHUSDT,Buy,130,0.01276,PlusTick,ad1580e2-83bf-53df-8a7f-162be85353de,1.6588e+08,130,1.6588
1658201264,ACHUSDT,Buy,120,0.01276,ZeroMinusTick,e3beda46-4fcd-50c1-8f8f-270c9f656211,1.5312e+08,120,1.5312000000000001
1658201374,ACHUSDT,Sell,100,0.01273,MinusTick,e6d9e9a7-1cb2-5eed-89ef-8219bb4401fa,1.2729999999999999e+08,100,1.273
1658201464,ACHUSDT,Buy,120,0.01275,PlusTick,a20a22f3-89b2-5296-a02b-7489d68d2819,1.5299999999999997e+08,120,1.5299999999999998
1658201507,ACHUSDT,Buy,15060,0.01275,ZeroMinusTick,16d8e31e-91d7-5a69-9ad0-0d7342370793,1.92015e+10,15060,192.015
1658201559,ACHUSDT,Buy,10,0.01276,PlusTick,4150c171-dfd7-513d-bb8b-ae94b621ec2e,1.276e+07,10,0.1276
1658201644,ACHUSDT,Sell,200,0.01275,MinusTick,85059571-1ed4-534f-b2e1-2c77a9c65658,2.5499999999999997e+08,200,2.55
1658201645,ACHUSDT,Buy,10,0.01276,PlusTick,1045ce8f-5704-504d-83b1-dd6a381e1c50,1.276e+07,10,0.1276
1658201681,ACHUSDT,Buy,5330,0.01276,ZeroMinusTick,15c4e46e-145e-5168-a9f9-561298a11292,6.80108e+09,5330,68.0108
1658201708,ACHUSDT,Buy,32260,0.01276,ZeroMinusTick,3be0d43b-c7f8-5971-81e0-9d7e8bbe5614,4.116376e+10,32260,411.6376
1658201824,ACHUSDT,Sell,200,0.01277,PlusTick,7801708a-df66-5b17-be28-ca5d1f437ac0,2.5539999999999997e+08,200,2.554
1658201974,ACHUSDT,Buy,30,0.01282,PlusTick,05d5fd9a-bb1e-5a1f-8ea1-7bbcb48c1a73,3.846e+07,30,0.3846
1658202174,ACHUSDT,Buy,170,0.01282,ZeroMinusTick,165357ff-8c64-5811-a688-45b67e5173fe,2.1793999999999997e+08,170,2.1794
1658202245,ACHUSDT,Buy,20000,0.01279,MinusTick,f21924a3-93e3-5299-a3f3-ea3a5c43cc4f,2.558e+10,20000,255.79999999999998
1658202271,ACHUSDT,Buy,20000,0.01283,PlusTick,3cb0989d-c37e-5adf-89fd-4723a79e6172,2.5659999999999996e+10,20000,256.59999999999997
1658202271,ACHUSDT,Buy,27810,0.01283,ZeroMinusTick,4c73dfae-f201-5d30-ac49-3e1c8bbba4a2,3.568023e+10,27810,356.8023
1658202271,ACHUSDT,Buy,52740,0.01284,PlusTick,da21ad28-fb52-5623-8a6d-d66a40948384,6.771816e+10,52740,677.1816
1658202271,ACHUSDT,Buy,5960,0.01285,PlusTick,433c0b4c-297b-5192-b854-1b94d0767895,7.6586e+09,5960,76.586
1658202271,ACHUSDT,Buy,1590,0.01286,PlusTick,7531e4df-0844-5e29-ba1c-f89f893e2826,2.0447399999999998e+09,1590,20.4474
1658202271,ACHUSDT,Buy,2520,0.01286,ZeroMinusTick,75098d01-36bb-550b-a523-3ee6dae932ee,3.2407200000000005e+09,2520,32.4072
1658202271,ACHUSDT,Buy,9040,0.01286,ZeroMinusTick,a256c39d-c83a-5797-b38a-621673ac4009,1.162544e+10,9040,116.2544
1658202271,ACHUSDT,Buy,5640,0.01286,ZeroMinusTick,8c8255d1-c7d0-5c19-94f8-e316f6df788b,7.25304e+09,5640,72.5304
1658202271,ACHUSDT,Buy,830,0.01287,PlusTick,8a569074-6708-5326-b8e3-acedce8a59d1,1.06821e+09,830,10.6821
1658202271,ACHUSDT,Buy,13270,0.01287,ZeroMinusTick,9567b44a-19ca-5f35-8238-ad7ed957ae12,1.707849e+10,13270,170.7849
1658202271,ACHUSDT,Buy,310,0.01287,ZeroMinusTick,d84edf65-ea39-5c23-abc7-b5d5eb74cf06,3.9897e+08,310,3.9897
1658202271,ACHUSDT,Buy,10770,0.01287,ZeroMinusTick,ef8e9356-a904-5616-9c0e-630068ae44d4,1.3860989999999998e+10,10770,138.60989999999998
1658202271,ACHUSDT,Buy,2490,0.01288,PlusTick,0c08511b-e31b-535d-a2e1-a3c3a7f55d6e,3.2071200000000005e+09,2490,32.071200000000005
1658202271,ACHUSDT,Buy,1850,0.01288,ZeroMinusTick,b07fc9ac-7e31-558b-a86a-7de5b5d9691e,2.3828000000000005e+09,1850,23.828000000000003
1658202271,ACHUSDT,Buy,13820,0.01288,ZeroMinusTick,4b090729-889e-5621-8a2e-6d9a9ee5da03,1.7800160000000004e+10,13820,178.00160000000002
1658202271,ACHUSDT,Buy,6410,0.01288,ZeroMinusTick,f319f11f-45e5-5564-8f38-cadc24c99448,8.25608e+09,6410,82.5608
1658202271,ACHUSDT,Buy,14810,0.01288,ZeroMinusTick,25f42138-77dc-5de4-bc18-0474b4fe7f07,1.907528e+10,14810,190.7528
1658202272,ACHUSDT,Buy,20000,0.01297,PlusTick,517cc43a-0635-559e-80f2-0d522f3cbff6,2.5940000000000004e+10,20000,259.40000000000003
1658202272,ACHUSDT,Buy,17220,0.01301,PlusTick,84e7e19e-d3d8-5e85-ab44-727838682050,2.240322e+10,17220,224.03220000000002
1658202273,ACHUSDT,Sell,7690,0.01300,MinusTick,f7673f48-6149-5c3c-89b9-43d8f6ee6526,9.997e+09,7690,99.97
1658202275,ACHUSDT,Sell,10,0.01300,ZeroMinusTick,e4afef74-5b16-5b4a-b9c2-ee104479e16c,1.3e+07,10,0.13
1658202275,ACHUSDT,Sell,7690,0.01300,ZeroMinusTick,d3e85519-1f56-5f0c-824f-1285370000d8,9.997e+09,7690,99.97
1658202277,ACHUSDT,Sell,160,0.01300,ZeroMinusTick,6a187f42-d14b-535e-a9cb-fd028c526ed7,2.08e+08,160,2.08
1658202324,ACHUSDT,Sell,22610,0.01310,PlusTick,8bfdce0e-b787-55d5-90c4-007806e488dd,2.9619100000000004e+10,22610,296.19100000000003
1658202345,ACHUSDT,Sell,60,0.01300,MinusTick,45960062-b2ad-5d77-a30d-0de56aff5427,7.799999999999999e+07,60,0.7799999999999999
1658202472,ACHUSDT,Buy,46390,0.01295,MinusTick,304e225a-9240-5571-b20d-a711a9a9ef89,6.007505e+10,46390,600.7505
1658202514,ACHUSDT,Buy,9500,0.01299,PlusTick,4bd7c4eb-5482-591e-bd56-2d18a80d192f,1.23405e+10,9500,123.405
1658202515,ACHUSDT,Buy,140,0.01298,MinusTick,6d4fa47f-a535-532d-b875-d50720223b8a,1.8172e+08,140,1.8172
1658202516,ACHUSDT,Sell,10,0.01291,MinusTick,d8869ea5-db87-5645-bc7a-7cbc2b7147b4,1.291e+07,10,0.1291
1658202573,ACHUSDT,Buy,46390,0.01291,ZeroMinusTick,fd450a0d-b4ee-5838-ab08-89a1e8dcf5c6,5.988949e+10,46390,598.8949
1658202574,ACHUSDT,Buy,32250,0.01291,ZeroMinusTick,aea9cfed-1816-5f74-baa8-3ab3b5b86895,4.163475e+10,32250,416.34749999999997
1658202577,ACHUSDT,Buy,47890,0.01291,ZeroMinusTick,bec4dba2-0838-5178-bc2b-89d4ef098e7e,6.182599e+10,47890,618.2599
1658202635,ACHUSDT,Buy,10,0.01293,PlusTick,f11113a0-827f-5977-93f6-0ad974f85b1e,1.293e+07,10,0.1293
1658202793,ACHUSDT,Buy,20000,0.01294,PlusTick,0d3a6880-1e85-501a-a2a3-598fe0a0b842,2.588e+10,20000,258.8
1658202805,ACHUSDT,Sell,80,0.01290,MinusTick,ea5c0f0a-4415-526d-9eb6-1fb4007068ab,1.032e+08,80,1.032
1658202845,ACHUSDT,Sell,10,0.01291,PlusTick,b7f4fc20-b701-5d83-b1e3-40981bb18535,1.291e+07,10,0.1291
1658202924,ACHUSDT,Sell,19940,0.01296,PlusTick,63b8fa0e-bbea-5d8c-91e1-4ef9ae7ba006,2.584224e+10,19940,258.4224
1658203075,ACHUSDT,Buy,170,0.01297,PlusTick,d505ff1c-9163-55c8-89c7-30da6c44da19,2.2049000000000003e+08,170,2.2049000000000003
1658203099,ACHUSDT,Sell,20000,0.01295,MinusTick,db5f9b44-3c55-565a-b65d-f75e349c4de6,2.59e+10,20000,259
1658203099,ACHUSDT,Sell,26390,0.01295,ZeroMinusTick,7c987d33-697a-5a3d-913f-68574f10297f,3.417505e+10,26390,341.7505
1658203138,ACHUSDT,Sell,17920,0.01293,MinusTick,d7c80656-3e03-59d7-a974-7c48ce5ffb34,2.317056e+10,17920,231.7056
1658203150,ACHUSDT,Sell,19860,0.01292,MinusTick,23ea9976-e554-54c5-b8a1-da78779135f2,2.5659119999999996e+10,19860,256.59119999999996
1658203151,ACHUSDT,Sell,20000,0.01289,MinusTick,c5402651-794b-55b8-9ed5-69ddcd804639,2.578e+10,20000,257.8
1658203172,ACHUSDT,Buy,20000,0.01282,MinusTick,74d2b60e-7c3c-549a-92f6-28fa381616f7,2.5639999999999996e+10,20000,256.4
1658203172,ACHUSDT,Buy,20000,0.01282,ZeroMinusTick,1e594184-2bd8-5f27-9033-c90473ea57d7,2.5639999999999996e+10,20000,256.4
1658203172,ACHUSDT,Buy,3770,0.01283,PlusTick,83b47bf9-8d8f-5a37-a68f-35395652c00b,4.83691e+09,3770,48.369099999999996
1658203173,ACHUSDT,Buy,34010,0.01283,ZeroMinusTick,74c576ed-98f3-5768-8e24-22196c83ed5e,4.363483e+10,34010,436.3483
1658203176,ACHUSDT,Buy,37780,0.01284,PlusTick,f419824a-a4fc-5d24-8321-423aa521466a,4.850952e+10,37780,485.09520000000003
1658203187,ACHUSDT,Buy,20000,0.01282,MinusTick,c88c129c-9284-5f55-9d5e-0a554adde53b,2.5639999999999996e+10,20000,256.4
1658203205,ACHUSDT,Buy,50,0.01284,PlusTick,7568e8f4-6943-50d3-bd5f-0be8e4709a7e,6.42e+07,50,0.642
1658203240,ACHUSDT,Buy,24630,0.01284,ZeroMinusTick,628f260f-30c9-5b88-8f0b-f33e45ade3a7,3.1624920000000004e+10,24630,316.24920000000003
1658203277,ACHUSDT,Buy,20000,0.01287,PlusTick,0c6f4b89-23cb-59b6-b8d6-35f7a76b05ea,2.5739999999999996e+10,20000,257.4
1658203317,ACHUSDT,Buy,20000,0.01289,PlusTick,fd85cde2-9f6e-5b13-9368-1577e0e6d68d,2.578e+10,20000,257.8
1658203325,ACHUSDT,Sell,120,0.01287,MinusTick,6bf3a7f1-ef43-598b-b2b7-7a9f18d06c71,1.5444e+08,120,1.5444
1658203375,ACHUSDT,Buy,1000,0.01293,PlusTick,ef6596d1-7ee3-5371-b8d3-ad0f655147eb,1.293e+09,1000,12.93
1658203384,ACHUSDT,Buy,19000,0.01293,ZeroMinusTick,c59b5b6b-cfef-5546-993e-b9c0b841fdef,2.4567e+10,19000,245.67000000000002
1658203389,ACHUSDT,Buy,20000,0.01293,ZeroMinusTick,4ed16dbb-55ab-55fd-a6a8-f291dfbb2ea9,2.5860000000000004e+10,20000,258.6
1658203390,ACHUSDT,Buy,20000,0.01293,ZeroMinusTick,745ccd77-9cbe-5243-88e1-39186ae8adef,2.5860000000000004e+10,20000,258.6
1658203390,ACHUSDT,Buy,20000,0.01293,ZeroMinusTick,3aabc05e-abc5-59d5-9e28-09d945fa9cfb,2.5860000000000004e+10,20000,258.6
1658203515,ACHUSDT,Buy,140,0.01296,PlusTick,f72e8498-b6d6-536b-bbc6-1d567d8d39f8,1.8144e+08,140,1.8144
1658203626,ACHUSDT,Sell,10,0.01291,MinusTick,3831946b-e73a-520b-8880-b9e1a482512b,1.291e+07,10,0.1291
1658203626,ACHUSDT,Sell,10,0.01291,ZeroMinusTick,e9fc136d-b58c-5c4e-9fd8-5bd9faf735cd,1.291e+07,10,0.1291
1658203626,ACHUSDT,Sell,10,0.01291,ZeroMinusTick,5d637cdd-f383-58d2-97bb-9a2370a6b636,1.291e+07,10,0.1291
1658203627,ACHUSDT,Sell,10,0.01291,ZeroMinusTick,9f2549b3-d2a1-5d46-8d34-2af433fba00b,1.291e+07,10,0.1291
1658203627,ACHUSDT,Sell,10,0.01291,ZeroMinusTick,3d05e27f-6ed7-5787-bf59-e98a44502b7f,1.291e+07,10,0.1291
1658203627,ACHUSDT,Sell,10,0.01291,ZeroMinusTick,e50e4359-d4c2-59d4-a12c-809567427214,1.291e+07,10,0.1291
1658203627,ACHUSDT,Sell,10,0.01291,ZeroMinusTick,d0e772b7-122a-522b-a896-3fd98174c464,1.291e+07,10,0.1291
1658203627,ACHUSDT,Sell,10,0.01291,ZeroMinusTick,483fa8ca-a29c-508f-be2b-b86e6f56f2d6,1.291e+07,10,0.1291
1658203628,ACHUSDT,Sell,10,0.01291,ZeroMinusTick,7835ec22-e4cd-5dcd-9ae4-c53f455290af,1.291e+07,10,0.1291
1658203628,ACHUSDT,Sell,10,0.01291,ZeroMinusTick,023c993a-f0d8-5809-818d-f2aabd4410ef,1.291e+07,10,0.1291
1658203628,ACHUSDT,Sell,10,0.01291,ZeroMinusTick,06f7987a-38e4-595a-aad7-75e512700263,1.291e+07,10,0.1291
1658203628,ACHUSDT,Sell,10,0.01291,ZeroMinusTick,8a5a0f0c-ee49-50af-b241-0079b7a6e912,1.291e+07,10,0.1291
1658203628,ACHUSDT,Sell,10,0.01291,ZeroMinusTick,53bf4bbc-cccb-5d4f-a6fd-f4ca9288ca49,1.291e+07,10,0.1291
1658203628,ACHUSDT,Sell,10,0.01291,ZeroMinusTick,8dfb25ad-550d-5832-a81e-fb231aaa6357,1.291e+07,10,0.1291
1658203629,ACHUSDT,Sell,10,0.01291,ZeroMinusTick,4aad9757-0087-51ab-a4da-92f93d66c609,1.291e+07,10,0.1291
1658203629,ACHUSDT,Sell,10,0.01291,ZeroMinusTick,c0ea22f9-34df-50d0-82b5-b7f97e887b73,1.291e+07,10,0.1291
1658203629,ACHUSDT,Sell,10,0.01291,ZeroMinusTick,4a05fa8b-1b1c-5832-a4b1-710d48053987,1.291e+07,10,0.1291
1658203629,ACHUSDT,Sell,10,0.01291,ZeroMinusTick,98d66ef8-8e98-5738-b725-c432edd83328,1.291e+07,10,0.1291
1658203629,ACHUSDT,Sell,10,0.01291,ZeroMinusTick,e924d48d-5382-5283-9eff-0d6f740900e9,1.291e+07,10,0.1291
1658203630,ACHUSDT,Sell,10,0.01291,ZeroMinusTick,40fccc9f-4f0b-522f-a650-da223999c9aa,1.291e+07,10,0.1291
1658203630,ACHUSDT,Sell,10,0.01291,ZeroMinusTick,64c0296d-f9c5-527c-b324-fd0577748ce5,1.291e+07,10,0.1291
1658203630,ACHUSDT,Sell,10,0.01291,ZeroMinusTick,3eaa5164-d861-5141-8b83-60f4249affd4,1.291e+07,10,0.1291
1658203630,ACHUSDT,Sell,10,0.01291,ZeroMinusTick,51fbc882-7f7e-519c-ab26-94f2cfb5c0ab,1.291e+07,10,0.1291
1658203630,ACHUSDT,Sell,10,0.01291,ZeroMinusTick,981d1620-1097-51de-9576-37efbaa13152,1.291e+07,10,0.1291
1658203630,ACHUSDT,Sell,10,0.01291,ZeroMinusTick,a311bcac-b910-599c-904a-2222e53cf993,1.291e+07,10,0.1291
1658203630,ACHUSDT,Sell,10,0.01291,ZeroMinusTick,47c2b347-40ec-558a-b119-c85d34973a43,1.291e+07,10,0.1291
1658203631,ACHUSDT,Sell,10,0.01291,ZeroMinusTick,91b31545-345f-5603-a73d-f2e6a844791d,1.291e+07,10,0.1291
1658203631,ACHUSDT,Sell,10,0.01291,ZeroMinusTick,0c45ded5-a1eb-54d7-8ed1-0c7375f80d19,1.291e+07,10,0.1291
1658203631,ACHUSDT,Sell,10,0.01291,ZeroMinusTick,cfbe578a-e4b9-5327-8a43-731aba8d15f6,1.291e+07,10,0.1291
1658203631,ACHUSDT,Sell,10,0.01291,ZeroMinusTick,963b928d-7ba9-5189-ab01-37f40cbb966f,1.291e+07,10,0.1291
1658203631,ACHUSDT,Sell,10,0.01291,ZeroMinusTick,b8298aee-ac69-51ab-bcb0-75ccd4b6a072,1.291e+07,10,0.1291
1658203632,ACHUSDT,Sell,10,0.01291,ZeroMinusTick,5e30b2cc-aef9-5dc4-8f14-6b508916c2db,1.291e+07,10,0.1291
1658203632,ACHUSDT,Sell,10,0.01291,ZeroMinusTick,7983ec4f-b22a-5222-bf63-953a7a743ae7,1.291e+07,10,0.1291
1658203632,ACHUSDT,Sell,10,0.01291,ZeroMinusTick,40dba63a-0f38-5c9e-b1d6-69fbac592eb3,1.291e+07,10,0.1291
1658203632,ACHUSDT,Sell,10,0.01291,ZeroMinusTick,7c5e35e8-e9aa-54e7-9ffb-2caa99739f03,1.291e+07,10,0.1291
1658203632,ACHUSDT,Sell,10,0.01291,ZeroMinusTick,4a18e62d-7d99-5c82-a1af-83d32fdb8f82,1.291e+07,10,0.1291
1658203633,ACHUSDT,Sell,10,0.01291,ZeroMinusTick,5c56e3ad-7ef1-5cac-bc13-68fd07175732,1.291e+07,10,0.1291
1658203633,ACHUSDT,Sell,10,0.01291,ZeroMinusTick,421486dd-cd9b-5dec-b75b-b9b8269a77b8,1.291e+07,10,0.1291
1658203633,ACHUSDT,Sell,10,0.01291,ZeroMinusTick,6a9692ea-9baf-588a-b3b4-123023225788,1.291e+07,10,0.1291
1658203633,ACHUSDT,Sell,10,0.01291,ZeroMinusTick,8e87fa6b-ecd6-5fdd-9eb8-1533b4d3c00c,1.291e+07,10,0.1291
1658203633,ACHUSDT,Sell,10,0.01291,ZeroMinusTick,c6d01842-d7b7-558d-b59f-ad5576d28337,1.291e+07,10,0.1291
1658203633,ACHUSDT,Sell,10,0.01291,ZeroMinusTick,0a2a6de5-d60f-55f6-a4b1-c208f8358c06,1.291e+07,10,0.1291
1658203634,ACHUSDT,Sell,10,0.01291,ZeroMinusTick,02f96000-e2be-535f-b281-ecd7f9d98974,1.291e+07,10,0.1291
1658203634,ACHUSDT,Sell,10,0.01291,ZeroMinusTick,3afef4bb-847a-56a4-a12c-69001508530a,1.291e+07,10,0.1291
1658203634,ACHUSDT,Sell,10,0.01291,ZeroMinusTick,19b1e88c-12e6-5834-824c-54f2e8c48eb3,1.291e+07,10,0.1291
1658203634,ACHUSDT,Sell,10,0.01291,ZeroMinusTick,a2b01a29-0091-5a72-8da2-15e381c4b3b4,1.291e+07,10,0.1291
1658203634,ACHUSDT,Sell,16870,0.01291,ZeroMinusTick,cca62344-86a7-50b6-865e-5e9f1c88ffe9,2.177917e+10,16870,217.7917
1658203662,ACHUSDT,Buy,19550,0.01288,MinusTick,4d0aa2d0-d928-51aa-8cf8-f89efd5384fd,2.51804e+10,19550,251.804
1658203662,ACHUSDT,Buy,450,0.01288,ZeroMinusTick,105a9eac-2d9f-5a3f-9c6b-477d6688b807,5.796e+08,450,5.796
1658203663,ACHUSDT,Buy,20000,0.01289,PlusTick,4ccfa8f2-9339-5311-84f9-c626cd76fc52,2.578e+10,20000,257.8
1658203668,ACHUSDT,Buy,46390,0.01291,PlusTick,d57a86bf-2b4b-544b-8537-701f70f055ca,5.988949e+10,46390,598.8949
1658203685,ACHUSDT,Buy,80,0.01296,PlusTick,05f586f6-8af4-5b94-a578-7670ea92a487,1.0368e+08,80,1.0368
1658203763,ACHUSDT,Buy,37870,0.01296,ZeroMinusTick,8f401909-890b-5d4d-a80d-638f7eefc743,4.907952e+10,37870,490.79519999999997
1658203766,ACHUSDT,Buy,37950,0.01297,PlusTick,c54a44bb-4222-55c6-8498-1cbbc05fce8f,4.922115e+10,37950,492.2115
1658203766,ACHUSDT,Buy,37950,0.01297,ZeroMinusTick,3b92d92c-8817-5a4a-b137-c59d3cbacb60,4.922115e+10,37950,492.2115
1658203775,ACHUSDT,Sell,10,0.01294,MinusTick,ad329bdb-1958-5538-b000-734c2e7a933c,1.2940000000000002e+07,10,0.12940000000000002
1658203886,ACHUSDT,Buy,20000,0.01299,PlusTick,d1d7e35c-f414-535a-b4ee-446cc0cee30a,2.598e+10,20000,259.8
1658203905,ACHUSDT,Sell,10,0.01296,MinusTick,023aff26-763b-57ec-96c7-cd57e2ca4fb7,1.296e+07,10,0.1296
1658203963,ACHUSDT,Sell,20000,0.01297,PlusTick,7fd8d096-48e4-5dc8-96c9-67db8a61a74b,2.5940000000000004e+10,20000,259.40000000000003
1658203963,ACHUSDT,Sell,46390,0.01295,MinusTick,1355742e-4311-5a30-aa9c-fe86c41c5d00,6.007505e+10,46390,600.7505
1658203963,ACHUSDT,Sell,46390,0.01295,ZeroMinusTick,60fc9b42-8b28-5110-a34c-c545b0eb51ba,6.007505e+10,46390,600.7505
1658203963,ACHUSDT,Sell,46390,0.01295,ZeroMinusTick,06c77b20-5898-5fe8-bd2c-5ff00a4b3c58,6.007505e+10,46390,600.7505
1658203963,ACHUSDT,Sell,27810,0.01295,ZeroMinusTick,0f5153b4-d80d-51fb-bd77-7edc4d4fefde,3.601395e+10,27810,360.1395
1658203963,ACHUSDT,Sell,3430,0.01294,MinusTick,64bb8eac-5b98-51be-b0ce-f04158d51b61,4.43842e+09,3430,44.3842
1658203963,ACHUSDT,Sell,640,0.01294,ZeroMinusTick,ebb06dd9-6448-54d0-9e93-bb7861dac99a,8.281600000000001e+08,640,8.281600000000001
1658203963,ACHUSDT,Sell,6820,0.01294,ZeroMinusTick,718bb37c-8f92-5989-aaf0-87c762e8e825,8.82508e+09,6820,88.2508
1658203963,ACHUSDT,Sell,52740,0.01294,ZeroMinusTick,8a8dfc94-8d94-5c76-949a-18f6667a0d43,6.824556e+10,52740,682.4556
1658203963,ACHUSDT,Sell,520,0.01293,MinusTick,5ea849bc-03d2-5383-adb4-6fa64e672216,6.7236e+08,520,6.7236
1658203963,ACHUSDT,Sell,5880,0.01293,ZeroMinusTick,d79f17d6-d9ca-5408-b389-f10e587b27dd,7.602840000000001e+09,5880,76.0284
1658203963,ACHUSDT,Sell,2330,0.01293,ZeroMinusTick,5c9519f7-5f0b-5110-803c-6e6ca17b13df,3.0126900000000005e+09,2330,30.126900000000003
1658203963,ACHUSDT,Sell,520,0.01292,MinusTick,cdda26ee-52f9-52cd-9f78-cab23011bd72,6.7184e+08,520,6.7184
1658203963,ACHUSDT,Sell,4740,0.01292,ZeroMinusTick,b0599640-810f-5384-823d-3ea2b99098d3,6.124079999999999e+09,4740,61.24079999999999
1658203963,ACHUSDT,Sell,10790,0.01292,ZeroMinusTick,64b2a9de-8edd-5109-960c-4d49327e79d7,1.394068e+10,10790,139.4068
1658203963,ACHUSDT,Sell,520,0.01291,MinusTick,8d9cc087-6077-5405-98be-15031e4470fd,6.7132e+08,520,6.7132
1658203963,ACHUSDT,Sell,3410,0.01291,ZeroMinusTick,d26fc48c-b9b1-5bd4-8caa-f8462c259acc,4.40231e+09,3410,44.0231
1658203963,ACHUSDT,Sell,4740,0.01291,ZeroMinusTick,bce85fe5-1ecf-536a-9fcd-f45c42809d6f,6.11934e+09,4740,61.1934
1658203963,ACHUSDT,Sell,6800,0.01291,ZeroMinusTick,4fb9b1d5-1e7c-5cbe-bdeb-5e78b637fcb6,8.7788e+09,6800,87.788
1658203963,ACHUSDT,Sell,9710,0.01291,ZeroMinusTick,081d0155-73b7-5f76-9f44-7e2824b6f053,1.253561e+10,9710,125.3561
1658203963,ACHUSDT,Sell,1300,0.01290,MinusTick,d6f15b92-f4b8-5a6e-8c7b-387aaf2552bb,1.677e+09,1300,16.77
1658203963,ACHUSDT,Sell,1920,0.01290,ZeroMinusTick,ad977145-1b92-55b5-8d41-7301829a61b1,2.4768e+09,1920,24.768
1658203963,ACHUSDT,Sell,10680,0.01290,ZeroMinusTick,e3a4080b-2aba-5b95-9bd0-010be9e2ee61,1.37772e+10,10680,137.772
1658203963,ACHUSDT,Sell,11950,0.01290,ZeroMinusTick,f8cf1c90-5693-528c-92ce-b04444440807,1.54155e+10,11950,154.155
1658203963,ACHUSDT,Sell,520,0.01289,MinusTick,63d30476-5f9e-53be-b89c-be688155f4fc,6.7028e+08,520,6.7028
1658203963,ACHUSDT,Sell,175140,0.01289,ZeroMinusTick,e08965dd-accb-5c45-84b3-048a0afae939,2.2575546e+11,175140,2257.5546
1658203963,ACHUSDT,Sell,620,0.01289,ZeroMinusTick,a8f8c756-3c0c-59b8-9eae-f0bfc53e9adf,7.9918e+08,620,7.9918000000000005
1658203963,ACHUSDT,Sell,12360,0.01289,ZeroMinusTick,8bbd7d1d-c058-5b87-9eb4-714a8f4ca36a,1.593204e+10,12360,159.3204
1658203963,ACHUSDT,Sell,5140,0.01289,ZeroMinusTick,b37269a1-45de-5df1-8bb7-3e6266554cf6,6.62546e+09,5140,66.2546
1658203963,ACHUSDT,Sell,21200,0.01288,MinusTick,cd384186-8b00-50cd-b700-9a4bcceea3b2,2.7305600000000004e+10,21200,273.05600000000004
1658203963,ACHUSDT,Sell,179630,0.01286,MinusTick,f85a91fa-eea3-5c22-ab8c-51f925ca03ad,2.3100418e+11,179630,2310.0418
1658203963,ACHUSDT,Sell,18970,0.01286,ZeroMinusTick,b66af936-267d-587f-8eb4-4ea06c85fda3,2.439542e+10,18970,243.9542
1658203965,ACHUSDT,Sell,27810,0.01297,PlusTick,0e0d0eba-8e19-5523-8b27-c72bb84e5f6a,3.606957000000001e+10,27810,360.69570000000004
1658203965,ACHUSDT,Sell,20000,0.01296,MinusTick,b3a5fcd4-7fcb-5d2a-af10-87bbc7566b29,2.592e+10,20000,259.2
1658203965,ACHUSDT,Sell,52740,0.01295,MinusTick,da795600-becc-5155-a52d-ee80b9c3fff3,6.829829999999999e+10,52740,682.983
1658203965,ACHUSDT,Sell,4070,0.01293,MinusTick,d656b424-d0f9-5861-a3a1-1f79ab9652bf,5.26251e+09,4070,52.6251
1658203965,ACHUSDT,Sell,14280,0.01292,MinusTick,777b7d61-2587-58ff-b0ac-13cacf4c192e,1.8449759999999996e+10,14280,184.49759999999998
1658203965,ACHUSDT,Sell,5480,0.01292,ZeroMinusTick,7a38cf8e-7c5d-5dab-bc0c-e81a372857a9,7.080159999999999e+09,5480,70.8016
1658203965,ACHUSDT,Sell,5260,0.01291,MinusTick,fb853a20-f6fc-5df4-90ca-a66e00b8cda9,6.79066e+09,5260,67.9066
1658203965,ACHUSDT,Sell,3930,0.01290,MinusTick,20c83636-4bcc-5561-bb45-a87a68f9a169,5.0697e+09,3930,50.697
1658203965,ACHUSDT,Sell,175140,0.01290,ZeroMinusTick,61f6ab22-871d-5411-93e8-bf8bac9a2337,2.259306e+11,175140,2259.306
1658203965,ACHUSDT,Sell,4220,0.01289,MinusTick,1096a0b0-ed80-5394-8a88-5e5890052091,5.43958e+09,4220,54.3958
1658203965,ACHUSDT,Sell,17150,0.01289,ZeroMinusTick,4df9ec5f-e160-5199-b217-0932cea8a8a3,2.210635e+10,17150,221.0635
1658203965,ACHUSDT,Sell,4450,0.01288,MinusTick,1ed911c7-8ac5-5dec-a5e4-a86009be8b62,5.7316e+09,4450,57.316
1658203965,ACHUSDT,Sell,179630,0.01287,MinusTick,c1001736-d665-5bb7-9c4b-f1928febc635,2.3118381e+11,179630,2311.8381
1658203965,ACHUSDT,Sell,55910,0.01286,MinusTick,cd45ef18-9419-571e-a7cf-c4d9095ecf4a,7.190026e+10,55910,719.0026
1658203965,ACHUSDT,Sell,149930,0.01285,MinusTick,647f46f9-ee6f-50fb-a060-f9a6b5c099ef,1.9266005e+11,149930,1926.6005
1658203966,ACHUSDT,Sell,20000,0.01285,ZeroMinusTick,e1f9460b-e53b-58b0-9f86-9b089c871268,2.57e+10,20000,257
1658203975,ACHUSDT,Sell,1000,0.01295,PlusTick,bf974407-773a-5da1-892e-73ff4e5436d6,1.295e+09,1000,12.95
1658203997,ACHUSDT,Sell,19000,0.01295,ZeroMinusTick,df8541c5-9ee6-5634-8557-f9a9b14046ad,2.4605e+10,19000,246.04999999999998
1658203997,ACHUSDT,Sell,20000,0.01295,ZeroMinusTick,4d9358f3-96bb-533d-b12d-4bfcf57b0961,2.59e+10,20000,259
1658203997,ACHUSDT,Sell,19860,0.01295,ZeroMinusTick,eb41a807-e3d3-51c3-a389-68e053855a28,2.57187e+10,19860,257.187
1658204001,ACHUSDT,Buy,15380,0.01293,MinusTick,af6944db-5bfc-59f4-bd53-01a690ffe362,1.988634e+10,15380,198.8634
1658204005,ACHUSDT,Sell,20000,0.01292,MinusTick,763656fa-c8e2-5a47-9ccf-14d249f58ce6,2.5839999999999996e+10,20000,258.4
1658204005,ACHUSDT,Sell,10890,0.01290,MinusTick,d580e55e-b41d-54ac-ba1a-8043a19d99e6,1.40481e+10,10890,140.481
1658204005,ACHUSDT,Buy,10,0.01290,ZeroMinusTick,b0c4f054-2634-5366-99ba-f36b6f492d3b,1.29e+07,10,0.129
1658204005,ACHUSDT,Buy,30,0.01290,ZeroMinusTick,09c2b828-bd10-53ab-b613-ccf4b56e7178,3.87e+07,30,0.387
1658204005,ACHUSDT,Buy,10,0.01290,ZeroMinusTick,6ac8c131-b036-53b7-aec3-cc0408d70624,1.29e+07,10,0.129
1658204006,ACHUSDT,Buy,10,0.01290,ZeroMinusTick,fbcda813-6fa0-5ff3-b133-44810d7e8587,1.29e+07,10,0.129
1658204006,ACHUSDT,Buy,10,0.01290,ZeroMinusTick,69fcfee4-d539-5caa-a9c9-33a294a63fd3,1.29e+07,10,0.129
1658204006,ACHUSDT,Buy,10,0.01290,ZeroMinusTick,58306c8d-11d5-5c6c-93fe-3ce7d5574c6d,1.29e+07,10,0.129
1658204006,ACHUSDT,Buy,10,0.01290,ZeroMinusTick,b901fda2-07f8-5a89-9a40-03b07813d60a,1.29e+07,10,0.129
1658204006,ACHUSDT,Buy,10,0.01290,ZeroMinusTick,26a30023-baf6-559d-9a2c-fd49be1f0e54,1.29e+07,10,0.129
1658204007,ACHUSDT,Buy,10,0.01290,ZeroMinusTick,c0079956-2101-5ea5-b81f-5e7dc828f9cd,1.29e+07,10,0.129
1658204007,ACHUSDT,Buy,10,0.01290,ZeroMinusTick,245b5fe8-88c2-5806-9acc-f3fbcc65f1b3,1.29e+07,10,0.129
1658204007,ACHUSDT,Buy,10,0.01290,ZeroMinusTick,3555efb0-8250-51fd-9629-a2c38fdfe61f,1.29e+07,10,0.129
1658204007,ACHUSDT,Buy,10,0.01290,ZeroMinusTick,3d9b686f-72a2-5130-bf00-aca9ac19596f,1.29e+07,10,0.129
1658204007,ACHUSDT,Buy,10,0.01290,ZeroMinusTick,7591f3a5-636c-569c-9c22-6db8e306cec7,1.29e+07,10,0.129
1658204007,ACHUSDT,Buy,10,0.01290,ZeroMinusTick,e7fe82b0-b1dd-55b1-82a0-5684ff5b4e6a,1.29e+07,10,0.129
1658204007,ACHUSDT,Buy,10,0.01290,ZeroMinusTick,f6b189ac-12f7-5b20-b5b3-d80cb63cac4a,1.29e+07,10,0.129
1658204007,ACHUSDT,Buy,10,0.01290,ZeroMinusTick,d285b5d2-00cb-502c-b3dc-7f42b8ea904d,1.29e+07,10,0.129
1658204008,ACHUSDT,Buy,10,0.01290,ZeroMinusTick,768efd8f-a48e-5702-a1c1-dfcebabb5c81,1.29e+07,10,0.129
1658204008,ACHUSDT,Buy,10,0.01290,ZeroMinusTick,5c37c725-4cb8-5cb0-a314-502b53150dff,1.29e+07,10,0.129
1658204008,ACHUSDT,Buy,10,0.01290,ZeroMinusTick,00fe6dca-54da-54ce-9bdc-3fefbca42be0,1.29e+07,10,0.129
1658204008,ACHUSDT,Buy,10,0.01290,ZeroMinusTick,2c84858e-9379-548b-a5ec-2b94cf0a41d3,1.29e+07,10,0.129
1658204033,ACHUSDT,Buy,10,0.01295,PlusTick,65a0fdb6-1692-540b-a00f-2b7f2a4fd319,1.295e+07,10,0.1295
1658204041,ACHUSDT,Sell,20000,0.01295,ZeroMinusTick,ac2496c5-a7d2-5836-b993-96c0d9174e8e,2.59e+10,20000,259
1658204041,ACHUSDT,Sell,3430,0.01293,MinusTick,92f6595f-805a-5290-911e-65240f77ac71,4.434990000000001e+09,3430,44.349900000000005
1658204041,ACHUSDT,Sell,9060,0.01293,ZeroMinusTick,13fde303-0e39-5faf-8752-3215ef976e97,1.171458e+10,9060,117.14580000000001
1658204041,ACHUSDT,Buy,10,0.01293,ZeroMinusTick,78b30cdd-851e-569a-8744-3f71548817c8,1.293e+07,10,0.1293
1658204041,ACHUSDT,Buy,10,0.01293,ZeroMinusTick,28c55804-a894-5cfe-8af4-8695ed2d0254,1.293e+07,10,0.1293
1658204041,ACHUSDT,Buy,10,0.01293,ZeroMinusTick,1231a9d8-47e4-56e1-b84a-c7949c016119,1.293e+07,10,0.1293
1658204041,ACHUSDT,Buy,10,0.01293,ZeroMinusTick,926b6ef8-efc2-5863-862b-7ae1f94e14ff,1.293e+07,10,0.1293
1658204042,ACHUSDT,Buy,10,0.01293,ZeroMinusTick,9ebd8fff-526d-5587-8e3b-82b83ee84eee,1.293e+07,10,0.1293
1658204042,ACHUSDT,Buy,10,0.01293,ZeroMinusTick,10b6e6fd-2de5-58f4-ab19-ffb7987445fa,1.293e+07,10,0.1293
1658204042,ACHUSDT,Buy,10,0.01293,ZeroMinusTick,45893058-45f8-5461-a358-1acb83e7d2da,1.293e+07,10,0.1293
1658204042,ACHUSDT,Buy,10,0.01293,ZeroMinusTick,b3ab2179-7be6-5942-b6d6-ffa2d89920de,1.293e+07,10,0.1293
1658204042,ACHUSDT,Buy,10,0.01293,ZeroMinusTick,cf557445-4988-51bc-bec8-e353cdae0f20,1.293e+07,10,0.1293
1658204043,ACHUSDT,Buy,10,0.01293,ZeroMinusTick,41881215-417c-58eb-b284-2181bfa4d447,1.293e+07,10,0.1293
1658204043,ACHUSDT,Buy,10,0.01293,ZeroMinusTick,6d44bb9f-8d3f-555f-a0a6-531c50e358da,1.293e+07,10,0.1293
1658204043,ACHUSDT,Buy,10,0.01293,ZeroMinusTick,7f486219-22df-5f52-88f9-2c54b1cb5fbe,1.293e+07,10,0.1293
1658204043,ACHUSDT,Buy,10,0.01293,ZeroMinusTick,f2a572c0-28c2-57c3-84f7-fc23e43e5478,1.293e+07,10,0.1293
1658204043,ACHUSDT,Buy,10,0.01293,ZeroMinusTick,8105bff0-f041-5d22-ae73-4db31b4a9eae,1.293e+07,10,0.1293
1658204043,ACHUSDT,Buy,10,0.01293,ZeroMinusTick,628bc103-6b27-5b7c-bcd6-dc16058bf556,1.293e+07,10,0.1293
1658204043,ACHUSDT,Buy,10,0.01293,ZeroMinusTick,e43bc647-69fe-5022-9454-20d708b222f2,1.293e+07,10,0.1293
1658204043,ACHUSDT,Buy,10,0.01293,ZeroMinusTick,a7ef60f8-7b67-5203-a5be-8b7a4500f612,1.293e+07,10,0.1293
1658204044,ACHUSDT,Sell,20000,0.01295,PlusTick,b6674c45-9ff5-599e-b208-a357777f5b92,2.59e+10,20000,259
1658204047,ACHUSDT,Sell,20000,0.01295,ZeroMinusTick,62f53813-f5a6-5799-b24a-67472cd32390,2.59e+10,20000,259
1658204058,ACHUSDT,Sell,20000,0.01295,ZeroMinusTick,cb694198-5c71-5c14-9595-c3ff596bfe85,2.59e+10,20000,259
1658204063,ACHUSDT,Sell,20000,0.01295,ZeroMinusTick,22b779fb-5f5c-544e-933e-44e5d4b8a302,2.59e+10,20000,259
1658204065,ACHUSDT,Sell,20000,0.01295,ZeroMinusTick,5e71a547-e9fa-5531-ae64-037519c5baac,2.59e+10,20000,259
1658204065,ACHUSDT,Sell,20000,0.01294,MinusTick,52ad18e6-b1dc-5b76-b515-b85520d3e7e4,2.588e+10,20000,258.8
1658204072,ACHUSDT,Sell,43050,0.01292,MinusTick,6b3c9bd3-2cd0-5d06-b76d-c9a3f08b3de2,5.56206e+10,43050,556.206
1658204072,ACHUSDT,Sell,9690,0.01291,MinusTick,766bd8fc-dbb7-5c0b-890d-49477dd23ef2,1.250979e+10,9690,125.0979
1658204078,ACHUSDT,Sell,20000,0.01292,PlusTick,db586b4b-6136-535c-a4a5-54290fd53aec,2.5839999999999996e+10,20000,258.4
1658204078,ACHUSDT,Buy,30310,0.01292,ZeroMinusTick,585eb656-d332-5ebb-944f-973f3e7370a0,3.916052e+10,30310,391.60519999999997
1658204090,ACHUSDT,Sell,20000,0.01293,PlusTick,d338941d-9034-5216-bd6e-36cd05f911cd,2.5860000000000004e+10,20000,258.6
1658204090,ACHUSDT,Sell,20000,0.01292,MinusTick,9abab0f4-e027-5664-8695-a5cbc0f8a414,2.5839999999999996e+10,20000,258.4
1658204093,ACHUSDT,Buy,10,0.01292,ZeroMinusTick,66cfed01-a937-553c-b948-53492bb60ebc,1.2919999999999998e+07,10,0.12919999999999998
1658204097,ACHUSDT,Buy,52740,0.01292,ZeroMinusTick,082cd066-ca84-511d-a5d9-61c7e535bf22,6.814008e+10,52740,681.4008
1658204097,ACHUSDT,Buy,27810,0.01293,PlusTick,f5f9ac24-5d23-5da9-976e-3556ca49d9f2,3.595833e+10,27810,359.5833
1658204100,ACHUSDT,Sell,20000,0.01294,PlusTick,7236ae0a-549f-5d8e-aa30-f4faf512bbad,2.588e+10,20000,258.8
1658204101,ACHUSDT,Sell,20000,0.01294,ZeroMinusTick,6779a6f5-9d3f-5bd8-a165-5ad690da1c0c,2.588e+10,20000,258.8
1658204114,ACHUSDT,Sell,20000,0.01294,ZeroMinusTick,4d12ec00-9480-5cc0-b06f-d0b5bce2bc1a,2.588e+10,20000,258.8
1658204115,ACHUSDT,Buy,150,0.01295,PlusTick,9e262f04-c4c4-5ce6-b262-06aaef165a62,1.9425e+08,150,1.9425
1658204131,ACHUSDT,Buy,10,0.01295,ZeroMinusTick,769fab90-d058-5b5d-a074-02024d44daa2,1.295e+07,10,0.1295
1658204136,ACHUSDT,Buy,27810,0.01295,ZeroMinusTick,ff18d6ef-9a1c-5111-a17e-9f2a28b77558,3.601395e+10,27810,360.1395
1658204136,ACHUSDT,Buy,18580,0.01295,ZeroMinusTick,e13ed970-20e3-52d9-a5a6-f27da0b61b5d,2.40611e+10,18580,240.611
1658204136,ACHUSDT,Buy,20000,0.01295,ZeroMinusTick,961d149f-f3b6-5c98-83d0-bd73c72f381a,2.59e+10,20000,259
1658204136,ACHUSDT,Buy,13770,0.01295,ZeroMinusTick,b076c136-e370-5ff7-9c3d-41f28cfcae10,1.783215e+10,13770,178.3215
1658204146,ACHUSDT,Buy,52740,0.01296,PlusTick,5d11fb25-82f3-58a0-ac5f-05cd2fde22cf,6.835104e+10,52740,683.5104
1658204146,ACHUSDT,Buy,46390,0.01297,PlusTick,5db29227-3287-5541-8c25-ba1c2434eb1b,6.016783e+10,46390,601.6783
1658204146,ACHUSDT,Buy,27810,0.01297,ZeroMinusTick,9640bc14-5671-5817-be7f-a700b0db8d35,3.606957000000001e+10,27810,360.69570000000004
1658204153,ACHUSDT,Sell,16870,0.01298,PlusTick,73b9f3b0-5ac4-5c07-b219-3e75bd7ef824,2.189726e+10,16870,218.9726
1658204160,ACHUSDT,Sell,20010,0.01299,PlusTick,a1acbf58-d062-51f3-b19c-39089b5a3184,2.5992989999999996e+10,20010,259.9299
1658204160,ACHUSDT,Sell,17940,0.01299,ZeroMinusTick,a7a6af71-2d9c-57c3-8f46-765a5ada62ee,2.330406e+10,17940,233.04059999999998
1658204185,ACHUSDT,Sell,2060,0.01299,ZeroMinusTick,26fffaf3-86a1-5930-bbdf-c4ad2bd40520,2.67594e+09,2060,26.7594
1658204185,ACHUSDT,Sell,17940,0.01299,ZeroMinusTick,2c8e3064-3146-50d8-9d0b-1da07301b8b2,2.330406e+10,17940,233.04059999999998
1658204197,ACHUSDT,Sell,20000,0.01298,MinusTick,a0292163-a0cd-5fb5-a2bb-352f42c53080,2.5960000000000004e+10,20000,259.6
1658204235,ACHUSDT,Sell,110,0.01296,MinusTick,1f6b43db-915a-50d0-be7c-92018408810e,1.4256e+08,110,1.4256
1658204257,ACHUSDT,Sell,20000,0.01298,PlusTick,b95966d8-07e6-5ecd-9957-0747f74a2416,2.5960000000000004e+10,20000,259.6
1658204258,ACHUSDT,Sell,46280,0.01296,MinusTick,5ba20bb9-d166-510f-85db-cc66aa93673f,5.997887999999999e+10,46280,599.7887999999999
1658204292,ACHUSDT,Buy,10,0.01298,PlusTick,5dfd7c42-3176-581e-8f93-e82e8a7cc2ad,1.298e+07,10,0.1298
1658204292,ACHUSDT,Buy,52730,0.01298,ZeroMinusTick,bfd52a67-4eea-5eee-91e8-e8d1a1f76eac,6.844353999999999e+10,52730,684.4354
1658204295,ACHUSDT,Buy,10,0.01298,ZeroMinusTick,dd3e6229-ceca-5c39-984c-cfeeac26e30e,1.298e+07,10,0.1298
1658204296,ACHUSDT,Buy,84820,0.01298,ZeroMinusTick,4d86e3f5-9ad2-55fe-828b-3a49170f7c51,1.1009636e+11,84820,1100.9636
1658204296,ACHUSDT,Buy,84820,0.01298,ZeroMinusTick,1bf75abe-b5a6-53b1-8605-774d6128229e,1.1009636e+11,84820,1100.9636
1658204309,ACHUSDT,Buy,10,0.01299,PlusTick,3d541ca4-ae6c-5d3a-b3d0-915703db5f5f,1.2989999999999998e+07,10,0.1299
1658204318,ACHUSDT,Buy,10,0.01299,ZeroMinusTick,6cbdcba6-3b53-548d-9936-721b1f288b0b,1.2989999999999998e+07,10,0.1299
1658204335,ACHUSDT,Sell,10,0.01298,MinusTick,0ca88900-b0ce-519c-b06a-8ef4f517f395,1.298e+07,10,0.1298
1658204342,ACHUSDT,Buy,46370,0.01299,PlusTick,043611bb-521e-5168-bcc6-575502b7fae2,6.023463000000001e+10,46370,602.3463
1658204342,ACHUSDT,Buy,52740,0.01299,ZeroMinusTick,8132b28b-cc18-5e00-afd8-c7d394634d00,6.850925999999999e+10,52740,685.0926
1658204342,ACHUSDT,Buy,46390,0.01300,PlusTick,c792ef4f-8dc1-5395-961e-87096b7491ff,6.030699999999999e+10,46390,603.0699999999999
1658204342,ACHUSDT,Buy,24150,0.01300,ZeroMinusTick,c6b43fde-432a-504b-9ce0-711ef70d2db7,3.1395e+10,24150,313.95
1658204342,ACHUSDT,Buy,3660,0.01300,ZeroMinusTick,76d4f866-ef3c-5d14-8a7f-e3e0d05630a0,4.758e+09,3660,47.58
1658204351,ACHUSDT,Sell,20000,0.01300,ZeroMinusTick,efb173ac-cb4c-5097-818e-6c29db5188b6,2.6e+10,20000,260
1658204351,ACHUSDT,Sell,3430,0.01297,MinusTick,c7eb3a9a-e385-5b6c-86bb-109549770c38,4.448710000000001e+09,3430,44.487100000000005
1658204351,ACHUSDT,Sell,9060,0.01297,ZeroMinusTick,8f91f370-448b-55b9-843d-d35798c6973d,1.175082e+10,9060,117.5082
1658204351,ACHUSDT,Sell,20000,0.01299,PlusTick,674ba0da-1b02-5e75-9da1-c29af60d5fcc,2.598e+10,20000,259.8
1658204359,ACHUSDT,Sell,46390,0.01296,MinusTick,c06c6503-6063-5fda-8918-5ce127278383,6.012143999999999e+10,46390,601.2144
1658204372,ACHUSDT,Buy,30,0.01296,ZeroMinusTick,076bf1e6-1aa8-556c-ae1d-9e142a9079bb,3.888e+07,30,0.3888
1658204430,ACHUSDT,Buy,10,0.01298,PlusTick,b2804b00-5c18-502f-8f45-ec9d532edcdf,1.298e+07,10,0.1298
1658204453,ACHUSDT,Buy,27800,0.01297,MinusTick,2fb7e084-411d-52f7-8024-ecdaf3b91e8d,3.60566e+10,27800,360.56600000000003
1658204453,ACHUSDT,Buy,52740,0.01297,ZeroMinusTick,b5dffd09-b51b-5fb3-8f13-d1c39c6f6869,6.840378000000001e+10,52740,684.0378000000001
1658204473,ACHUSDT,Buy,84830,0.01297,ZeroMinusTick,2208f766-d362-555d-b390-4cc8e81174ca,1.1002451000000002e+11,84830,1100.2451
1658204473,ACHUSDT,Buy,52740,0.01298,PlusTick,50e30113-2dbf-552f-a7cf-ce4a4e1556e2,6.845652e+10,52740,684.5652
1658204473,ACHUSDT,Buy,27810,0.01299,PlusTick,7c003ee5-49c3-5695-a718-323808526cf1,3.612519e+10,27810,361.2519
1658204525,ACHUSDT,Sell,1000,0.01300,PlusTick,b6a00a7b-2711-5832-9e4c-131c164fc1a0,1.3e+09,1000,13
1658204532,ACHUSDT,Buy,10,0.01301,PlusTick,8c39dc16-a56b-5481-9f9e-a1b6801a5b9a,1.301e+07,10,0.1301
1658204628,ACHUSDT,Buy,10,0.01302,PlusTick,9a35985d-75a0-581f-b232-be9f635f6806,1.3020000000000002e+07,10,0.1302
1658204690,ACHUSDT,Sell,20000,0.01302,ZeroMinusTick,afe8eaf0-d7cc-53a9-a4ad-1c385052e9a5,2.6040000000000004e+10,20000,260.40000000000003
1658204690,ACHUSDT,Sell,20000,0.01301,MinusTick,289f5d0b-a26c-57dd-aa61-1b7a6e1fdc5a,2.602e+10,20000,260.2
1658204690,ACHUSDT,Sell,46390,0.01299,MinusTick,358ad525-341a-5095-9d19-5561658fbe40,6.026061e+10,46390,602.6061
1658204703,ACHUSDT,Sell,46390,0.01298,MinusTick,19225659-532d-5276-88ed-43b178cc93f6,6.021422e+10,46390,602.1422
1658204703,ACHUSDT,Sell,19850,0.01297,MinusTick,717f523d-a150-583d-a9d8-367aafe30020,2.574545e+10,19850,257.4545
1658204715,ACHUSDT,Sell,150,0.01297,ZeroMinusTick,83d74f54-9588-5d5d-b194-763f3b136ee5,1.9455e+08,150,1.9455
1658204808,ACHUSDT,Sell,20000,0.01301,PlusTick,766c63c7-25b2-5fb6-848e-4f8d447ca228,2.602e+10,20000,260.2
1658204809,ACHUSDT,Sell,20000,0.01301,ZeroMinusTick,83dcadb3-5e75-5718-bbbd-b79f65c0947a,2.602e+10,20000,260.2
1658204855,ACHUSDT,Buy,60,0.01302,PlusTick,79ff6848-eb0e-5914-a093-5fa1a57092c3,7.812e+07,60,0.7812
1658204863,ACHUSDT,Buy,6970,0.01301,MinusTick,8330b232-0146-5cea-a6b6-f88ad6e3e793,9.067970000000002e+09,6970,90.67970000000001
1658204935,ACHUSDT,Sell,10,0.01300,MinusTick,4e7d987f-acd4-5aaa-b5b5-966e963c2521,1.3e+07,10,0.13
1658205045,ACHUSDT,Sell,10,0.01300,ZeroMinusTick,226d826f-9318-5ce9-b88b-0279302c4235,1.3e+07,10,0.13
1658205083,ACHUSDT,Buy,11600,0.01301,PlusTick,a7e0984c-959b-5088-836d-addfdd518c59,1.50916e+10,11600,150.916
1658205102,ACHUSDT,Buy,11020,0.01301,ZeroMinusTick,0c153d51-0a9c-52fa-9334-0b6ff52b3cc7,1.4337020000000002e+10,11020,143.3702
1658205105,ACHUSDT,Buy,90,0.01302,PlusTick,126661de-132a-5f09-a272-7f41a2e38ec3,1.1718e+08,90,1.1718
1658205139,ACHUSDT,Sell,20000,0.01301,MinusTick,df6a7341-1b2f-526e-afe3-35e4dcf75773,2.602e+10,20000,260.2
1658205192,ACHUSDT,Buy,46240,0.01302,PlusTick,1cb2fbaa-d07c-5838-89a5-04a1ebd35d08,6.020448e+10,46240,602.0448
1658205238,ACHUSDT,Sell,20000,0.01302,ZeroMinusTick,07b1f1ae-1a5c-55c0-a814-4330e1f67989,2.6040000000000004e+10,20000,260.40000000000003
1658205238,ACHUSDT,Sell,5480,0.01301,MinusTick,4b8f96ba-d380-5ac1-9445-01456fb0c3c0,7.129480000000001e+09,5480,71.29480000000001
1658205238,ACHUSDT,Sell,3430,0.01301,ZeroMinusTick,2322ea12-b08b-5b5c-a08c-a5d08a634f8e,4.462430000000001e+09,3430,44.624300000000005
1658205238,ACHUSDT,Sell,640,0.01301,ZeroMinusTick,f522ed66-c9f9-5950-a971-ff61a6c8517f,8.3264e+08,640,8.3264
1658205238,ACHUSDT,Sell,7500,0.01301,ZeroMinusTick,3e5fa9e1-dede-5651-9040-a4e55b46339e,9.7575e+09,7500,97.575
1658205295,ACHUSDT,Sell,10,0.01300,MinusTick,e9a466e6-9822-588b-8301-c84b629b5384,1.3e+07,10,0.13
1658205495,ACHUSDT,Sell,10,0.01302,PlusTick,03191c42-341e-5f8e-9cf1-c8f20dcdc908,1.3020000000000002e+07,10,0.1302
1658205606,ACHUSDT,Buy,10,0.01303,PlusTick,6f0a686f-f481-56e0-82fc-15b4e22a198d,1.303e+07,10,0.1303
1658205607,ACHUSDT,Buy,10,0.01303,ZeroMinusTick,dbfe3998-c03b-58ef-8e86-ed97b52aa35f,1.303e+07,10,0.1303
1658205619,ACHUSDT,Buy,10,0.01303,ZeroMinusTick,be1c1997-b075-5895-861c-2a51b65cfd2e,1.303e+07,10,0.1303
1658205622,ACHUSDT,Buy,10,0.01303,ZeroMinusTick,e5ef870e-df1c-581c-990a-1a9301fa923f,1.303e+07,10,0.1303
1658205632,ACHUSDT,Buy,46350,0.01303,ZeroMinusTick,e4fc3a80-bf0b-5b82-a440-565ad321a629,6.039405000000001e+10,46350,603.9405
1658205635,ACHUSDT,Sell,20000,0.01304,PlusTick,23fc433c-e9e7-5796-86b6-41081d4c728e,2.608e+10,20000,260.8
1658205645,ACHUSDT,Buy,50,0.01306,PlusTick,e2f2f49b-5f5e-587d-b25f-31894c935b46,6.53e+07,50,0.653
1658205755,ACHUSDT,Sell,160,0.01301,MinusTick,e3344d76-1f45-5d56-822a-a510ec319eca,2.0816e+08,160,2.0816
1658205906,ACHUSDT,Buy,20000,0.01302,PlusTick,4f59d096-a3fd-5104-b814-bde00462efbe,2.6040000000000004e+10,20000,260.40000000000003
1658205925,ACHUSDT,Sell,80,0.01301,MinusTick,0a07bca7-b056-583a-9e23-a05cdd134ed8,1.0408e+08,80,1.0408
1658206045,ACHUSDT,Buy,120,0.01304,PlusTick,e119ea16-94f5-5ee4-80aa-e469cbc0a9fa,1.5648e+08,120,1.5648
1658206116,ACHUSDT,Buy,27810,0.01304,ZeroMinusTick,e3adf241-d30b-504b-b9e6-b643ebc2a418,3.626424e+10,27810,362.6424
1658206185,ACHUSDT,Sell,160,0.01304,ZeroMinusTick,c6f71709-ce5b-5407-b100-82c2c3a6d417,2.0863999999999997e+08,160,2.0864
1658206215,ACHUSDT,Sell,10,0.01305,PlusTick,e1c17f66-b705-57ce-be7d-303486fb6f41,1.305e+07,10,0.1305
1658206216,ACHUSDT,Buy,10,0.01305,ZeroMinusTick,0d7ec745-06ae-527f-be92-ae713bb1f210,1.305e+07,10,0.1305
1658206233,ACHUSDT,Buy,20000,0.01305,ZeroMinusTick,46a8b8d8-d035-529c-b66e-13ad812fee73,2.61e+10,20000,261
1658206233,ACHUSDT,Buy,1620,0.01307,PlusTick,e8f50ae0-cbc3-5672-8f19-0faab7b44ae8,2.11734e+09,1620,21.1734
1658206233,ACHUSDT,Buy,2490,0.01307,ZeroMinusTick,07aceb4c-c137-5b61-8218-b561555c6985,3.25443e+09,2490,32.5443
1658206233,ACHUSDT,Buy,1850,0.01307,ZeroMinusTick,277a7460-ab3e-5c7b-9233-d93000ea9123,2.41795e+09,1850,24.1795
1658206233,ACHUSDT,Buy,27810,0.01308,PlusTick,8301e7f6-51ae-5726-9e6c-6941f0e50520,3.637548e+10,27810,363.7548
1658206233,ACHUSDT,Buy,1140,0.01308,ZeroMinusTick,7bc49bd4-5118-52e7-a9df-48dfe728b730,1.49112e+09,1140,14.9112
1658206233,ACHUSDT,Buy,450,0.01308,ZeroMinusTick,63f0561f-ed8e-5251-b4fd-81cb5dd70457,5.886e+08,450,5.886
1658206233,ACHUSDT,Buy,6450,0.01308,ZeroMinusTick,8ff40a51-515c-5d59-85bc-db8a839de1b0,8.4366e+09,6450,84.366
1658206233,ACHUSDT,Buy,5110,0.01308,ZeroMinusTick,a92fcf7a-692f-5864-9f11-ef4862875d5d,6.683879999999999e+09,5110,66.83879999999999
1658206233,ACHUSDT,Buy,5640,0.01308,ZeroMinusTick,ec78b847-5c03-50be-a719-ff5567251914,7.377119999999999e+09,5640,73.7712
1658206233,ACHUSDT,Buy,52740,0.01309,PlusTick,b66df9c9-d7ba-5e72-8e13-42f07deafdb5,6.903666e+10,52740,690.3666
1658206233,ACHUSDT,Buy,1590,0.01309,ZeroMinusTick,e35b87fd-6a51-5157-9e2b-880c6ebcf248,2.0813099999999998e+09,1590,20.8131
1658206233,ACHUSDT,Buy,510,0.01309,ZeroMinusTick,55c85f3a-5b18-5829-a20d-af12ec2b742b,6.6759e+08,510,6.6758999999999995
1658206233,ACHUSDT,Buy,9810,0.01309,ZeroMinusTick,db403215-5f5c-597b-836d-90a35a8e40a9,1.2841289999999998e+10,9810,128.41289999999998
1658206233,ACHUSDT,Buy,2100,0.01310,PlusTick,c768860f-1cca-541a-a760-581d77d44255,2.751e+09,2100,27.51
1658206233,ACHUSDT,Buy,8360,0.01310,ZeroMinusTick,1857c1d3-af40-5b3e-9ccb-b132cf746a07,1.09516e+10,8360,109.516
1658206233,ACHUSDT,Buy,3260,0.01310,ZeroMinusTick,61ca8c2d-cdc9-5669-8dd7-d4d01b17450c,4.2706000000000005e+09,3260,42.706
1658206233,ACHUSDT,Buy,5490,0.01310,ZeroMinusTick,28fcd692-4413-5912-b979-8c7ee64c3063,7.1919e+09,5490,71.919
1658206233,ACHUSDT,Buy,5360,0.01310,ZeroMinusTick,115de9ea-f9cb-5997-a77f-70de27c95a2e,7.021600000000001e+09,5360,70.21600000000001
1658206233,ACHUSDT,Buy,1140,0.01311,PlusTick,e4bb9336-df75-5659-ab53-b22e198c88b7,1.49454e+09,1140,14.9454
1658206233,ACHUSDT,Buy,2470,0.01311,ZeroMinusTick,9a6c2478-bd21-5833-9193-06d90e1b0627,3.23817e+09,2470,32.3817
1658206234,ACHUSDT,Buy,20000,0.01305,MinusTick,7b03fe34-e5bd-5299-979d-b2a17fad5c8a,2.61e+10,20000,261
1658206238,ACHUSDT,Buy,20000,0.01306,PlusTick,b4ab6712-e9de-56f7-8c1b-73f25af8e50c,2.612e+10,20000,261.2
1658206251,ACHUSDT,Buy,20000,0.01306,ZeroMinusTick,db0bae78-cf1e-5e32-a5eb-f76b57f7b35b,2.612e+10,20000,261.2
1658206295,ACHUSDT,Sell,10,0.01306,ZeroMinusTick,9d56d802-ac1f-52ee-bb87-7f735536201f,1.306e+07,10,0.1306
1658206326,ACHUSDT,Buy,20000,0.01306,ZeroMinusTick,31903010-ec7f-5a13-bf66-35df5c79427c,2.612e+10,20000,261.2
1658206405,ACHUSDT,Sell,190,0.01307,PlusTick,a824051e-4243-5539-b9b1-780e35886ec9,2.4832999999999997e+08,190,2.4833
1658206465,ACHUSDT,Sell,1000,0.01308,PlusTick,4135fd68-3e68-5e07-a132-6cd70f113835,1.308e+09,1000,13.08
1658206584,ACHUSDT,Buy,20000,0.01312,PlusTick,5451c031-9d93-5553-a720-870ee0b56192,2.6239999999999996e+10,20000,262.4
1658206625,ACHUSDT,Sell,10,0.01311,MinusTick,b35d9d5b-457b-5218-9b56-9397baed9260,1.311e+07,10,0.1311
1658206663,ACHUSDT,Sell,20000,0.01309,MinusTick,14b2b5a6-e68f-52cc-bf4f-0535325911c7,2.618e+10,20000,261.8
1658206685,ACHUSDT,Sell,10,0.01308,MinusTick,a04edc09-7ff3-59ca-a672-448f4a30cf25,1.308e+07,10,0.1308
1658206705,ACHUSDT,Buy,50,0.01313,PlusTick,ccacc501-0707-5ba8-bc57-8a25712150bf,6.565e+07,50,0.6565
1658206765,ACHUSDT,Buy,10,0.01311,MinusTick,fb63d398-dfc3-577a-8f53-85d20725876f,1.311e+07,10,0.1311
1658206785,ACHUSDT,Sell,10,0.01309,MinusTick,fc633801-179a-522e-b128-dc49f50639f8,1.3089999999999998e+07,10,0.1309
1658206807,ACHUSDT,Sell,20000,0.01308,MinusTick,2b99b676-11ae-591d-a1b8-8d9f980d8696,2.6159999999999996e+10,20000,261.59999999999997
1658206816,ACHUSDT,Sell,20000,0.01306,MinusTick,8307f881-8593-5d8c-ab02-89ceb66b0a5e,2.612e+10,20000,261.2
1658206818,ACHUSDT,Sell,22740,0.01306,ZeroMinusTick,c91128ca-1a9f-5c7f-b725-ef24cb6acd2e,2.969844e+10,22740,296.9844
1658206912,ACHUSDT,Buy,12780,0.01307,PlusTick,b3c4e553-b84f-5d37-84c2-7081feac1f21,1.6703460000000002e+10,12780,167.0346
1658206912,ACHUSDT,Buy,20000,0.01307,ZeroMinusTick,e0ea0876-d953-50b1-a491-64a9144016ff,2.6139999999999996e+10,20000,261.4
1658206925,ACHUSDT,Buy,10,0.01307,ZeroMinusTick,fe73c6a1-033d-596e-8c2f-37bc68c62b36,1.3070000000000002e+07,10,0.1307
1658206993,ACHUSDT,Sell,17260,0.01306,MinusTick,1bf7b7f7-e6d8-5aa1-a46c-adb653a5e06c,2.254156e+10,17260,225.4156
1658206993,ACHUSDT,Sell,2920,0.01305,MinusTick,e309e983-3fc0-5abd-bb45-e61b83bc8bb5,3.8106e+09,2920,38.106
1658207015,ACHUSDT,Buy,50,0.01306,PlusTick,20d099b6-6d9b-55db-a6e0-c058fc6f7e9d,6.53e+07,50,0.653
1658207095,ACHUSDT,Sell,1000,0.01307,PlusTick,61170f85-ab98-57ba-8551-8b9a33beb429,1.307e+09,1000,13.07
1658207226,ACHUSDT,Buy,18840,0.01308,PlusTick,3b1fed60-64cf-544a-a626-7979fa423e49,2.464272e+10,18840,246.4272
1658207280,ACHUSDT,Sell,10,0.01304,MinusTick,ced2f5ab-985b-504b-9aee-5cf4114ede7e,1.3039999999999998e+07,10,0.1304
1658207295,ACHUSDT,Buy,30,0.01307,PlusTick,685f17cb-3159-53da-82f5-47b983f82901,3.921e+07,30,0.3921
1658207326,ACHUSDT,Sell,10,0.01304,MinusTick,502cb842-b6c9-5894-8d4b-998bb940ae94,1.3039999999999998e+07,10,0.1304
1658207338,ACHUSDT,Sell,13960,0.01304,ZeroMinusTick,db1056e9-bf7c-5db0-be9e-32570baaa08d,1.820384e+10,13960,182.0384
1658207449,ACHUSDT,Sell,5510,0.01300,MinusTick,43e41615-fc20-5286-9300-55725ccdffb4,7.163e+09,5510,71.63
1658207495,ACHUSDT,Buy,10,0.01301,PlusTick,8fdebb9b-cb68-5061-b38d-33dcdd1e0b6c,1.301e+07,10,0.1301
1658207578,ACHUSDT,Buy,20000,0.01301,ZeroMinusTick,e485888f-d76f-56dd-a8e0-380a283decaf,2.602e+10,20000,260.2
1658207625,ACHUSDT,Sell,150,0.01301,ZeroMinusTick,530c95cc-26b7-5f84-9ebd-ab80a41069fe,1.9515e+08,150,1.9515
1658207655,ACHUSDT,Buy,10,0.01302,PlusTick,4ceb760a-0d00-54b2-bd1a-3bd5e07ef4c1,1.3020000000000002e+07,10,0.1302
1658207695,ACHUSDT,Buy,13960,0.01305,PlusTick,f3db9b04-e6b3-5ef9-a7f8-1fd512f9c919,1.8217800000000004e+10,13960,182.17800000000003
1658207825,ACHUSDT,Sell,120,0.01308,PlusTick,ad89b4d7-1878-569e-b244-146876e5345a,1.5696e+08,120,1.5695999999999999
1658207839,ACHUSDT,Sell,8570,0.01312,PlusTick,9176b85d-9027-5023-ace1-7ffcccccbe42,1.124384e+10,8570,112.4384
1658207885,ACHUSDT,Buy,170,0.01312,ZeroMinusTick,1c2394bf-65cc-526e-8f8e-6168b6f324d0,2.2304e+08,170,2.2304
1658207914,ACHUSDT,Sell,24270,0.01311,MinusTick,91236710-3aa9-5e90-8e18-0d4ed403d21c,3.1817970000000004e+10,24270,318.1797
1658207914,ACHUSDT,Sell,40000,0.01311,ZeroMinusTick,a0e668f1-3a4d-50b7-8db9-264dfbca1f86,5.244e+10,40000,524.4
1658207995,ACHUSDT,Sell,10,0.01308,MinusTick,608e1940-1287-5c79-a60d-4e041ff59181,1.308e+07,10,0.1308
1658208028,ACHUSDT,Sell,46260,0.01308,ZeroMinusTick,bd14535b-a704-5b7d-9f65-59c8aa545687,6.050807999999999e+10,46260,605.0808
1658208036,ACHUSDT,Sell,46270,0.01307,MinusTick,977cdc99-a4ef-5c62-b54c-2e4a89cc939e,6.047489000000001e+10,46270,604.7489
1658208110,ACHUSDT,Sell,24270,0.01303,MinusTick,e0925dd2-dfe2-58a8-93d7-237f44f72347,3.1623809999999996e+10,24270,316.2381
1658208115,ACHUSDT,Buy,1000,0.01308,PlusTick,1f418257-e82c-5519-87ff-507270111d0f,1.308e+09,1000,13.08
1658208265,ACHUSDT,Buy,170,0.01311,PlusTick,a0536cc8-88d2-5c44-8d91-8a55a54e447a,2.2287e+08,170,2.2287
1658208355,ACHUSDT,Buy,10,0.01310,MinusTick,e706ec72-09d8-592e-8016-57d39b873175,1.31e+07,10,0.131
1658208455,ACHUSDT,Sell,30,0.01309,MinusTick,416dc698-3987-5420-b9dd-fbe9347097c7,3.927e+07,30,0.3927
1658208501,ACHUSDT,Sell,10,0.01309,ZeroMinusTick,f4ac4bc2-7c2b-5017-8690-f349f6e5df78,1.3089999999999998e+07,10,0.1309
1658208517,ACHUSDT,Sell,10,0.01309,ZeroMinusTick,ac311def-925c-5795-bf04-036ae7cb38c2,1.3089999999999998e+07,10,0.1309
1658208518,ACHUSDT,Sell,10,0.01309,ZeroMinusTick,1fa18235-4dc9-5203-831f-afc94ac47fd9,1.3089999999999998e+07,10,0.1309
1658208518,ACHUSDT,Sell,10,0.01309,ZeroMinusTick,d1daffd4-cd25-5258-8bdd-43f84e2b0aa4,1.3089999999999998e+07,10,0.1309
1658208518,ACHUSDT,Sell,10,0.01309,ZeroMinusTick,1ccddd44-8c5c-5a7b-a110-3976fd83447c,1.3089999999999998e+07,10,0.1309
1658208518,ACHUSDT,Sell,10,0.01309,ZeroMinusTick,848261d0-b184-5938-afc3-7ad3f8f8237f,1.3089999999999998e+07,10,0.1309
1658208518,ACHUSDT,Sell,10,0.01309,ZeroMinusTick,79cac87a-dab8-5166-b831-0a7141596cbc,1.3089999999999998e+07,10,0.1309
1658208518,ACHUSDT,Sell,10,0.01309,ZeroMinusTick,ec4ff37e-7027-5300-a741-deccab8d5277,1.3089999999999998e+07,10,0.1309
1658208518,ACHUSDT,Sell,10,0.01309,ZeroMinusTick,d531956e-97aa-52fd-8922-65190b9d6a4c,1.3089999999999998e+07,10,0.1309
1658208518,ACHUSDT,Sell,10,0.01309,ZeroMinusTick,f5276cfa-de5b-5326-8343-9824b98ec806,1.3089999999999998e+07,10,0.1309
1658208519,ACHUSDT,Sell,10,0.01309,ZeroMinusTick,c9522644-5ff7-5ef8-83d2-14874fd391e8,1.3089999999999998e+07,10,0.1309
1658208519,ACHUSDT,Sell,10,0.01309,ZeroMinusTick,163adebc-4e03-5e26-b9e6-f4d18e3d9563,1.3089999999999998e+07,10,0.1309
1658208519,ACHUSDT,Sell,10,0.01309,ZeroMinusTick,564ae6b0-e75f-541f-87b9-de1918dc4fca,1.3089999999999998e+07,10,0.1309
1658208519,ACHUSDT,Sell,10,0.01309,ZeroMinusTick,f9025a04-77ca-571d-89e3-7a89f526ebdf,1.3089999999999998e+07,10,0.1309
1658208520,ACHUSDT,Sell,10,0.01309,ZeroMinusTick,14a5dfd4-3cfe-5ee0-8e74-e181416bd9e0,1.3089999999999998e+07,10,0.1309
1658208520,ACHUSDT,Sell,10,0.01309,ZeroMinusTick,41ca75df-12e5-59a7-acf2-30cae2706543,1.3089999999999998e+07,10,0.1309
1658208520,ACHUSDT,Sell,10,0.01309,ZeroMinusTick,d6b044c7-9fea-50bf-9884-c289363f4e2d,1.3089999999999998e+07,10,0.1309
1658208520,ACHUSDT,Sell,10,0.01309,ZeroMinusTick,2c63cbb7-92d1-524f-868c-25bd6445b306,1.3089999999999998e+07,10,0.1309
1658208520,ACHUSDT,Sell,10,0.01309,ZeroMinusTick,4cc80c09-232e-587b-9ef9-1575ecc687e7,1.3089999999999998e+07,10,0.1309
1658208520,ACHUSDT,Sell,10,0.01309,ZeroMinusTick,5b204ad2-8d74-59c7-984e-0a6336001edd,1.3089999999999998e+07,10,0.1309
1658208520,ACHUSDT,Sell,10,0.01309,ZeroMinusTick,17d2749a-7ab7-50f9-86df-55aaa439b941,1.3089999999999998e+07,10,0.1309
1658208520,ACHUSDT,Sell,10,0.01309,ZeroMinusTick,7500ccb8-137b-5821-9783-51df0b6330ea,1.3089999999999998e+07,10,0.1309
1658208520,ACHUSDT,Sell,10,0.01309,ZeroMinusTick,3633db0e-32ef-528b-bfc0-4d7fd5210136,1.3089999999999998e+07,10,0.1309
1658208521,ACHUSDT,Sell,10,0.01309,ZeroMinusTick,74fd587c-e907-5071-a8db-1cf0b2df96a7,1.3089999999999998e+07,10,0.1309
1658208521,ACHUSDT,Sell,10,0.01309,ZeroMinusTick,91ead0bd-d223-5591-a7b9-0de9f65271c2,1.3089999999999998e+07,10,0.1309
1658208521,ACHUSDT,Sell,10,0.01309,ZeroMinusTick,b110c02d-9399-5a88-b474-c9e5297ebfb0,1.3089999999999998e+07,10,0.1309
1658208521,ACHUSDT,Sell,10,0.01309,ZeroMinusTick,7f846543-6e4f-5bda-ae82-86f1e9dd7d07,1.3089999999999998e+07,10,0.1309
1658208522,ACHUSDT,Sell,10,0.01309,ZeroMinusTick,10ed7d2e-0c4e-58e1-a0dd-9c0cdd15dfeb,1.3089999999999998e+07,10,0.1309
1658208522,ACHUSDT,Sell,10,0.01309,ZeroMinusTick,fb74691c-f4a3-55bc-a304-c8b6c72f1ade,1.3089999999999998e+07,10,0.1309
1658208522,ACHUSDT,Sell,10,0.01309,ZeroMinusTick,09ea1d9a-7688-5513-b97b-132f2ad6ae22,1.3089999999999998e+07,10,0.1309
1658208522,ACHUSDT,Sell,10,0.01309,ZeroMinusTick,e859cd6b-2d94-5bab-a7e0-1c2bf814180b,1.3089999999999998e+07,10,0.1309
1658208522,ACHUSDT,Sell,10,0.01309,ZeroMinusTick,14b379b8-004f-5579-bb1c-81fbf4e0ec98,1.3089999999999998e+07,10,0.1309
1658208522,ACHUSDT,Sell,10,0.01309,ZeroMinusTick,b79afb39-0084-5253-a300-b3a7f4809ab0,1.3089999999999998e+07,10,0.1309
1658208522,ACHUSDT,Sell,10,0.01309,ZeroMinusTick,8ac72d2f-5604-51b2-8bf6-fee00089e208,1.3089999999999998e+07,10,0.1309
1658208522,ACHUSDT,Sell,10,0.01309,ZeroMinusTick,e71aeb6a-9d01-5349-95a8-aeae7a90d2b0,1.3089999999999998e+07,10,0.1309
1658208523,ACHUSDT,Sell,10,0.01309,ZeroMinusTick,477431d0-7b7d-5ae6-a57f-d6e4e11041f0,1.3089999999999998e+07,10,0.1309
1658208523,ACHUSDT,Sell,10,0.01309,ZeroMinusTick,bcd1f54f-9d09-5e10-b9e7-f481b3eebc2e,1.3089999999999998e+07,10,0.1309
1658208523,ACHUSDT,Sell,10,0.01309,ZeroMinusTick,e6a0702c-25ec-532d-a1b5-afb8b2898108,1.3089999999999998e+07,10,0.1309
1658208523,ACHUSDT,Sell,10,0.01309,ZeroMinusTick,fa9261ca-df4d-5d6c-ae6b-694c579d720c,1.3089999999999998e+07,10,0.1309
1658208524,ACHUSDT,Sell,10,0.01309,ZeroMinusTick,a96c2c41-1ab0-5f68-b254-dcf8a077fad3,1.3089999999999998e+07,10,0.1309
1658208524,ACHUSDT,Sell,10,0.01309,ZeroMinusTick,f2012123-14cc-56ef-8bf4-143ddc945983,1.3089999999999998e+07,10,0.1309
1658208524,ACHUSDT,Sell,10,0.01309,ZeroMinusTick,17b5926d-42a2-5504-b244-2260b76b1c09,1.3089999999999998e+07,10,0.1309
1658208524,ACHUSDT,Sell,10,0.01309,ZeroMinusTick,33869f5a-f228-5bfc-b7e1-29498026f40c,1.3089999999999998e+07,10,0.1309
1658208524,ACHUSDT,Sell,10,0.01309,ZeroMinusTick,33526cc1-68e8-5ea3-963c-5e92c19615f7,1.3089999999999998e+07,10,0.1309
1658208524,ACHUSDT,Sell,10,0.01309,ZeroMinusTick,4844dd66-5095-5422-b82d-02e2c8cc41af,1.3089999999999998e+07,10,0.1309
1658208524,ACHUSDT,Sell,10,0.01309,ZeroMinusTick,67ebe59e-e6a0-5504-b626-aa15e4463ce3,1.3089999999999998e+07,10,0.1309
1658208524,ACHUSDT,Sell,10,0.01309,ZeroMinusTick,5a30d429-7904-5682-962b-5c611d1d58dc,1.3089999999999998e+07,10,0.1309
1658208525,ACHUSDT,Sell,10,0.01309,ZeroMinusTick,21d6fd95-c01b-5779-a780-45c77d4cb5fe,1.3089999999999998e+07,10,0.1309
1658208525,ACHUSDT,Sell,10,0.01309,ZeroMinusTick,b3cc7db5-25db-56cc-8a15-a2faa4fff841,1.3089999999999998e+07,10,0.1309
1658208525,ACHUSDT,Sell,10,0.01309,ZeroMinusTick,e7f18a9b-9b75-5d85-85b4-ad90c0d0be10,1.3089999999999998e+07,10,0.1309
1658208525,ACHUSDT,Sell,10,0.01309,ZeroMinusTick,1f28576c-2b37-56d0-8d0b-11493b7beb7c,1.3089999999999998e+07,10,0.1309
1658208525,ACHUSDT,Sell,10,0.01309,ZeroMinusTick,d8e52f57-b01a-5d28-9131-3bcf73ff8faf,1.3089999999999998e+07,10,0.1309
1658208526,ACHUSDT,Sell,10,0.01309,ZeroMinusTick,4a650c95-12fa-5976-83b0-f7df0bc617d5,1.3089999999999998e+07,10,0.1309
1658208526,ACHUSDT,Sell,10,0.01309,ZeroMinusTick,cb14ea23-510b-582e-8308-88dd47ebd051,1.3089999999999998e+07,10,0.1309
1658208526,ACHUSDT,Sell,10,0.01309,ZeroMinusTick,edec2983-43d1-5c58-8fb0-e462971a1ba0,1.3089999999999998e+07,10,0.1309
1658208526,ACHUSDT,Sell,10,0.01309,ZeroMinusTick,4632de6f-8ab2-5363-81b6-bc419fc156c1,1.3089999999999998e+07,10,0.1309
1658208526,ACHUSDT,Sell,10,0.01309,ZeroMinusTick,86f84ee0-d2ed-59c6-a39b-ebc438f0f974,1.3089999999999998e+07,10,0.1309
1658208526,ACHUSDT,Sell,10,0.01309,ZeroMinusTick,4b4c3248-d1d3-5bd2-a21d-4310d6cf6442,1.3089999999999998e+07,10,0.1309
1658208526,ACHUSDT,Sell,10,0.01309,ZeroMinusTick,56fc9299-246e-5e43-b817-7cbfe56e72b1,1.3089999999999998e+07,10,0.1309
1658208526,ACHUSDT,Sell,10,0.01309,ZeroMinusTick,619df629-4003-5a15-aa61-f61834ac6a92,1.3089999999999998e+07,10,0.1309
1658208527,ACHUSDT,Sell,10,0.01309,ZeroMinusTick,4a1a270a-cc01-516f-997c-8ade77ec8278,1.3089999999999998e+07,10,0.1309
1658208527,ACHUSDT,Sell,10,0.01309,ZeroMinusTick,1c9768a6-52d8-5fcc-8bb0-b307cd0a5d99,1.3089999999999998e+07,10,0.1309
1658208527,ACHUSDT,Sell,10,0.01309,ZeroMinusTick,2a62d820-f4cf-5a62-be8b-5fbaeeaed69c,1.3089999999999998e+07,10,0.1309
1658208527,ACHUSDT,Sell,10,0.01309,ZeroMinusTick,9a68ca06-810f-5215-aa8a-dd8030992af2,1.3089999999999998e+07,10,0.1309
1658208615,ACHUSDT,Buy,50,0.01310,PlusTick,30a5c591-4654-5ca5-ad03-f051c6b02c0f,6.55e+07,50,0.655
1658208682,ACHUSDT,Buy,8500,0.01310,ZeroMinusTick,fcc3c2c0-abe4-5d86-b198-243fbedd72e5,1.1135e+10,8500,111.35000000000001
1658208682,ACHUSDT,Buy,20000,0.01310,ZeroMinusTick,8672bcdb-b78e-5e30-885d-f31e0ca8eb8c,2.62e+10,20000,262
1658208682,ACHUSDT,Buy,4100,0.01310,ZeroMinusTick,0e17f204-032f-55c3-a1a9-5995e773f193,5.371e+09,4100,53.71
