timestamp,symbol,side,size,price,tickDirection,trdMatchID,grossValue,homeNotional,foreignNotional
1658102404,ACHUSDT,Buy,10,0.01238,ZeroMinusTick,ce6db4de-a24e-5ce9-91f2-c9774f46b6b5,1.238e+07,10,0.12380000000000001
1658102404,ACHUSDT,Buy,10,0.01238,ZeroMinusTick,d3f2b626-fcbf-59cb-a30f-c8dbd2ca8f5c,1.238e+07,10,0.12380000000000001
1658102405,ACHUSDT,Buy,10,0.01238,ZeroMinusTick,79590db6-c235-5842-83c2-7715492f55ac,1.238e+07,10,0.12380000000000001
1658102405,ACHUSDT,Buy,10,0.01238,ZeroMinusTick,7453d518-6dd0-53a3-addf-1638ca921db5,1.238e+07,10,0.12380000000000001
1658102405,ACHUSDT,Buy,10,0.01238,ZeroMinusTick,bca97e22-384d-5542-808a-3fafca96f68c,1.238e+07,10,0.12380000000000001
1658102406,ACHUSDT,Buy,10,0.01238,ZeroMinusTick,7c359658-ccb9-5a0f-bbe4-8234a8e37663,1.238e+07,10,0.12380000000000001
1658102406,ACHUSDT,Buy,10,0.01238,ZeroMinusTick,cfd2f47c-da90-5abf-b37b-febfca33968c,1.238e+07,10,0.12380000000000001
1658102407,ACHUSDT,Buy,10,0.01238,ZeroMinusTick,7fc412c1-d73f-5753-80be-86c61e8f5a08,1.238e+07,10,0.12380000000000001
1658102408,ACHUSDT,Buy,10,0.01238,ZeroMinusTick,516cb08c-900d-53c5-a918-501482a83cc6,1.238e+07,10,0.12380000000000001
1658102409,ACHUSDT,Buy,10,0.01238,ZeroMinusTick,6aa6fcef-baab-5428-8e08-59c6955b5835,1.238e+07,10,0.12380000000000001
1658102411,ACHUSDT,Buy,10,0.01238,ZeroMinusTick,1502b8e6-8f90-5cea-b25d-9661c091011a,1.238e+07,10,0.12380000000000001
1658102411,ACHUSDT,Buy,10,0.01238,ZeroMinusTick,ee484cd9-1bd6-529c-9c55-7d8bb16d3306,1.238e+07,10,0.12380000000000001
1658102411,ACHUSDT,Buy,10,0.01238,ZeroMinusTick,2538c750-5203-5bf7-95c3-0c908f8cdfa3,1.238e+07,10,0.12380000000000001
1658102412,ACHUSDT,Buy,10,0.01238,ZeroMinusTick,42872c2b-06e1-586c-ba41-6ad21260b402,1.238e+07,10,0.12380000000000001
1658102442,ACHUSDT,Sell,19780,0.01238,ZeroMinusTick,b6a13ee9-15ba-5958-b4f8-314fd05d788a,2.448764e+10,19780,244.87640000000002
1658102445,ACHUSDT,Sell,220,0.01238,ZeroMinusTick,cf08476c-7a5d-58a9-b5d3-fc51653969dc,2.7236e+08,220,2.7236000000000002
1658102445,ACHUSDT,Sell,3430,0.01238,ZeroMinusTick,d37010ca-ab62-5123-bd2b-1a4572a1648e,4.24634e+09,3430,42.4634
1658102445,ACHUSDT,Sell,9050,0.01238,ZeroMinusTick,f535cedd-87a8-56ea-9510-5eeec2fff38d,1.12039e+10,9050,112.039
1658102447,ACHUSDT,Sell,10,0.01238,ZeroMinusTick,b919ec60-9e98-5c9c-b5d2-1c2c43a0abfc,1.238e+07,10,0.12380000000000001
1658102447,ACHUSDT,Sell,7310,0.01238,ZeroMinusTick,3460f69d-09dc-5319-95a9-c69cbc8bccac,9.04978e+09,7310,90.4978
1658102539,ACHUSDT,Buy,50,0.01239,PlusTick,350ce36d-b20a-587a-9901-cfc382295a3d,6.195000000000001e+07,50,0.6195
1658102704,ACHUSDT,Buy,20000,0.01238,MinusTick,3fd824ad-bcaf-5d21-95ef-6a2a28a4f6a1,2.476e+10,20000,247.6
1658102704,ACHUSDT,Buy,26390,0.01239,PlusTick,f39972fe-0f95-5495-9d3e-a9b0670ee9f1,3.269721e+10,26390,326.9721
1658102705,ACHUSDT,Buy,20000,0.01238,MinusTick,8bf6a62c-5b62-5b4c-89b0-02922038bdfa,2.476e+10,20000,247.6
1658102729,ACHUSDT,Buy,90,0.01242,PlusTick,f1ced4b3-8980-5c27-adf0-660418580727,1.1178000000000001e+08,90,1.1178000000000001
1658102859,ACHUSDT,Buy,190,0.01243,PlusTick,05ad96b2-9c2a-563c-8aa8-47e498d7998d,2.3617e+08,190,2.3617
1658102910,ACHUSDT,Buy,39760,0.01243,ZeroMinusTick,8fccbb82-3a66-5965-ae8a-a18e0125144d,4.942168e+10,39760,494.2168
1658103059,ACHUSDT,Buy,140,0.01244,PlusTick,f211b389-e1db-5914-9492-141045231e4f,1.7416e+08,140,1.7416
1658103249,ACHUSDT,Buy,140,0.01247,PlusTick,a7196e7c-4a0f-5631-ad3c-ef1d1b9ca55c,1.7458e+08,140,1.7458
1658103319,ACHUSDT,Sell,110,0.01244,MinusTick,3f36e739-ac62-51bb-a938-3c78eaff421b,1.3684e+08,110,1.3684
1658103419,ACHUSDT,Buy,70,0.01247,PlusTick,d3dd6d29-ca7a-5a88-96ff-63ea773df841,8.729e+07,70,0.8729
1658103659,ACHUSDT,Buy,150,0.01247,ZeroMinusTick,e953b41a-a0bd-5036-be51-c1ed819d4645,1.8705e+08,150,1.8705
1658103839,ACHUSDT,Sell,140,0.01245,MinusTick,54966dbc-b40e-5773-b50c-29b75e2afb19,1.743e+08,140,1.7429999999999999
1658103901,ACHUSDT,Buy,20000,0.01247,PlusTick,a5c7b75a-9a54-5e54-9726-dedf9a117daf,2.494e+10,20000,249.4
1658103989,ACHUSDT,Sell,170,0.01246,MinusTick,90bd208b-e833-534a-8a64-810cc5772ee6,2.1182000000000003e+08,170,2.1182000000000003
1658104069,ACHUSDT,Buy,40,0.01247,PlusTick,1036f237-5bbd-5e33-88d6-621500ec64f2,4.988e+07,40,0.4988
1658104119,ACHUSDT,Buy,10,0.01246,MinusTick,293ce6cb-b2ed-5914-8054-d8b01f7d714b,1.246e+07,10,0.1246
1658104289,ACHUSDT,Buy,40,0.01244,MinusTick,4e92270c-cae3-5cbe-947a-7f12412b1f75,4.976e+07,40,0.4976
1658104300,ACHUSDT,Buy,2040,0.01244,ZeroMinusTick,46c4a02b-e3dd-5eda-9db2-79ac74571060,2.53776e+09,2040,25.3776
1658104389,ACHUSDT,Sell,160,0.01243,MinusTick,74f3ad8c-d5ba-50b9-b9b1-33dfde146146,1.9888e+08,160,1.9888
1658104499,ACHUSDT,Buy,180,0.01246,PlusTick,38e9b7ae-77d7-5d1b-831e-0050806cb2c7,2.2428e+08,180,2.2428
1658104609,ACHUSDT,Sell,30,0.01245,MinusTick,a6a4eacd-99ce-5dcd-a550-afb5f37a9bbe,3.735e+07,30,0.3735
1658104749,ACHUSDT,Sell,10,0.01240,MinusTick,000219d6-a71d-5e41-9b56-0513771e3113,1.24e+07,10,0.124
1658104869,ACHUSDT,Sell,130,0.01239,MinusTick,a09dc513-b436-5500-9a6e-4e603041172e,1.6107e+08,130,1.6107
1658105039,ACHUSDT,Sell,170,0.01239,ZeroMinusTick,32e674c9-7dc0-5933-8340-5e7a553dcaad,2.1063e+08,170,2.1063
1658105219,ACHUSDT,Sell,160,0.01239,ZeroMinusTick,39530f8d-c974-5a9c-adac-463ee290dff1,1.9824e+08,160,1.9824
1658105419,ACHUSDT,Sell,60,0.01239,ZeroMinusTick,a8d11351-bbd8-5009-afb8-541723a22222,7.434e+07,60,0.7434
1658105479,ACHUSDT,Buy,120,0.01242,PlusTick,52eba5b2-57da-572a-8787-3ea29e258d61,1.4904000000000003e+08,120,1.4904000000000002
1658105639,ACHUSDT,Sell,160,0.01239,MinusTick,2a141c86-1606-567a-86ef-ab7bb26715ac,1.9824e+08,160,1.9824
1658105719,ACHUSDT,Sell,120,0.01239,ZeroMinusTick,a811194e-8dd2-523e-9458-c15af85a29f7,1.4868e+08,120,1.4868
1658105889,ACHUSDT,Sell,20,0.01239,ZeroMinusTick,5ef44d7d-2d3a-554d-95dc-62f664e9ba8a,2.478e+07,20,0.2478
1658106069,ACHUSDT,Buy,90,0.01243,PlusTick,ce5bbdcb-f71e-5154-a252-12cd9f01097a,1.1187e+08,90,1.1187
1658106149,ACHUSDT,Buy,10,0.01243,ZeroMinusTick,0ca1eb18-9ced-50c2-973c-cfa147cefaf6,1.243e+07,10,0.1243
1658106149,ACHUSDT,Buy,30000,0.01243,ZeroMinusTick,3fc2d495-c7d8-5d1c-935c-ab2e9ea14ba5,3.729e+10,30000,372.9
1658106309,ACHUSDT,Sell,60,0.01242,MinusTick,79137f6b-60ae-573a-9385-404170247a1c,7.452000000000001e+07,60,0.7452000000000001
1658106394,ACHUSDT,Buy,20000,0.01244,PlusTick,1f49d29b-f872-5a01-a3d3-a741e51e2d27,2.488e+10,20000,248.79999999999998
1658106419,ACHUSDT,Sell,30,0.01243,MinusTick,cfc2b71b-5766-5a05-a491-d42e92e5bf64,3.729e+07,30,0.3729
1658106519,ACHUSDT,Sell,170,0.01244,PlusTick,da56eb73-8c6b-5344-b5d9-1c73c9f91393,2.1147999999999997e+08,170,2.1148
1658106609,ACHUSDT,Sell,10,0.01244,ZeroMinusTick,0db3e813-11d9-56a9-a73e-fb52eb266338,1.244e+07,10,0.1244
1658106683,ACHUSDT,Sell,10,0.01244,ZeroMinusTick,eb6d37ea-8113-57ad-b452-ef69a707a8de,1.244e+07,10,0.1244
1658106769,ACHUSDT,Sell,100,0.01247,PlusTick,50d3a6f0-d71a-535f-a058-32931dadd631,1.2470000000000001e+08,100,1.247
1658106869,ACHUSDT,Sell,90,0.01245,MinusTick,5af2ce4b-51f7-57c1-8451-2bf3c34764d1,1.1204999999999999e+08,90,1.1204999999999998
1658106902,ACHUSDT,Buy,20000,0.01248,PlusTick,35ccc1a0-bafc-50a0-81d5-003cc66ac649,2.496e+10,20000,249.6
1658106968,ACHUSDT,Buy,38650,0.01248,ZeroMinusTick,fc91d15e-434c-5cea-bbaf-51459c5ee59a,4.82352e+10,38650,482.352
1658106968,ACHUSDT,Buy,46180,0.01248,ZeroMinusTick,dc478512-7924-5fc3-81a7-d7064fb315fa,5.763264e+10,46180,576.3264
1658106969,ACHUSDT,Buy,20000,0.01249,PlusTick,91122fa3-48c5-55cf-9c21-809204e04119,2.498e+10,20000,249.79999999999998
1658107049,ACHUSDT,Sell,90,0.01250,PlusTick,5f502bc2-cfe5-5f50-96f4-13923ca31cc1,1.125e+08,90,1.125
1658107169,ACHUSDT,Buy,10,0.01253,PlusTick,2776db22-535f-5fd6-ba89-8bdb5ef37320,1.253e+07,10,0.1253
1658107269,ACHUSDT,Buy,70,0.01254,PlusTick,95597a12-b511-553f-bddc-9b39fd5f16c4,8.778e+07,70,0.8778
1658107469,ACHUSDT,Buy,150,0.01253,MinusTick,c82146ac-e455-5075-ac8f-3128f0f3ae9f,1.8795e+08,150,1.8795
1658107639,ACHUSDT,Buy,110,0.01254,PlusTick,11b13188-2c5e-5b9d-9444-71583a99b6ba,1.3794000000000003e+08,110,1.3794000000000002
1658107829,ACHUSDT,Buy,10,0.01253,MinusTick,24ca5f78-ab51-5fb7-971a-eee22baf006f,1.253e+07,10,0.1253
1658107901,ACHUSDT,Sell,46390,0.01250,MinusTick,9c0d8edc-9ca2-56c0-802c-71f19b255c3a,5.79875e+10,46390,579.875
1658107901,ACHUSDT,Sell,38440,0.01250,ZeroMinusTick,728a913f-fd6c-51d6-8a59-f263f971a46d,4.805e+10,38440,480.5
1658107901,ACHUSDT,Sell,40030,0.01249,MinusTick,9824a4b3-e1a9-5421-9c10-1df8c6e2fa7a,4.999747e+10,40030,499.9747
1658107903,ACHUSDT,Buy,21900,0.01248,MinusTick,63f926ee-af95-5bc9-a7e0-579b098fcd7e,2.73312e+10,21900,273.312
1658107939,ACHUSDT,Sell,170,0.01247,MinusTick,e83b41a0-c29f-52f4-8a13-2f62ce83c68c,2.1199e+08,170,2.1199
1658107944,ACHUSDT,Sell,46220,0.01247,ZeroMinusTick,ffc931a5-b2cc-5023-8fce-3f59417c1950,5.763633999999999e+10,46220,576.3634
1658107944,ACHUSDT,Sell,40090,0.01247,ZeroMinusTick,8c3bc5d0-4277-5d6e-b0e2-6b22fc20ed0d,4.999223e+10,40090,499.9223
1658108069,ACHUSDT,Sell,120,0.01245,MinusTick,1352ca55-901f-532b-a99d-7dd1dfd5955a,1.494e+08,120,1.494
1658108149,ACHUSDT,Sell,30,0.01248,PlusTick,879e0217-7a30-5194-be51-a0b556486b8a,3.744e+07,30,0.3744
1658108221,ACHUSDT,Sell,39940,0.01248,ZeroMinusTick,0064b1b7-1681-5671-90d5-a1fe985a5aad,4.984512e+10,39940,498.4512
1658108339,ACHUSDT,Buy,40,0.01249,PlusTick,e8ab24e9-8343-5809-aec3-b3c773182348,4.996e+07,40,0.4996
1658108459,ACHUSDT,Buy,120,0.01249,ZeroMinusTick,5aa07f54-9dcc-5b5c-8ac4-5852fd7e1d11,1.4988e+08,120,1.4988
1658108529,ACHUSDT,Buy,200,0.01249,ZeroMinusTick,c0d5d375-fed0-56ac-a4c0-d2cc5bd590f8,2.4979999999999997e+08,200,2.4979999999999998
1658108709,ACHUSDT,Sell,150,0.01249,ZeroMinusTick,40e63475-1765-59a5-92d7-e77c7a664813,1.8735e+08,150,1.8735
1658108779,ACHUSDT,Sell,150,0.01249,ZeroMinusTick,80940437-8cc4-52dd-8098-b836e2396822,1.8735e+08,150,1.8735
1658108862,ACHUSDT,Buy,38440,0.01250,PlusTick,ce3c46f0-0154-5b1e-a66b-65f1116bc67d,4.805e+10,38440,480.5
1658108940,ACHUSDT,Buy,28150,0.01251,PlusTick,e1142eb9-de92-5bd3-ae39-8f722b330a61,3.521565e+10,28150,352.1565
1658108969,ACHUSDT,Sell,180,0.01254,PlusTick,d40ab040-33d2-5231-afaa-9de62a3bb602,2.2572e+08,180,2.2572
1658108982,ACHUSDT,Buy,20000,0.01255,PlusTick,3d9af701-03d1-5f85-80b8-1b145a2efc38,2.51e+10,20000,251
1658109024,ACHUSDT,Sell,39820,0.01260,PlusTick,aae678dc-7aa5-5548-ba08-d7c74c2b492b,5.01732e+10,39820,501.732
1658109149,ACHUSDT,Sell,10,0.01261,PlusTick,dcbf50f6-c4ee-5866-9d4b-06a407963693,1.2609999999999998e+07,10,0.1261
1658109162,ACHUSDT,Sell,20000,0.01261,ZeroMinusTick,f1f87007-1304-56ba-af68-200b01681e92,2.522e+10,20000,252.2
1658109229,ACHUSDT,Sell,160,0.01258,MinusTick,80a3257d-4b95-546c-866f-57cc567bc65c,2.0128e+08,160,2.0128
1658109389,ACHUSDT,Buy,60,0.01262,PlusTick,71e84991-562c-531d-9bbf-42639ee70a6b,7.572e+07,60,0.7572
1658109579,ACHUSDT,Sell,100,0.01262,ZeroMinusTick,e589654c-1f2f-54ab-a4be-332c3249afbb,1.262e+08,100,1.262
1658109729,ACHUSDT,Sell,140,0.01262,ZeroMinusTick,a13d34b4-784d-5ed3-b2fe-b88526f6642a,1.7668e+08,140,1.7668
1658109789,ACHUSDT,Buy,50,0.01267,PlusTick,4c8fb0d3-a368-50bc-b356-f24700e7df7f,6.335000000000001e+07,50,0.6335000000000001
1658109929,ACHUSDT,Sell,150,0.01262,MinusTick,2acf4d7f-26b4-5c73-acf4-b5fb3ec436ee,1.8929999999999997e+08,150,1.8929999999999998
1658110059,ACHUSDT,Buy,80,0.01267,PlusTick,606eab75-a179-55de-8328-3603b5820291,1.0136e+08,80,1.0136
1658110159,ACHUSDT,Sell,60,0.01266,MinusTick,b1be0f04-fd03-50a0-be47-7ff110486c7d,7.596e+07,60,0.7595999999999999
1658110289,ACHUSDT,Buy,70,0.01267,PlusTick,a3d7eb97-06c8-5140-91c8-e585daaf589e,8.869e+07,70,0.8869
1658110403,ACHUSDT,Buy,240,0.01267,ZeroMinusTick,b21c6348-0152-554f-a593-03630837b8a6,3.0408e+08,240,3.0408
1658110409,ACHUSDT,Sell,30,0.01266,MinusTick,51913f98-7a2a-59ca-b511-44c1148d5051,3.798e+07,30,0.37979999999999997
1658110468,ACHUSDT,Sell,11380,0.01266,ZeroMinusTick,51f74a07-471e-5ecc-8254-b928ecd5e742,1.440708e+10,11380,144.0708
1658110569,ACHUSDT,Sell,70,0.01263,MinusTick,384866c3-b5e2-5477-ac91-1b615300e200,8.841e+07,70,0.8841
1658110759,ACHUSDT,Sell,50,0.01263,ZeroMinusTick,78edcb67-e166-54b4-9c48-83951e7fe9a3,6.315000000000001e+07,50,0.6315000000000001
1658110939,ACHUSDT,Sell,190,0.01263,ZeroMinusTick,526a3266-97b8-5382-bc23-dbe02e128497,2.3997000000000003e+08,190,2.3997
1658111089,ACHUSDT,Sell,20,0.01263,ZeroMinusTick,40d3d69b-6bfc-58b4-a3f7-a25f9b88e1e8,2.526e+07,20,0.2526
1658111159,ACHUSDT,Sell,110,0.01263,ZeroMinusTick,24383316-c8bc-5c67-940f-88400eb158cd,1.3893e+08,110,1.3893
1658111249,ACHUSDT,Buy,30,0.01267,PlusTick,a23ab6f2-a0c7-58d7-89cb-8bf6fddd12f1,3.801e+07,30,0.3801
1658111469,ACHUSDT,Buy,200,0.01267,ZeroMinusTick,a9afc984-ffea-53f3-8c1f-2029533ea3df,2.5340000000000003e+08,200,2.5340000000000003
1658111669,ACHUSDT,Sell,150,0.01263,MinusTick,bb4ca820-2546-50a3-bba6-3c926f73b063,1.8945e+08,150,1.8945
1658111839,ACHUSDT,Buy,170,0.01267,PlusTick,12945dd3-382c-550d-9d19-1bb22655a4c7,2.1539e+08,170,2.1539
1658111969,ACHUSDT,Buy,10,0.01267,ZeroMinusTick,42c618df-72dd-5763-ae48-d438926b05fc,1.267e+07,10,0.1267
1658112139,ACHUSDT,Buy,80,0.01267,ZeroMinusTick,9d9f9024-7e68-5ca1-86d9-fb956a3fc9d4,1.0136e+08,80,1.0136
1658112174,ACHUSDT,Buy,15540,0.01267,ZeroMinusTick,685613d8-7fed-5b52-a903-4d9c6f9ab59c,1.968918e+10,15540,196.89180000000002
1658112249,ACHUSDT,Sell,170,0.01267,ZeroMinusTick,56a2599e-e898-57aa-a5dd-9eeaef63db49,2.1539e+08,170,2.1539
1658112359,ACHUSDT,Sell,140,0.01267,ZeroMinusTick,f46a6cb8-4b14-563a-be10-5eb015e5e5f9,1.7738e+08,140,1.7738
1658112449,ACHUSDT,Sell,10,0.01269,PlusTick,29fafb87-28ee-57b1-bff0-6187b9fdb85e,1.2690000000000002e+07,10,0.1269
1658112649,ACHUSDT,Sell,90,0.01272,PlusTick,21d48b52-9264-5270-8eec-21c746ee52e8,1.1448e+08,90,1.1448
1658112780,ACHUSDT,Buy,70,0.01278,PlusTick,4bade97e-911a-5f30-8434-24c2d9718adf,8.946e+07,70,0.8946
1658112860,ACHUSDT,Sell,100,0.01272,MinusTick,45546980-af9e-58a8-8c70-b7e25a1fb685,1.272e+08,100,1.272
1658112920,ACHUSDT,Buy,30,0.01277,PlusTick,566ff4ac-4c2e-5017-bb5e-eb871d33c0dd,3.831e+07,30,0.3831
1658113010,ACHUSDT,Buy,120,0.01277,ZeroMinusTick,7c578d63-764e-5c90-ba73-cc0c04e8b899,1.5324e+08,120,1.5324
1658113038,ACHUSDT,Buy,20000,0.01274,MinusTick,20110393-2edf-5be3-bfee-e6f12d2c1b37,2.548e+10,20000,254.79999999999998
1658113043,ACHUSDT,Buy,20000,0.01274,ZeroMinusTick,b6c332ec-4cf4-5211-aa1a-e472269f7615,2.548e+10,20000,254.79999999999998
1658113130,ACHUSDT,Sell,30,0.01274,ZeroMinusTick,90daa315-68fc-52c0-bcb5-db161204b145,3.822e+07,30,0.3822
1658113260,ACHUSDT,Buy,30,0.01275,PlusTick,fb7d8515-194c-53de-a39f-e1540fbda875,3.824999999999999e+07,30,0.38249999999999995
1658113344,ACHUSDT,Sell,29220,0.01272,MinusTick,34e615e6-bd8e-597c-bb0d-057d1992ba26,3.716784e+10,29220,371.6784
1658113344,ACHUSDT,Sell,46390,0.01271,MinusTick,dc28817a-c9b0-5616-b045-182bc5ad2c1e,5.896169e+10,46390,589.6169
1658113358,ACHUSDT,Sell,39400,0.01269,MinusTick,916a1d4d-30c9-59d1-897f-85cccbb21057,4.99986e+10,39400,499.986
1658113370,ACHUSDT,Sell,80,0.01266,MinusTick,fcb11660-ff39-5618-84b2-a589c2fbb12f,1.0127999999999999e+08,80,1.0128
1658113474,ACHUSDT,Sell,42120,0.01267,PlusTick,15a32f93-adf3-5914-b50f-f117ad2e4830,5.336604e+10,42120,533.6604
1658113527,ACHUSDT,Sell,8650,0.01266,MinusTick,7b6f370b-6307-59e3-a872-31e9316d0fdd,1.09509e+10,8650,109.509
1658113527,ACHUSDT,Sell,20000,0.01266,ZeroMinusTick,81afb8cc-d453-5a01-af84-ab9a951e27c1,2.532e+10,20000,253.2
1658113560,ACHUSDT,Sell,1000,0.01265,MinusTick,50c20503-ff31-52c4-bbd7-4fb65be6f9db,1.265e+09,1000,12.65
1658113609,ACHUSDT,Sell,39400,0.01264,MinusTick,bac6b4e4-dd89-53da-8ddc-f9d29e4baa0e,4.98016e+10,39400,498.016
1658113710,ACHUSDT,Sell,90,0.01266,PlusTick,78c53a37-7811-5303-9eea-448ef70df471,1.1394e+08,90,1.1394
1658113850,ACHUSDT,Sell,60,0.01265,MinusTick,2c0fd1d7-6de1-50d4-b948-c99d099cacce,7.59e+07,60,0.759
1658114040,ACHUSDT,Sell,180,0.01263,MinusTick,2e2f943d-e21a-58ab-982c-6dae88e2e5ee,2.2734e+08,180,2.2734
1658114095,ACHUSDT,Sell,20000,0.01261,MinusTick,4c6fc12a-4463-5c8f-ae02-544f0ec7a9c4,2.522e+10,20000,252.2
1658114095,ACHUSDT,Sell,26390,0.01261,ZeroMinusTick,be58fe89-835c-571d-a354-5d8dcf461c29,3.327779e+10,26390,332.7779
1658114150,ACHUSDT,Sell,10,0.01260,MinusTick,8f907aa4-6231-59ff-b744-e84777b70e65,1.26e+07,10,0.126
1658114270,ACHUSDT,Buy,10,0.01264,PlusTick,481686b7-b832-5920-bf4c-e31a1a6a6663,1.2640000000000002e+07,10,0.1264
1658114330,ACHUSDT,Buy,120,0.01264,ZeroMinusTick,56449563-c756-5272-9154-f34db5cfe772,1.5168e+08,120,1.5168
1658114360,ACHUSDT,Buy,5000,0.01264,ZeroMinusTick,0d438246-6971-5dbc-ac71-f8b64b0962ad,6.32e+09,5000,63.2
1658114400,ACHUSDT,Buy,100,0.01263,MinusTick,1ba76a40-715d-590c-8fa7-3955095ac06d,1.2630000000000001e+08,100,1.2630000000000001
1658114470,ACHUSDT,Buy,30,0.01264,PlusTick,7101b93d-90a8-5d25-8582-c3ac7478a5a4,3.792e+07,30,0.3792
1658114500,ACHUSDT,Sell,10,0.01263,MinusTick,ed2a961e-0d45-5743-a556-3e878c4697d7,1.263e+07,10,0.1263
1658114507,ACHUSDT,Buy,32970,0.01264,PlusTick,1c461650-3c52-5b3f-8d4d-d58828813331,4.167408e+10,32970,416.7408
1658114507,ACHUSDT,Buy,46390,0.01265,PlusTick,0330babe-bb83-54a7-8e90-32b4f02552de,5.868334999999999e+10,46390,586.8335
1658114640,ACHUSDT,Buy,46390,0.01266,PlusTick,a4bdd805-8948-53ca-9e1f-f1cc8f1b72b2,5.872973999999999e+10,46390,587.2973999999999
1658114660,ACHUSDT,Buy,120,0.01269,PlusTick,05050269-6564-5612-b856-c098da81fc5d,1.5228e+08,120,1.5228
1658114660,ACHUSDT,Buy,39280,0.01269,ZeroMinusTick,a10b27d8-db94-5034-856e-f7978780286b,4.984632e+10,39280,498.4632
1658114720,ACHUSDT,Buy,170,0.01270,PlusTick,66db2793-23de-589c-8a7b-3c4476e04db1,2.1589999999999997e+08,170,2.159
1658114800,ACHUSDT,Buy,170,0.01272,PlusTick,24764284-bf7c-5b1e-8e8d-1ac9efa2a43a,2.1624e+08,170,2.1624
1658114870,ACHUSDT,Sell,10,0.01270,MinusTick,3632a311-27e9-5cd7-863e-d6ed1f1751a8,1.27e+07,10,0.127
1658115000,ACHUSDT,Buy,20000,0.01270,ZeroMinusTick,61b6d289-aec0-527a-a00f-6b24cf8b8f0e,2.54e+10,20000,254
1658115014,ACHUSDT,Sell,12890,0.01270,ZeroMinusTick,f5d563ec-6d40-5365-8017-df7309c214c1,1.63703e+10,12890,163.703
1658115014,ACHUSDT,Sell,19630,0.01270,ZeroMinusTick,3c133c40-bdd6-5262-b6ae-0c1a9a64df0f,2.49301e+10,19630,249.301
1658115030,ACHUSDT,Buy,130,0.01268,MinusTick,07afc9f8-e5c6-5d09-9ae9-fe01e0e36e3a,1.6484e+08,130,1.6484
1658115170,ACHUSDT,Buy,200,0.01269,PlusTick,8970b1f1-3787-5d1d-9b61-5924e10fd7e1,2.5379999999999997e+08,200,2.538
1658115340,ACHUSDT,Buy,120,0.01268,MinusTick,aed00363-7511-526e-9417-76d4a4427b9d,1.5216e+08,120,1.5216
1658115450,ACHUSDT,Sell,190,0.01265,MinusTick,6ddc9284-c7bc-50ef-8333-963b6a237390,2.4034999999999997e+08,190,2.4034999999999997
1658115600,ACHUSDT,Sell,10,0.01265,ZeroMinusTick,71deb261-e642-50e4-8985-bdf442671111,1.265e+07,10,0.1265
1658115680,ACHUSDT,Buy,780,0.01266,PlusTick,57ed22de-49cf-554c-b30f-64700044d485,9.874799999999999e+08,780,9.874799999999999
1658115730,ACHUSDT,Sell,10,0.01265,MinusTick,7b40b46b-bcc8-5b10-9dfe-505ffef1afa2,1.265e+07,10,0.1265
1658115850,ACHUSDT,Sell,10,0.01265,ZeroMinusTick,d8f9eddf-f62a-5023-a4a1-7abb76bae489,1.265e+07,10,0.1265
1658116000,ACHUSDT,Sell,10,0.01266,PlusTick,1b420ada-774b-5184-a036-a33aacea60e3,1.2659999999999998e+07,10,0.1266
1658116110,ACHUSDT,Buy,170,0.01268,PlusTick,19a5433e-ed72-523b-bcfb-1f7d327cbc37,2.1556000000000003e+08,170,2.1556
1658116270,ACHUSDT,Sell,10,0.01265,MinusTick,ad81ea47-e2ed-5ec7-9f5d-d99f510a914f,1.265e+07,10,0.1265
1658116490,ACHUSDT,Sell,10,0.01266,PlusTick,5819d7ef-f72c-58d8-a7de-42c1a0a9bb92,1.2659999999999998e+07,10,0.1266
1658116550,ACHUSDT,Buy,10,0.01267,PlusTick,02e52750-ef09-5b65-8161-7bdcfb0cb070,1.267e+07,10,0.1267
1658116620,ACHUSDT,Sell,10,0.01267,ZeroMinusTick,2c35a8ec-71a2-5dc5-b7c0-f1f1da0f5e5d,1.267e+07,10,0.1267
1658116770,ACHUSDT,Sell,1000,0.01267,ZeroMinusTick,a9b08c69-0012-5739-a2da-61b3a49a10b0,1.267e+09,1000,12.67
1658116860,ACHUSDT,Buy,10,0.01268,PlusTick,5af0908a-8742-5992-a3aa-348354535713,1.268e+07,10,0.1268
1658116920,ACHUSDT,Buy,39420,0.01268,ZeroMinusTick,3ac01ba0-a789-5cb9-8619-c9d4fc9eb78d,4.998456e+10,39420,499.8456
1658116921,ACHUSDT,Sell,20000,0.01269,PlusTick,7cb3092b-cc1a-5af3-b1c7-17d2a7e5ac6e,2.538e+10,20000,253.8
1658116940,ACHUSDT,Sell,19420,0.01269,ZeroMinusTick,ca3f1961-812a-565e-8ccb-5042b5469576,2.464398e+10,19420,246.4398
1658116945,ACHUSDT,Buy,19630,0.01270,PlusTick,76840ad2-16ba-5a05-a302-cd6181717f19,2.49301e+10,19630,249.301
1658116945,ACHUSDT,Buy,26760,0.01270,ZeroMinusTick,f186511a-d0df-5c7b-b60b-a6967678fa23,3.3985199999999996e+10,26760,339.852
1658116959,ACHUSDT,Sell,20000,0.01271,PlusTick,9eb6887b-e562-5488-a373-f4c82873227a,2.542e+10,20000,254.20000000000002
1658116980,ACHUSDT,Buy,30,0.01272,PlusTick,6ab51dc6-0ee1-5a5c-8485-f6377615cf73,3.816e+07,30,0.3816
1658117000,ACHUSDT,Buy,50,0.01272,ZeroMinusTick,bbb85e18-180b-5f56-84b2-6718d70dad8f,6.36e+07,50,0.636
1658117010,ACHUSDT,Buy,46390,0.01269,MinusTick,c99d293a-542b-5a70-a2fc-3d4102a3848c,5.886890999999999e+10,46390,588.6890999999999
1658117070,ACHUSDT,Buy,160,0.01271,PlusTick,05eb2ce7-7eb1-5367-a5c9-3ddbbdcf156b,2.0336000000000003e+08,160,2.0336000000000003
1658117170,ACHUSDT,Buy,120,0.01271,ZeroMinusTick,8c978d72-80a6-5443-8701-444ff042d143,1.5252e+08,120,1.5252000000000001
1658117220,ACHUSDT,Buy,80,0.01271,ZeroMinusTick,bbcd2f59-fc1d-5017-93f0-8c8dc234b419,1.0168000000000001e+08,80,1.0168000000000001
1658117240,ACHUSDT,Buy,40,0.01270,MinusTick,f8847fca-6184-5e2a-806e-558070a9e03d,5.08e+07,40,0.508
1658117254,ACHUSDT,Buy,2900,0.01271,PlusTick,a76e9a48-624e-5b29-9a21-f57c072939df,3.6859e+09,2900,36.859
1658117288,ACHUSDT,Sell,780,0.01270,MinusTick,ad43f5b7-e606-5901-8b84-5a478244f75d,9.905999999999999e+08,780,9.905999999999999
1658117300,ACHUSDT,Buy,390,0.01270,ZeroMinusTick,20c4ccda-0498-5d93-87e3-f3d63bbd36ea,4.9529999999999994e+08,390,4.952999999999999
1658117350,ACHUSDT,Buy,90,0.01270,ZeroMinusTick,070cf3ee-98a8-5bec-9144-1441f209409e,1.143e+08,90,1.143
1658117390,ACHUSDT,Buy,40,0.01271,PlusTick,aee59ce1-3058-5c50-8ec4-660a5302c38d,5.084000000000001e+07,40,0.5084000000000001
1658117550,ACHUSDT,Buy,120,0.01271,ZeroMinusTick,e43e4e12-65c5-5a65-b16f-d253873926a4,1.5252e+08,120,1.5252000000000001
1658117610,ACHUSDT,Buy,120,0.01271,ZeroMinusTick,81d882c1-f771-59e3-aea6-142cff4f7ea4,1.5252e+08,120,1.5252000000000001
1658117780,ACHUSDT,Buy,50,0.01271,ZeroMinusTick,cd0ad11c-332d-5b5a-af89-7f3ae7c3a663,6.355000000000001e+07,50,0.6355000000000001
1658117810,ACHUSDT,Buy,80,0.01271,ZeroMinusTick,4e67e152-071a-5bf5-8c4d-9946b2f51a56,1.0168000000000001e+08,80,1.0168000000000001
1658118010,ACHUSDT,Buy,100,0.01269,MinusTick,a2a171de-6098-5576-b65f-96ec3cf5e9a7,1.2689999999999999e+08,100,1.269
1658118120,ACHUSDT,Buy,200,0.01270,PlusTick,5bcc9f92-d1f5-50b7-ba51-c1330f9b4bf1,2.54e+08,200,2.54
1658118320,ACHUSDT,Buy,20,0.01266,MinusTick,a2f35f7d-b589-5696-9e7c-73f0d61db55c,2.5319999999999996e+07,20,0.2532
1658118470,ACHUSDT,Buy,150,0.01266,ZeroMinusTick,6e5b9b7a-3857-5c53-8dcc-7d7177e7adfe,1.8989999999999997e+08,150,1.8989999999999998
1658118530,ACHUSDT,Buy,120,0.01265,MinusTick,c73ec05b-09b8-5a6d-88e4-8f476e97e5d7,1.518e+08,120,1.518
1658118650,ACHUSDT,Buy,140,0.01266,PlusTick,370100ce-1917-56cf-b2d0-37a612577931,1.7724e+08,140,1.7724
1658118800,ACHUSDT,Buy,170,0.01266,ZeroMinusTick,c2475161-ec14-56da-b2b7-5978065ac888,2.1522e+08,170,2.1522
1658118880,ACHUSDT,Buy,190,0.01266,ZeroMinusTick,b6e7bc55-8b4d-57ce-94f4-729f8b5d67d4,2.4053999999999997e+08,190,2.4053999999999998
1658118990,ACHUSDT,Buy,20,0.01266,ZeroMinusTick,132fdda6-c4a5-52f7-b776-3c36e2546082,2.5319999999999996e+07,20,0.2532
1658119050,ACHUSDT,Buy,80,0.01265,MinusTick,65907587-daf5-543d-b2ff-4a7a7f6a68ac,1.012e+08,80,1.012
1658119250,ACHUSDT,Buy,190,0.01265,ZeroMinusTick,0e52fce5-41c1-5265-a4db-2edaea5ced97,2.4034999999999997e+08,190,2.4034999999999997
1658119390,ACHUSDT,Buy,180,0.01265,ZeroMinusTick,cf36f849-9345-56cc-9975-525b1d5f68df,2.277e+08,180,2.277
1658119480,ACHUSDT,Buy,60,0.01264,MinusTick,e97dc6be-a635-5f01-9e63-8baa4ab9d575,7.584e+07,60,0.7584
1658119569,ACHUSDT,Buy,12310,0.01263,MinusTick,a12a4307-ad58-5390-a211-563964bd549c,1.554753e+10,12310,155.4753
1658119640,ACHUSDT,Buy,30,0.01263,ZeroMinusTick,fc23205b-e329-51bc-b405-484181b6b39e,3.789e+07,30,0.3789
1658119690,ACHUSDT,Buy,110,0.01263,ZeroMinusTick,5ae02c18-1a50-5136-be6d-34b424f768b9,1.3893e+08,110,1.3893
1658119790,ACHUSDT,Buy,140,0.01263,ZeroMinusTick,acffb87b-39c2-59c3-a052-4999b844ce29,1.7682e+08,140,1.7682
1658119820,ACHUSDT,Buy,110,0.01263,ZeroMinusTick,3c3b4a89-845d-5dad-8d30-c1ab11466626,1.3893e+08,110,1.3893
1658119874,ACHUSDT,Sell,40000,0.01264,PlusTick,f02af028-cc97-5a88-ad6d-4e97244124ec,5.056e+10,40000,505.6
1658119960,ACHUSDT,Buy,160,0.01263,MinusTick,6472d2c4-222f-534d-988c-5fc6d571dee9,2.0208e+08,160,2.0208
1658120070,ACHUSDT,Buy,40,0.01263,ZeroMinusTick,83eb3411-559d-5557-aee6-f3c665147293,5.052e+07,40,0.5052
1658120090,ACHUSDT,Buy,110,0.01263,ZeroMinusTick,e8310726-d49c-59d2-b38e-074146d2b77c,1.3893e+08,110,1.3893
1658120140,ACHUSDT,Buy,30,0.01263,ZeroMinusTick,dd2f04d7-e4e4-5678-955f-7cf729f4224a,3.789e+07,30,0.3789
1658120240,ACHUSDT,Buy,110,0.01262,MinusTick,e9564931-4d1d-5c68-bd07-d29c6dc730ac,1.3882e+08,110,1.3881999999999999
1658120319,ACHUSDT,Buy,30000,0.01263,PlusTick,1d47e981-9066-5ca6-8340-118a87135241,3.789e+10,30000,378.90000000000003
1658120337,ACHUSDT,Buy,30000,0.01262,MinusTick,91ecb66c-1bc5-5411-a5df-6679923c1ab8,3.786e+10,30000,378.59999999999997
1658120340,ACHUSDT,Buy,10,0.01263,PlusTick,d66463c4-bf7a-51e7-951b-21312271852a,1.263e+07,10,0.1263
1658120408,ACHUSDT,Buy,9210,0.01264,PlusTick,815c6a9f-80a7-5b9f-aa5b-9cefd8a7f521,1.164144e+10,9210,116.4144
1658120413,ACHUSDT,Buy,30790,0.01265,PlusTick,5eb495d7-ff15-5807-a5d1-9ee15344322d,3.894935e+10,30790,389.4935
1658120480,ACHUSDT,Buy,70,0.01270,PlusTick,764979a2-2ba5-5a9b-93cc-a1ef8159b3a0,8.89e+07,70,0.889
1658120570,ACHUSDT,Buy,120,0.01270,ZeroMinusTick,f52bbfcd-9767-5429-b412-15b56c6953ca,1.524e+08,120,1.524
1658120610,ACHUSDT,Buy,100,0.01269,MinusTick,c138a66e-fb44-50fe-a3b3-6457cc8ce490,1.2689999999999999e+08,100,1.269
1658120721,ACHUSDT,Sell,20000,0.01269,ZeroMinusTick,d83ed035-53bd-5346-a889-9a7dd711228d,2.538e+10,20000,253.8
1658120759,ACHUSDT,Buy,30000,0.01271,PlusTick,2c355f88-2f6c-5033-9524-fa026201895c,3.813e+10,30000,381.3
1658120760,ACHUSDT,Buy,20620,0.01271,ZeroMinusTick,d6c1e17a-8107-5df7-a82c-c36fb1fedfc6,2.620802e+10,20620,262.0802
1658120760,ACHUSDT,Sell,9380,0.01271,ZeroMinusTick,99e6d0c4-1600-5f5d-b141-59f763a86263,1.192198e+10,9380,119.2198
1658120760,ACHUSDT,Sell,20000,0.01270,MinusTick,8fe6821d-3a0e-5e49-a705-6a1818e32c2a,2.54e+10,20000,254
1658120780,ACHUSDT,Buy,190,0.01272,PlusTick,dc277aad-4fff-5172-94bd-ce6a51692d3f,2.4168000000000003e+08,190,2.4168000000000003
1658120920,ACHUSDT,Buy,39300,0.01272,ZeroMinusTick,57b33bf1-7f9b-5cb1-b424-ba1873825ee8,4.99896e+10,39300,499.896
1658120960,ACHUSDT,Buy,10,0.01272,ZeroMinusTick,d6588598-da0d-5033-a3db-d13b37c9fc52,1.272e+07,10,0.1272
1658121150,ACHUSDT,Sell,10,0.01271,MinusTick,89825182-439e-5f29-ae51-c3b905dbc5b2,1.2710000000000002e+07,10,0.12710000000000002
1658121290,ACHUSDT,Buy,180,0.01272,PlusTick,ac2ed1b6-6e33-59e6-81a3-f27a0caacf6d,2.2896e+08,180,2.2896
1658121311,ACHUSDT,Buy,7370,0.01275,PlusTick,9bc0fbec-96bb-5719-864c-1d9adfd09df5,9.396749999999998e+09,7370,93.96749999999999
1658121370,ACHUSDT,Sell,170,0.01272,MinusTick,caae2ebf-5318-5236-aa2d-cc1d61af4614,2.1624e+08,170,2.1624
1658121465,ACHUSDT,Sell,20000,0.01277,PlusTick,7eb38e5f-83ad-5e2b-a8a4-366d89b43538,2.554e+10,20000,255.4
1658121474,ACHUSDT,Buy,20000,0.01277,ZeroMinusTick,6d439a5d-4a86-55b7-b253-198c94ba75e0,2.554e+10,20000,255.4
1658121475,ACHUSDT,Buy,20000,0.01277,ZeroMinusTick,695b5e9c-6ec5-5200-ba7e-e7d99ac6c207,2.554e+10,20000,255.4
1658121476,ACHUSDT,Buy,20000,0.01277,ZeroMinusTick,cf7c0614-50d7-54aa-a3e4-4ca3a2302b0f,2.554e+10,20000,255.4
1658121476,ACHUSDT,Buy,20000,0.01277,ZeroMinusTick,c1494335-b212-5658-9da7-ce685793f867,2.554e+10,20000,255.4
1658121476,ACHUSDT,Buy,20000,0.01277,ZeroMinusTick,a46b7554-4dc4-516f-947e-6646ea0b6f6e,2.554e+10,20000,255.4
1658121483,ACHUSDT,Buy,20000,0.01277,ZeroMinusTick,d6c352f9-f71a-5219-b75e-4bb679de835f,2.554e+10,20000,255.4
1658121490,ACHUSDT,Buy,20000,0.01277,ZeroMinusTick,983fab0b-bd80-5f8a-8198-b30ce8459b32,2.554e+10,20000,255.4
1658121530,ACHUSDT,Buy,20,0.01279,PlusTick,c0832b73-ff5a-5d18-83e0-47834610d558,2.5579999999999996e+07,20,0.25579999999999997
1658121570,ACHUSDT,Buy,20000,0.01277,MinusTick,cbef58aa-e3c8-5799-bff8-c363d8e93034,2.554e+10,20000,255.4
1658121712,ACHUSDT,Sell,46390,0.01279,PlusTick,b13aa171-0121-5cfd-9eda-f9d1bdfe1738,5.933280999999999e+10,46390,593.3281
1658121714,ACHUSDT,Sell,16320,0.01279,ZeroMinusTick,746d45f2-8777-58da-a339-056e578d4e75,2.087328e+10,16320,208.7328
1658121730,ACHUSDT,Sell,10,0.01278,MinusTick,2c4a8fa2-e19e-542a-b1ef-73005234c804,1.278e+07,10,0.1278
1658121840,ACHUSDT,Buy,180,0.01279,PlusTick,490e5614-1856-5471-ac4b-2445d45a49d5,2.3022e+08,180,2.3022
1658122030,ACHUSDT,Sell,10,0.01277,MinusTick,4349b58d-8d6d-5e5c-85d0-1edce8cdabfb,1.277e+07,10,0.1277
1658122120,ACHUSDT,Sell,1000,0.01277,ZeroMinusTick,19a7ee3b-c51e-51a7-a741-7b4edd0fe4e3,1.277e+09,1000,12.77
1658122190,ACHUSDT,Buy,38940,0.01278,PlusTick,282af38b-9f85-513e-8f92-1e0d81763d7a,4.976532e+10,38940,497.65319999999997
1658122204,ACHUSDT,Buy,5530,0.01279,PlusTick,67970a63-82e6-5144-a1b8-e0cc0c6f5a61,7.072869999999999e+09,5530,70.72869999999999
1658122228,ACHUSDT,Buy,39000,0.01282,PlusTick,79ce78f1-8ad1-5967-8a04-e547ccefd134,4.9998e+10,39000,499.98
1658122228,ACHUSDT,Sell,20000,0.01283,PlusTick,9fcacd48-f6fd-5152-b7af-4a210d474bb0,2.5659999999999996e+10,20000,256.59999999999997
1658122300,ACHUSDT,Sell,10,0.01281,MinusTick,89e68a5a-9089-5c6a-af1e-55fddb1d6c93,1.281e+07,10,0.1281
1658122358,ACHUSDT,Buy,39000,0.01282,PlusTick,056b00e7-55f4-506b-ad76-4ae080a99227,4.9998e+10,39000,499.98
1658122358,ACHUSDT,Buy,25640,0.01284,PlusTick,420a8239-3c24-5bda-a771-b297d1498b5f,3.292176e+10,25640,329.2176
1658122363,ACHUSDT,Buy,10,0.01284,ZeroMinusTick,db412e26-80c0-51e2-8912-2cd047031077,1.2840000000000002e+07,10,0.12840000000000001
1658122363,ACHUSDT,Buy,10,0.01284,ZeroMinusTick,3d969eea-8bc7-5c90-9d2b-101d6909b910,1.2840000000000002e+07,10,0.12840000000000001
1658122366,ACHUSDT,Buy,10,0.01284,ZeroMinusTick,be411001-2144-5868-932b-d5cc045a53bb,1.2840000000000002e+07,10,0.12840000000000001
1658122374,ACHUSDT,Buy,10,0.01284,ZeroMinusTick,530ee395-e982-5364-afed-3b60529c1e16,1.2840000000000002e+07,10,0.12840000000000001
1658122407,ACHUSDT,Buy,10,0.01284,ZeroMinusTick,1721560e-b873-5584-ae47-f905a92a8ea2,1.2840000000000002e+07,10,0.12840000000000001
1658122480,ACHUSDT,Sell,1000,0.01284,ZeroMinusTick,57e25851-79b2-5369-a25a-98ca2fc2fdcd,1.284e+09,1000,12.84
1658122598,ACHUSDT,Sell,20000,0.01284,ZeroMinusTick,ec9385b6-c9d2-57f9-aaec-22200c75d547,2.568e+10,20000,256.8
1658122651,ACHUSDT,Buy,20000,0.01284,ZeroMinusTick,8f91de55-a8ff-5a96-8497-e20e4b791413,2.568e+10,20000,256.8
1658122680,ACHUSDT,Sell,180,0.01282,MinusTick,eab5ff9f-4386-5a63-a9b3-52f7532f9a62,2.3076e+08,180,2.3076
1658122686,ACHUSDT,Sell,20000,0.01285,PlusTick,a748e6ae-c377-5f6b-865d-e45c7fa08d40,2.57e+10,20000,257
1658122830,ACHUSDT,Buy,110,0.01286,PlusTick,8b216137-2db3-513d-b284-38dd2d4710a0,1.4146e+08,110,1.4146
1658122832,ACHUSDT,Sell,38940,0.01284,MinusTick,117b162d-80d0-561e-bc05-2af6311786f9,4.999896000000001e+10,38940,499.98960000000005
1658122864,ACHUSDT,Sell,19990,0.01284,ZeroMinusTick,abcc1047-988c-5a54-85c9-8f7857d075e0,2.566716e+10,19990,256.6716
1658122866,ACHUSDT,Sell,10,0.01284,ZeroMinusTick,a783dfde-9f9d-5836-9e70-d3940c8fc26c,1.2840000000000002e+07,10,0.12840000000000001
1658122870,ACHUSDT,Buy,10,0.01285,PlusTick,b09098fe-4332-55d0-b7fe-478042031fa2,1.285e+07,10,0.1285
1658122886,ACHUSDT,Buy,10,0.01285,ZeroMinusTick,727db047-9e09-54c6-8557-9f81a14934d0,1.285e+07,10,0.1285
1658122895,ACHUSDT,Buy,10,0.01285,ZeroMinusTick,b24ea984-fa7f-5eb7-9ea6-2fe1e6408000,1.285e+07,10,0.1285
1658122961,ACHUSDT,Sell,20000,0.01289,PlusTick,c5b8283f-a96d-55b5-9b4c-e20ae07f7df2,2.578e+10,20000,257.8
1658122961,ACHUSDT,Sell,120,0.01286,MinusTick,153ab5a9-e42a-52c5-94d9-dbbf8d0cb0cd,1.5432e+08,120,1.5432
1658122969,ACHUSDT,Buy,30,0.01290,PlusTick,22b43bcd-24e0-5fe6-921b-3a0278218bb2,3.87e+07,30,0.387
1658123000,ACHUSDT,Buy,20,0.01290,ZeroMinusTick,22cf8f0d-5d5f-566a-8c5c-738d1a7fd024,2.58e+07,20,0.258
1658123038,ACHUSDT,Sell,20000,0.01288,MinusTick,f187a277-edf7-577d-b09f-e60adea7a314,2.5760000000000004e+10,20000,257.6
1658123110,ACHUSDT,Sell,1000,0.01288,ZeroMinusTick,b14ea76e-e0ed-5c1e-9170-81cdc3eb9759,1.288e+09,1000,12.88
1658123199,ACHUSDT,Sell,46390,0.01284,MinusTick,598ca063-399a-5fc7-98c3-71e3f57beb77,5.956476e+10,46390,595.6476
1658123199,ACHUSDT,Sell,20000,0.01284,ZeroMinusTick,72f29461-1c75-57e7-ac76-4db4f0035570,2.568e+10,20000,256.8
1658123199,ACHUSDT,Sell,28610,0.01283,MinusTick,d20be504-2345-5100-8797-eaeb275d9ace,3.670662999999999e+10,28610,367.06629999999996
1658123224,ACHUSDT,Buy,120,0.01285,PlusTick,674cbcdf-a968-5d12-a5c9-30bb51ea6bc1,1.542e+08,120,1.542
1658123280,ACHUSDT,Buy,40,0.01285,ZeroMinusTick,0a093e3d-57cf-588d-af32-1a07a4f4d51e,5.14e+07,40,0.514
1658123360,ACHUSDT,Sell,110,0.01283,MinusTick,7f5082b1-c203-549f-973e-68024c4dfdbf,1.4113e+08,110,1.4113
1658123428,ACHUSDT,Sell,20000,0.01285,PlusTick,f90bd512-2417-533c-99fb-c9642cac666a,2.57e+10,20000,257
1658123428,ACHUSDT,Sell,3920,0.01283,MinusTick,fa3a89a4-d5fa-501e-8a55-ca647ac0e39d,5.02936e+09,3920,50.2936
1658123460,ACHUSDT,Buy,100,0.01286,PlusTick,24f86124-75e8-515d-9818-574b68753926,1.286e+08,100,1.286
1658123472,ACHUSDT,Buy,38780,0.01286,ZeroMinusTick,0a276ffa-d608-5a48-84ce-fa162add0904,4.987108e+10,38780,498.7108
1658123472,ACHUSDT,Buy,46390,0.01287,PlusTick,13c62f09-1788-5ccc-b9ad-826702cf5b33,5.970393e+10,46390,597.0393
1658123472,ACHUSDT,Buy,46390,0.01288,PlusTick,10d34bd2-7c84-5e94-ac71-101edfa6a50d,5.975032e+10,46390,597.5032
1658123472,ACHUSDT,Buy,29010,0.01289,PlusTick,311d5f61-cfe9-57ec-8a53-8798ad789be9,3.739389e+10,29010,373.9389
1658123472,ACHUSDT,Buy,20000,0.01289,ZeroMinusTick,8b5c2109-b310-520a-a999-ae0d7f288994,2.578e+10,20000,257.8
1658123472,ACHUSDT,Buy,36580,0.01289,ZeroMinusTick,170e9a17-0946-5d7d-9d11-3b61e113740d,4.715162e+10,36580,471.5162
1658123508,ACHUSDT,Buy,38850,0.01287,MinusTick,ae84a2b2-38b1-5ab8-b18b-171a13baaa8c,4.999994999999999e+10,38850,499.99949999999995
1658123660,ACHUSDT,Sell,190,0.01286,MinusTick,e58d5620-2ad4-530e-80dd-e05f5d414eaa,2.4434e+08,190,2.4434
1658123685,ACHUSDT,Buy,38850,0.01287,PlusTick,ca6a4282-9e75-57bc-987b-e18d44e25ba2,4.999994999999999e+10,38850,499.99949999999995
1658123685,ACHUSDT,Buy,20000,0.01288,PlusTick,b42d9937-a55f-5a2d-8164-7dfaaa426907,2.5760000000000004e+10,20000,257.6
1658123685,ACHUSDT,Buy,30390,0.01289,PlusTick,477d8f70-ddf7-53f6-b73f-feff83763eef,3.917271e+10,30390,391.7271
1658123685,ACHUSDT,Buy,10760,0.01289,ZeroMinusTick,8011187f-92bd-547c-99da-b63cd7bcd657,1.3869640000000002e+10,10760,138.6964
1658123800,ACHUSDT,Buy,160,0.01290,PlusTick,eb59f991-8289-52c7-b55d-ed1860f0f943,2.064e+08,160,2.064
1658123880,ACHUSDT,Buy,190,0.01290,ZeroMinusTick,f45605a3-e71b-564e-9e73-93742139cb66,2.451e+08,190,2.451
1658123982,ACHUSDT,Buy,23180,0.01290,ZeroMinusTick,7f70ae31-fed9-5027-bd2c-b882fd8f20a4,2.99022e+10,23180,299.022
1658124010,ACHUSDT,Buy,180,0.01290,ZeroMinusTick,20046583-e3e0-52c4-a33b-a9ee353cab81,2.322e+08,180,2.322
1658124110,ACHUSDT,Buy,100,0.01288,MinusTick,c7d4bc80-4225-5bc8-be51-21e6cd532430,1.288e+08,100,1.288
1658124114,ACHUSDT,Buy,40480,0.01288,ZeroMinusTick,b58827ff-78d4-5332-a4ed-873e2610eace,5.213824000000001e+10,40480,521.3824000000001
1658124190,ACHUSDT,Sell,100,0.01287,MinusTick,80f39e39-e515-5495-88f2-2be373c09247,1.2869999999999999e+08,100,1.287
1658124390,ACHUSDT,Sell,50,0.01286,MinusTick,dbb31642-de3e-51ab-b060-ba5c1d1141c1,6.43e+07,50,0.643
1658124460,ACHUSDT,Buy,1000,0.01287,PlusTick,2cc87bad-7d07-5d87-abd9-f273c40b0ac8,1.287e+09,1000,12.87
1658124471,ACHUSDT,Buy,19710,0.01286,MinusTick,aec60107-d1cc-5652-93fa-29fdb91a361e,2.534706e+10,19710,253.4706
1658124471,ACHUSDT,Buy,20000,0.01286,ZeroMinusTick,39ffc8b8-9225-5c3b-9a77-b17fed5386ff,2.572e+10,20000,257.2
1658124600,ACHUSDT,Buy,100,0.01289,PlusTick,6ed15cdd-f545-5bff-a6f3-50d940800a01,1.2890000000000001e+08,100,1.2890000000000001
1658124710,ACHUSDT,Buy,10,0.01285,MinusTick,f870a298-4956-502f-bb29-c196935a411e,1.285e+07,10,0.1285
1658124800,ACHUSDT,Sell,110,0.01282,MinusTick,fded2506-f0f6-5847-9753-aa9bd99add2f,1.4102e+08,110,1.4102
1658124812,ACHUSDT,Buy,20000,0.01284,PlusTick,e3eca41a-0957-5f28-ab4f-b9ca92a35221,2.568e+10,20000,256.8
1658124812,ACHUSDT,Buy,1620,0.01286,PlusTick,c1800853-f746-5f12-861c-8352f1735132,2.0833200000000002e+09,1620,20.8332
1658124812,ACHUSDT,Buy,1630,0.01286,ZeroMinusTick,72f739bc-eb0e-5d0a-9803-636daf3bebb0,2.09618e+09,1630,20.9618
1658124837,ACHUSDT,Buy,20000,0.01283,MinusTick,e7860315-116a-57db-9e8a-1a936719a1ad,2.5659999999999996e+10,20000,256.59999999999997
1658124970,ACHUSDT,Sell,180,0.01283,ZeroMinusTick,9c96a9a9-a962-5b3b-b6a1-ba7ff6a053e0,2.3093999999999997e+08,180,2.3093999999999997
1658125060,ACHUSDT,Buy,10,0.01284,PlusTick,da636aa9-8814-5968-b420-b6dfd79b41c6,1.2840000000000002e+07,10,0.12840000000000001
1658125091,ACHUSDT,Buy,19530,0.01286,PlusTick,fc769769-004f-5119-ba98-7c2ef1b9d44d,2.511558e+10,19530,251.1558
1658125240,ACHUSDT,Sell,60,0.01285,MinusTick,366f62ca-cb23-5b91-9163-2edb0db37f92,7.71e+07,60,0.771
1658125254,ACHUSDT,Sell,30990,0.01285,ZeroMinusTick,039a7d1b-e437-5dda-8ca2-84711552cf19,3.982215e+10,30990,398.2215
1658125410,ACHUSDT,Buy,170,0.01287,PlusTick,47ca7027-9a13-5a87-833e-9f5b7d587e12,2.1879e+08,170,2.1879
1658125470,ACHUSDT,Sell,50,0.01287,ZeroMinusTick,27678801-d220-5304-ac04-6940e4f82051,6.434999999999999e+07,50,0.6435
1658125530,ACHUSDT,Sell,1000,0.01289,PlusTick,3fc20ed3-b1fd-536e-9f25-c003911e01e9,1.289e+09,1000,12.89
1658125532,ACHUSDT,Sell,19000,0.01289,ZeroMinusTick,c77b6d92-c5b4-5be9-a89c-a5280cb2283c,2.4491e+10,19000,244.91
1658125540,ACHUSDT,Sell,10950,0.01286,MinusTick,43de196a-0bb7-5810-976b-5ac0a64fb52d,1.40817e+10,10950,140.817
1658125540,ACHUSDT,Sell,169660,0.01286,ZeroMinusTick,309602e3-fd9d-51eb-a25c-037df3bb7923,2.1818276e+11,169660,2181.8276
1658125540,ACHUSDT,Sell,2610,0.01286,ZeroMinusTick,52cd6afe-5add-5e53-a6db-c5987ae77d34,3.35646e+09,2610,33.5646
1658125540,ACHUSDT,Sell,116640,0.01286,ZeroMinusTick,0d1f679c-e00b-5afc-8195-82532355cbc6,1.4999904e+11,116640,1499.9904
1658125555,ACHUSDT,Buy,10,0.01283,MinusTick,23d055ad-6d3b-52cb-96c0-416aea3e48a6,1.283e+07,10,0.1283
1658125670,ACHUSDT,Buy,90,0.01284,PlusTick,65dda847-9ab2-5fb7-8226-36323f0936a0,1.1556e+08,90,1.1556
1658125766,ACHUSDT,Buy,20000,0.01284,ZeroMinusTick,d3ed9200-ed34-5de2-a40b-145e868d2705,2.568e+10,20000,256.8
1658125791,ACHUSDT,Sell,2610,0.01284,ZeroMinusTick,e5c06f09-8013-5681-9f7b-5caf0b9e25c2,3.35124e+09,2610,33.5124
1658125840,ACHUSDT,Buy,10,0.01286,PlusTick,9fb90a9f-9fa7-57e5-a0d9-4cd0079919d7,1.286e+07,10,0.1286
1658125841,ACHUSDT,Sell,4790,0.01283,MinusTick,0bb243d3-1f16-5bfa-9638-c45127cd9972,6.14557e+09,4790,61.4557
1658125849,ACHUSDT,Buy,38910,0.01285,PlusTick,fdc1d438-a6ac-57c2-96c9-44704e5ec55a,4.999935000000001e+10,38910,499.99350000000004
1658125942,ACHUSDT,Buy,20000,0.01288,PlusTick,04fc997f-8df3-5113-8904-2bc4acc8f702,2.5760000000000004e+10,20000,257.6
1658125990,ACHUSDT,Sell,1000,0.01287,MinusTick,73cded94-90df-5cc4-8111-79ae4fa999a5,1.287e+09,1000,12.87
1658126130,ACHUSDT,Buy,70,0.01289,PlusTick,18115f8d-8e83-5b5f-87bd-939e2b2a0e82,9.023e+07,70,0.9023
1658126200,ACHUSDT,Sell,50,0.01288,MinusTick,bf34d60d-4ab5-5711-8224-b7320ba1b52f,6.44e+07,50,0.644
1658126201,ACHUSDT,Buy,20000,0.01289,PlusTick,793ff26a-64c4-52de-99de-2b8f74fb4167,2.578e+10,20000,257.8
1658126208,ACHUSDT,Buy,9270,0.01290,PlusTick,72289818-5ed5-5f7e-85b9-062b6a8feacc,1.19583e+10,9270,119.583
1658126208,ACHUSDT,Buy,20000,0.01290,ZeroMinusTick,56ba592b-abf7-51ce-a4a2-398b116fe504,2.58e+10,20000,258
1658126228,ACHUSDT,Buy,12840,0.01289,MinusTick,1d976a70-0056-5dd8-b4fc-90d04d60b42d,1.655076e+10,12840,165.5076
1658126249,ACHUSDT,Buy,20000,0.01290,PlusTick,591ec7a3-9c35-50d0-8226-2e2fd4e76367,2.58e+10,20000,258
1658126254,ACHUSDT,Sell,10,0.01290,ZeroMinusTick,200cb46b-e5ed-571a-a4b1-9b4a16b33746,1.29e+07,10,0.129
1658126272,ACHUSDT,Sell,10,0.01290,ZeroMinusTick,c5f29feb-abb6-5add-856f-500ec73b4677,1.29e+07,10,0.129
1658126273,ACHUSDT,Sell,10,0.01290,ZeroMinusTick,aca9e4ca-ea7c-5995-8f8a-7738c309a11e,1.29e+07,10,0.129
1658126400,ACHUSDT,Sell,50,0.01288,MinusTick,75f81c79-044f-5934-b120-7feff9c99f07,6.44e+07,50,0.644
1658126480,ACHUSDT,Sell,120,0.01287,MinusTick,02c5f6d4-afff-52d9-8ccf-930c3506ed10,1.5444e+08,120,1.5444
1658126513,ACHUSDT,Buy,1050,0.01290,PlusTick,2a3d2c8d-5473-5d65-849a-3963806c6089,1.3545e+09,1050,13.545
1658126529,ACHUSDT,Buy,20000,0.01290,ZeroMinusTick,db0b2357-debb-56fb-8647-2269a744ea2f,2.58e+10,20000,258
1658126650,ACHUSDT,Sell,140,0.01287,MinusTick,ac206acc-72ba-5a69-8e24-7da5dff7303e,1.8017999999999997e+08,140,1.8017999999999998
1658126779,ACHUSDT,Buy,15000,0.01288,PlusTick,ff43edb6-b68e-50da-bf80-d282a53dfa59,1.932e+10,15000,193.20000000000002
1658126780,ACHUSDT,Buy,60,0.01288,ZeroMinusTick,fb050262-a98c-5cf6-ac46-49866307c8cc,7.728e+07,60,0.7728
1658126840,ACHUSDT,Buy,20,0.01287,MinusTick,46ea3d6f-85fa-5d9b-87e9-8a3dd20b2152,2.5739999999999996e+07,20,0.25739999999999996
1658126938,ACHUSDT,Sell,38850,0.01287,ZeroMinusTick,b066c88b-9568-5552-91ec-28d015388c4a,4.999994999999999e+10,38850,499.99949999999995
1658126946,ACHUSDT,Buy,14800,0.01286,MinusTick,91569a5d-c09b-5748-9391-7f76c8348ffb,1.90328e+10,14800,190.328
1658127060,ACHUSDT,Sell,40,0.01284,MinusTick,35d7447d-3fd5-5c92-a754-eec6aa432232,5.136000000000001e+07,40,0.5136000000000001
1658127120,ACHUSDT,Sell,80,0.01283,MinusTick,76f29cf8-e07e-54d5-95d7-90c5b9de3ec1,1.0264e+08,80,1.0264
1658127132,ACHUSDT,Buy,1200,0.01285,PlusTick,3f052452-9c7a-54c6-9568-b91ee78df730,1.542e+09,1200,15.42
1658127224,ACHUSDT,Sell,20000,0.01282,MinusTick,54f6caa3-10a5-5e00-b284-37702007f597,2.5639999999999996e+10,20000,256.4
1658127230,ACHUSDT,Sell,20000,0.01282,ZeroMinusTick,af26b67d-ebdd-53a2-af2d-ca79bd7e04f0,2.5639999999999996e+10,20000,256.4
1658127340,ACHUSDT,Sell,100,0.01284,PlusTick,710c450f-45eb-54a6-87d9-0d9281c1f03c,1.284e+08,100,1.284
1658127378,ACHUSDT,Sell,20000,0.01283,MinusTick,a0b5b001-f9aa-5890-a77c-225926434c37,2.5659999999999996e+10,20000,256.59999999999997
1658127390,ACHUSDT,Sell,1000,0.01282,MinusTick,802e3fbf-1ea7-545f-853b-804afa0570b0,1.282e+09,1000,12.82
1658127516,ACHUSDT,Sell,19000,0.01282,ZeroMinusTick,0443d48f-d5ff-5c47-9f5d-3ab3a7f64b05,2.4358e+10,19000,243.57999999999998
1658127516,ACHUSDT,Sell,44620,0.01282,ZeroMinusTick,1c0fdeef-4f03-5665-8e01-c5de59a4c262,5.720284e+10,44620,572.0284
1658127516,ACHUSDT,Sell,39880,0.01281,MinusTick,202196f4-4143-5254-b038-340c9a8bf1c6,5.108628e+10,39880,510.8628
1658127516,ACHUSDT,Sell,39880,0.01280,MinusTick,be2a64f6-48b2-53fa-973a-1fb450b0f0de,5.10464e+10,39880,510.464
1658127516,ACHUSDT,Sell,520,0.01279,MinusTick,ba2b4378-a2d3-5578-a8a0-340e10d598dc,6.650799999999999e+08,520,6.650799999999999
1658127516,ACHUSDT,Sell,39880,0.01279,ZeroMinusTick,8fd8c3c2-373a-5e50-88f8-c193ece6eebe,5.100651999999999e+10,39880,510.06519999999995
1658127516,ACHUSDT,Sell,2910,0.01279,ZeroMinusTick,5f9b460d-9f77-50f2-8959-e69b7266632d,3.72189e+09,2910,37.2189
1658127516,ACHUSDT,Sell,520,0.01278,MinusTick,a711b813-8c16-5cfa-b15d-7fe3ef0ec600,6.6456e+08,520,6.6456
1658127516,ACHUSDT,Sell,520,0.01277,MinusTick,946ec7a9-f42b-5891-8859-b4fa6756dea5,6.6404e+08,520,6.6404
1658127516,ACHUSDT,Sell,3410,0.01277,ZeroMinusTick,bc5be386-84af-54e6-9dcc-de600c40225f,4.35457e+09,3410,43.545700000000004
1658127516,ACHUSDT,Sell,1330,0.01277,ZeroMinusTick,0af1d59c-d3a2-57d8-b743-1e424892f8de,1.6984100000000002e+09,1330,16.9841
1658127516,ACHUSDT,Sell,10790,0.01277,ZeroMinusTick,69ff0092-7ded-5438-bbff-17840f41b763,1.377883e+10,10790,137.7883
1658127516,ACHUSDT,Sell,74680,0.01277,ZeroMinusTick,eee8e034-6eb5-5e3e-8c75-37047f851c92,9.536636e+10,74680,953.6636
1658127516,ACHUSDT,Sell,1300,0.01276,MinusTick,3a358980-2ee9-5353-b788-de58916fc77a,1.6588e+09,1300,16.588
1658127516,ACHUSDT,Sell,1920,0.01276,ZeroMinusTick,7403c519-be83-515f-b914-15365f51a3be,2.44992e+09,1920,24.499200000000002
1658127516,ACHUSDT,Sell,710,0.01276,ZeroMinusTick,d37382cb-7e84-5bd1-968f-1a4e6ca9cf9e,9.0596e+08,710,9.0596
1658127516,ACHUSDT,Sell,17990,0.01276,ZeroMinusTick,2fbc74b2-3019-5f66-bdbc-e71c8f989f16,2.295524e+10,17990,229.5524
1658127560,ACHUSDT,Buy,170,0.01283,PlusTick,0f203dcf-7406-5510-874b-ae429b270e16,2.1810999999999997e+08,170,2.1811
1658127604,ACHUSDT,Sell,20000,0.01282,MinusTick,4bdcbcc7-987b-5c60-8ffc-6278698d4b7d,2.5639999999999996e+10,20000,256.4
1658127620,ACHUSDT,Buy,90,0.01283,PlusTick,64250961-3d2e-5947-a7a2-d04599fde945,1.1546999999999999e+08,90,1.1546999999999998
1658127810,ACHUSDT,Sell,40,0.01284,PlusTick,b46fb4d1-950a-587b-a3ee-e2168c01852a,5.136000000000001e+07,40,0.5136000000000001
1658127880,ACHUSDT,Buy,200,0.01285,PlusTick,8f98f230-e991-55d3-bc2a-b10c386da15e,2.5700000000000003e+08,200,2.5700000000000003
1658127898,ACHUSDT,Buy,18060,0.01285,ZeroMinusTick,66a14ad6-00af-5a4d-9c16-5584aa8e7f4e,2.32071e+10,18060,232.071
1658127950,ACHUSDT,Sell,130,0.01284,MinusTick,0f3077ed-a887-5bff-aa56-f00d3c48b49b,1.6692e+08,130,1.6692
1658127968,ACHUSDT,Buy,46390,0.01286,PlusTick,644f54aa-251c-55d7-87fb-587cee07358c,5.965753999999999e+10,46390,596.5754
1658128014,ACHUSDT,Sell,5770,0.01288,PlusTick,3b2fc5ba-66a5-5b97-90ac-79c5283760f1,7.43176e+09,5770,74.3176
1658128059,ACHUSDT,Buy,30660,0.01288,ZeroMinusTick,875aa121-c247-53e1-a39e-0a6b1d0c56ab,3.949008e+10,30660,394.9008
1658128140,ACHUSDT,Sell,10,0.01288,ZeroMinusTick,5948d741-f209-5d51-a948-106d916c1104,1.288e+07,10,0.1288
1658128144,ACHUSDT,Sell,19990,0.01288,ZeroMinusTick,61e85ef4-38ce-5d49-9fb5-28e224dbc5f2,2.574712e+10,19990,257.4712
1658128273,ACHUSDT,Sell,20000,0.01287,MinusTick,9d2b3de9-e802-58fb-a25d-2fc8a47c7aa6,2.5739999999999996e+10,20000,257.4
1658128320,ACHUSDT,Sell,190,0.01286,MinusTick,a3d230c4-5a9f-5fb2-9903-f3a8e49a54ba,2.4434e+08,190,2.4434
1658128484,ACHUSDT,Buy,1520,0.01287,PlusTick,444b61d3-0785-5356-9833-32fb1e8a23de,1.95624e+09,1520,19.5624
1658128490,ACHUSDT,Sell,80,0.01285,MinusTick,0b1a9600-db0e-5237-a2d5-56b24028c8d8,1.028e+08,80,1.028
1658128581,ACHUSDT,Buy,39720,0.01289,PlusTick,bd7ae731-5cb9-5ad8-8f16-f6cd08839dc9,5.119908e+10,39720,511.99080000000004
1658128680,ACHUSDT,Buy,50,0.01289,ZeroMinusTick,7c55999e-1274-5870-8e34-8e87d0cf788b,6.445000000000001e+07,50,0.6445000000000001
1658128724,ACHUSDT,Sell,1870,0.01287,MinusTick,f39827b3-3768-56ec-a4fa-f23432013673,2.40669e+09,1870,24.0669
1658128724,ACHUSDT,Sell,20000,0.01287,ZeroMinusTick,b6e73141-07cb-55c5-995f-752bdbcddea8,2.5739999999999996e+10,20000,257.4
1658128820,ACHUSDT,Sell,110,0.01287,ZeroMinusTick,92485afd-36e7-58d1-a23d-5fb6f2cf963f,1.4157e+08,110,1.4157
1658128890,ACHUSDT,Sell,10,0.01284,MinusTick,173a0080-cab1-56dc-920a-556722396823,1.2840000000000002e+07,10,0.12840000000000001
1658128895,ACHUSDT,Sell,18060,0.01284,ZeroMinusTick,e37ca1cd-f672-5151-a33e-da86e8f3fa91,2.318904e+10,18060,231.8904
1658128925,ACHUSDT,Sell,1930,0.01284,ZeroMinusTick,e4df86d1-3c9d-586f-9ba2-943e48b4aeb9,2.47812e+09,1930,24.781200000000002
1658128925,ACHUSDT,Sell,18070,0.01284,ZeroMinusTick,10cbcfc0-0b24-51cc-a71f-b6bbde892cf2,2.320188e+10,18070,232.0188
1658128925,ACHUSDT,Sell,46390,0.01282,MinusTick,8bb409b5-0653-50f9-bcef-b013f652aae5,5.947198e+10,46390,594.7198
1658128925,ACHUSDT,Sell,520,0.01281,MinusTick,31b60c3d-041c-5388-9fa7-c3eadecf826e,6.6612e+08,520,6.6612
1658128925,ACHUSDT,Sell,2910,0.01281,ZeroMinusTick,c18eb2f2-47cc-5852-aa87-2accddccbbbc,3.7277099999999995e+09,2910,37.2771
1658128925,ACHUSDT,Sell,6470,0.01281,ZeroMinusTick,b0498fad-7508-56c3-9724-44c6c687c780,8.28807e+09,6470,82.8807
1658128950,ACHUSDT,Buy,150,0.01282,PlusTick,b30b69b9-1744-59cc-a137-0b2f583de6f9,1.923e+08,150,1.923
1658129040,ACHUSDT,Sell,10,0.01282,ZeroMinusTick,2686b265-40f0-5821-ba25-5ba906765610,1.282e+07,10,0.1282
1658129220,ACHUSDT,Sell,150,0.01283,PlusTick,728628ac-60b8-5e11-a8ce-dbd284e91ee6,1.9245e+08,150,1.9244999999999999
1658129245,ACHUSDT,Buy,8730,0.01284,PlusTick,c014f524-1ed3-5815-abd7-437a6ef10021,1.1209320000000002e+10,8730,112.09320000000001
1658129318,ACHUSDT,Buy,46390,0.01286,PlusTick,06a81e26-cf57-5349-9256-49353635e7df,5.965753999999999e+10,46390,596.5754
1658129430,ACHUSDT,Sell,50,0.01287,PlusTick,45ffe640-76f1-54fd-b2d8-7b15b148b658,6.434999999999999e+07,50,0.6435
1658129483,ACHUSDT,Buy,20000,0.01287,ZeroMinusTick,92571186-847b-5ad1-a22c-e08bfb44011e,2.5739999999999996e+10,20000,257.4
1658129520,ACHUSDT,Sell,100,0.01287,ZeroMinusTick,ee442dee-df31-5aef-9a2c-62e24cf4d050,1.2869999999999999e+08,100,1.287
1658129710,ACHUSDT,Sell,180,0.01286,MinusTick,3afd1e51-ae1b-52de-867f-ff0cf90287e5,2.3148e+08,180,2.3148
1658129742,ACHUSDT,Buy,26210,0.01287,PlusTick,e308f1c2-6a60-5359-914a-2f99a5f8d255,3.373227e+10,26210,337.3227
1658129772,ACHUSDT,Buy,20000,0.01286,MinusTick,98c2c073-5072-5e8e-ae8b-604777aae429,2.572e+10,20000,257.2
1658129910,ACHUSDT,Sell,50,0.01286,ZeroMinusTick,dee502aa-486d-51c8-92ca-56a94b667e5b,6.43e+07,50,0.643
1658130020,ACHUSDT,Buy,10,0.01288,PlusTick,9a9d5d9d-007e-5251-90d5-6e08fc50fa97,1.288e+07,10,0.1288
1658130090,ACHUSDT,Sell,10,0.01285,MinusTick,3c74bfdc-0cc4-5946-b20d-d2ac72b7564d,1.285e+07,10,0.1285
1658130127,ACHUSDT,Buy,20000,0.01286,PlusTick,e1eb1835-b167-5e75-9058-bcea51a9f3a7,2.572e+10,20000,257.2
1658130290,ACHUSDT,Buy,1000,0.01287,PlusTick,03689ed3-079a-5c36-921e-f7b1111659eb,1.287e+09,1000,12.87
1658130350,ACHUSDT,Buy,10,0.01287,ZeroMinusTick,716d16b6-9573-5152-9965-f54a742e674c,1.2869999999999998e+07,10,0.12869999999999998
1658130408,ACHUSDT,Sell,51690,0.01286,MinusTick,2990b095-2a31-52ed-ad9e-e9600e923cb3,6.647333999999999e+10,51690,664.7334
1658130510,ACHUSDT,Sell,120,0.01285,MinusTick,9163fc12-a9ed-557d-b9dd-9ea7f153d655,1.542e+08,120,1.542
1658130647,ACHUSDT,Sell,46260,0.01285,ZeroMinusTick,1ad0a616-ad6f-57c7-a9c5-768809e62aa2,5.94441e+10,46260,594.441
1658130647,ACHUSDT,Sell,20000,0.01285,ZeroMinusTick,f18f797c-2977-564e-829f-1a90393fdd86,2.57e+10,20000,257
1658130647,ACHUSDT,Sell,38910,0.01285,ZeroMinusTick,983e81d5-b544-5d28-b214-54e9c67c7804,4.999935000000001e+10,38910,499.99350000000004
1658130653,ACHUSDT,Buy,10,0.01285,ZeroMinusTick,f6bb0a36-b0b3-5765-a290-98d5fa506a4e,1.285e+07,10,0.1285
1658130653,ACHUSDT,Buy,960,0.01285,ZeroMinusTick,2c8124ce-b816-53e3-b3f0-3a711a9b4692,1.2336e+09,960,12.336
1658130689,ACHUSDT,Sell,46390,0.01284,MinusTick,4a431e8a-f601-5ccc-bd64-aaf39b4a462b,5.956476e+10,46390,595.6476
1658130689,ACHUSDT,Sell,20000,0.01284,ZeroMinusTick,09af2eed-f97b-5db0-a4ac-2a5398a2cbe7,2.568e+10,20000,256.8
1658130689,ACHUSDT,Sell,38940,0.01284,ZeroMinusTick,47029f8d-9b81-50bc-9227-aa1c344defd3,4.999896000000001e+10,38940,499.98960000000005
1658130689,ACHUSDT,Sell,52850,0.01284,ZeroMinusTick,d33b7dcf-38f6-542d-9db8-3ab30d4b34ee,6.785940000000001e+10,52850,678.594
1658130689,ACHUSDT,Sell,9090,0.01284,ZeroMinusTick,bb8b0ed9-15ae-57be-b2e3-8f4e77e86ce7,1.167156e+10,9090,116.71560000000001
1658130690,ACHUSDT,Sell,10,0.01283,MinusTick,2e78edfc-2322-5a6d-880e-1964a6493ffe,1.283e+07,10,0.1283
1658130696,ACHUSDT,Buy,10,0.01284,PlusTick,1736ab1c-d53c-5282-86a7-42a780fca5af,1.2840000000000002e+07,10,0.12840000000000001
1658130696,ACHUSDT,Buy,10,0.01284,ZeroMinusTick,5f2522bc-64f9-535a-9093-f6b58d6dd588,1.2840000000000002e+07,10,0.12840000000000001
1658130696,ACHUSDT,Buy,10,0.01284,ZeroMinusTick,c6505c03-0281-5181-87ed-a44db4b44d40,1.2840000000000002e+07,10,0.12840000000000001
1658130696,ACHUSDT,Buy,10,0.01284,ZeroMinusTick,69478242-6fff-5293-9841-757ed85a407b,1.2840000000000002e+07,10,0.12840000000000001
1658130696,ACHUSDT,Buy,10,0.01284,ZeroMinusTick,d0435915-c037-5024-b35c-3b25f39f8158,1.2840000000000002e+07,10,0.12840000000000001
1658130697,ACHUSDT,Buy,10,0.01284,ZeroMinusTick,e0541228-e47e-5f24-806f-e9c5013706ff,1.2840000000000002e+07,10,0.12840000000000001
1658130697,ACHUSDT,Buy,10,0.01284,ZeroMinusTick,d80d4f8c-2f37-5138-b1a7-0d8b828f9c2e,1.2840000000000002e+07,10,0.12840000000000001
1658130697,ACHUSDT,Buy,10,0.01284,ZeroMinusTick,91de304f-6b74-5c52-b731-d28ba9e9f4c0,1.2840000000000002e+07,10,0.12840000000000001
1658130697,ACHUSDT,Buy,10,0.01284,ZeroMinusTick,436331a4-9c62-5f6e-8b05-ccb798ea74e5,1.2840000000000002e+07,10,0.12840000000000001
1658130697,ACHUSDT,Buy,10,0.01284,ZeroMinusTick,a24f6fb2-0c51-5f02-99c0-ef7a26a29ca9,1.2840000000000002e+07,10,0.12840000000000001
1658130698,ACHUSDT,Buy,10,0.01284,ZeroMinusTick,242689de-ab24-56a0-8bfd-86b282f31113,1.2840000000000002e+07,10,0.12840000000000001
1658130698,ACHUSDT,Buy,10,0.01284,ZeroMinusTick,6012bbb3-b2f4-5c36-a172-75c32ac3997c,1.2840000000000002e+07,10,0.12840000000000001
1658130698,ACHUSDT,Buy,10,0.01284,ZeroMinusTick,75eed845-b3c6-5820-ba86-e669b662dda4,1.2840000000000002e+07,10,0.12840000000000001
1658130698,ACHUSDT,Buy,10,0.01284,ZeroMinusTick,f39e1f64-9e53-56e6-a5d5-8aee03d8feb3,1.2840000000000002e+07,10,0.12840000000000001
1658130698,ACHUSDT,Buy,10,0.01284,ZeroMinusTick,6c4fd6e3-14bb-5655-b36c-e43dc33e9bc7,1.2840000000000002e+07,10,0.12840000000000001
1658130699,ACHUSDT,Buy,10,0.01284,ZeroMinusTick,6c96f910-2381-5057-b49f-dc2187f5b639,1.2840000000000002e+07,10,0.12840000000000001
1658130699,ACHUSDT,Buy,10,0.01284,ZeroMinusTick,7860c07f-8c33-54db-a88a-3dd0ab8a254c,1.2840000000000002e+07,10,0.12840000000000001
1658130699,ACHUSDT,Buy,10,0.01284,ZeroMinusTick,16f5405e-b6a8-5d5c-98cf-36542db39a68,1.2840000000000002e+07,10,0.12840000000000001
1658130699,ACHUSDT,Buy,10,0.01284,ZeroMinusTick,f2fae01f-584d-5aff-a0cf-f67f5659601f,1.2840000000000002e+07,10,0.12840000000000001
1658130699,ACHUSDT,Buy,10,0.01284,ZeroMinusTick,9b952b75-3fa5-5d08-b4de-4b1ede07d471,1.2840000000000002e+07,10,0.12840000000000001
1658130699,ACHUSDT,Buy,10,0.01284,ZeroMinusTick,a4956437-cca6-59f8-906b-0adcc25e59ab,1.2840000000000002e+07,10,0.12840000000000001
1658130699,ACHUSDT,Buy,10,0.01284,ZeroMinusTick,6e61646e-b960-5bd3-bc36-cf8b5f8f8738,1.2840000000000002e+07,10,0.12840000000000001
1658130700,ACHUSDT,Buy,10,0.01284,ZeroMinusTick,579dac3a-059e-5e76-8beb-2ea5d85beee0,1.2840000000000002e+07,10,0.12840000000000001
1658130700,ACHUSDT,Buy,10,0.01284,ZeroMinusTick,cabd1a4d-7116-5076-b9e9-19f5c94cd966,1.2840000000000002e+07,10,0.12840000000000001
1658130700,ACHUSDT,Buy,10,0.01284,ZeroMinusTick,0eb4c998-d09d-5e12-8eb1-c61a14a90485,1.2840000000000002e+07,10,0.12840000000000001
1658130700,ACHUSDT,Buy,10,0.01284,ZeroMinusTick,dc4417a8-3619-5a80-b8a0-f1f10a353df1,1.2840000000000002e+07,10,0.12840000000000001
1658130700,ACHUSDT,Buy,10,0.01284,ZeroMinusTick,74775b43-c0ba-5ab3-b4ec-f2d7ea05b818,1.2840000000000002e+07,10,0.12840000000000001
1658130700,ACHUSDT,Buy,10,0.01284,ZeroMinusTick,23fc059f-8d19-5faf-8a1d-dcffd95849e5,1.2840000000000002e+07,10,0.12840000000000001
1658130701,ACHUSDT,Buy,10,0.01284,ZeroMinusTick,41ddf6da-7015-51a2-88ef-bd2c6599d3b6,1.2840000000000002e+07,10,0.12840000000000001
1658130701,ACHUSDT,Buy,10,0.01284,ZeroMinusTick,509ff057-e10a-5617-905c-811d72a4d32b,1.2840000000000002e+07,10,0.12840000000000001
1658130701,ACHUSDT,Buy,10,0.01284,ZeroMinusTick,72402dee-2d09-596d-bc2a-04e70b64ff90,1.2840000000000002e+07,10,0.12840000000000001
1658130701,ACHUSDT,Buy,10,0.01284,ZeroMinusTick,df337181-c901-51e8-9016-96a8c1f91758,1.2840000000000002e+07,10,0.12840000000000001
1658130701,ACHUSDT,Buy,10,0.01284,ZeroMinusTick,48c4a2bc-e48d-53d3-b981-17cb00c70a1d,1.2840000000000002e+07,10,0.12840000000000001
1658130701,ACHUSDT,Buy,10,0.01284,ZeroMinusTick,6df02ada-11b6-5912-85ba-845d9e45074c,1.2840000000000002e+07,10,0.12840000000000001
1658130701,ACHUSDT,Buy,10,0.01284,ZeroMinusTick,49629bfa-b892-5d4b-b305-d2705a3384cd,1.2840000000000002e+07,10,0.12840000000000001
1658130701,ACHUSDT,Buy,10,0.01284,ZeroMinusTick,1286b022-28fd-5b59-a3a6-7085e9cbf04a,1.2840000000000002e+07,10,0.12840000000000001
1658130702,ACHUSDT,Buy,10,0.01284,ZeroMinusTick,80d93ae0-228a-5f1a-ac1e-0be24a470a2d,1.2840000000000002e+07,10,0.12840000000000001
1658130702,ACHUSDT,Buy,10,0.01284,ZeroMinusTick,fefa10f5-d88e-5195-a5e8-571d1af68926,1.2840000000000002e+07,10,0.12840000000000001
1658130702,ACHUSDT,Buy,10,0.01284,ZeroMinusTick,c0b12f81-4df4-5c1b-a363-54e1360fcf80,1.2840000000000002e+07,10,0.12840000000000001
1658130702,ACHUSDT,Buy,10,0.01284,ZeroMinusTick,3f324583-c63c-5e9a-89e2-3b3b51e64bf1,1.2840000000000002e+07,10,0.12840000000000001
1658130702,ACHUSDT,Buy,10,0.01284,ZeroMinusTick,6e31e7c9-1eef-5f2b-af58-bd672aa47061,1.2840000000000002e+07,10,0.12840000000000001
1658130703,ACHUSDT,Buy,10,0.01284,ZeroMinusTick,94895079-49ec-50c5-9b09-2cf682d24cb9,1.2840000000000002e+07,10,0.12840000000000001
1658130703,ACHUSDT,Buy,10,0.01284,ZeroMinusTick,a051f79c-e081-539d-be43-5aa920e03be4,1.2840000000000002e+07,10,0.12840000000000001
1658130703,ACHUSDT,Buy,10,0.01284,ZeroMinusTick,87556da4-67b2-5925-be40-61a565bea694,1.2840000000000002e+07,10,0.12840000000000001
1658130703,ACHUSDT,Buy,10,0.01284,ZeroMinusTick,46c33f1a-bbb5-55b8-8f6c-4df9c8093b2c,1.2840000000000002e+07,10,0.12840000000000001
1658130703,ACHUSDT,Buy,10,0.01284,ZeroMinusTick,618b6f1c-461d-5432-aa55-52e2c1ad264b,1.2840000000000002e+07,10,0.12840000000000001
1658130703,ACHUSDT,Buy,10,0.01284,ZeroMinusTick,89aede3c-ae88-54af-bef0-c64dba4f357c,1.2840000000000002e+07,10,0.12840000000000001
1658130704,ACHUSDT,Sell,20000,0.01286,PlusTick,0fd86dd2-41d0-5dcd-918c-a70334f26e98,2.572e+10,20000,257.2
1658130704,ACHUSDT,Sell,26390,0.01286,ZeroMinusTick,b01ee508-9dab-53ac-9bba-07ef28c79047,3.393754e+10,26390,339.3754
1658130705,ACHUSDT,Sell,12490,0.01286,ZeroMinusTick,9355e6c8-84f8-57be-a29f-0085651cf803,1.606214e+10,12490,160.6214
1658130713,ACHUSDT,Sell,38910,0.01285,MinusTick,e6a32c1a-e023-50c2-9a27-a3fdb474692a,4.999935000000001e+10,38910,499.99350000000004
1658130713,ACHUSDT,Sell,20000,0.01285,ZeroMinusTick,2f38529a-6ba4-5934-9bed-32291c7646f4,2.57e+10,20000,257
1658130784,ACHUSDT,Buy,10,0.01285,ZeroMinusTick,cdb3d19b-3355-5b81-a635-22a7d3d037ef,1.285e+07,10,0.1285
1658130784,ACHUSDT,Buy,10,0.01285,ZeroMinusTick,39018148-64f8-574a-bfcc-63c734ae6464,1.285e+07,10,0.1285
1658130784,ACHUSDT,Buy,10,0.01285,ZeroMinusTick,e1227b06-9f0a-55c0-a0c4-471cab5762ea,1.285e+07,10,0.1285
1658130784,ACHUSDT,Buy,10,0.01285,ZeroMinusTick,ced3ef51-7400-57ef-baac-11fca170dac7,1.285e+07,10,0.1285
1658130784,ACHUSDT,Buy,10,0.01285,ZeroMinusTick,407fdaca-13b6-5745-97fb-aa1d18ca4789,1.285e+07,10,0.1285
1658130784,ACHUSDT,Buy,10,0.01285,ZeroMinusTick,e9fb0711-b086-5880-bca8-80a32c75be6d,1.285e+07,10,0.1285
1658130784,ACHUSDT,Buy,10,0.01285,ZeroMinusTick,6d766ad2-71fe-5be9-84d6-2411cf437dbe,1.285e+07,10,0.1285
1658130784,ACHUSDT,Buy,10,0.01285,ZeroMinusTick,96c62723-b60f-59ed-b7ce-927f67d0cfa6,1.285e+07,10,0.1285
1658130785,ACHUSDT,Buy,10,0.01285,ZeroMinusTick,ebb446a2-e77c-5e36-b01a-542f512acedd,1.285e+07,10,0.1285
1658130785,ACHUSDT,Buy,10,0.01285,ZeroMinusTick,b2ae7a59-9fb3-56b8-92bf-b515d2226528,1.285e+07,10,0.1285
1658130785,ACHUSDT,Buy,10,0.01285,ZeroMinusTick,45dd01f3-f0cd-5835-a471-38b26c17edab,1.285e+07,10,0.1285
1658130785,ACHUSDT,Buy,10,0.01285,ZeroMinusTick,c20c9c20-ae18-5dc0-bad3-21220ec2bff5,1.285e+07,10,0.1285
1658130786,ACHUSDT,Buy,10,0.01285,ZeroMinusTick,0d915b32-8cd8-5137-9a64-aed2daf8f3b4,1.285e+07,10,0.1285
1658130786,ACHUSDT,Buy,10,0.01285,ZeroMinusTick,7004b7a5-7b14-5992-82c7-493be9f2bdd5,1.285e+07,10,0.1285
1658130786,ACHUSDT,Buy,10,0.01285,ZeroMinusTick,f4ce3b88-13ad-573f-a134-3012ebd80618,1.285e+07,10,0.1285
1658130786,ACHUSDT,Buy,10,0.01285,ZeroMinusTick,2cd38ccb-6c62-5cb9-93e7-7fa337200229,1.285e+07,10,0.1285
1658130786,ACHUSDT,Buy,10,0.01285,ZeroMinusTick,4f495445-d10f-5498-9506-37e3d6d7b1cd,1.285e+07,10,0.1285
1658130786,ACHUSDT,Buy,10,0.01285,ZeroMinusTick,411d6091-b5b8-518a-8d06-0b90ccf38f5f,1.285e+07,10,0.1285
1658130787,ACHUSDT,Buy,10,0.01285,ZeroMinusTick,342a87d1-4daa-579c-affd-9c2f54821825,1.285e+07,10,0.1285
1658130787,ACHUSDT,Buy,10,0.01285,ZeroMinusTick,7d10b961-0e99-592f-a16d-65f665fd2ce7,1.285e+07,10,0.1285
1658130787,ACHUSDT,Buy,10,0.01285,ZeroMinusTick,f66673f4-36e1-569e-a903-1ad6b6735e02,1.285e+07,10,0.1285
1658130787,ACHUSDT,Buy,10,0.01285,ZeroMinusTick,538897f3-62da-552e-bda4-6abcb6b87b07,1.285e+07,10,0.1285
1658130787,ACHUSDT,Buy,10,0.01285,ZeroMinusTick,4f9e9a7f-5aaa-53bb-87a6-8a3a72f6b68c,1.285e+07,10,0.1285
1658130787,ACHUSDT,Buy,10,0.01285,ZeroMinusTick,70ca65ac-8b47-50c2-abfc-4dbe8ce46be9,1.285e+07,10,0.1285
1658130787,ACHUSDT,Buy,10,0.01285,ZeroMinusTick,20903f07-f461-5a65-81c3-24c4c4b20219,1.285e+07,10,0.1285
1658130788,ACHUSDT,Buy,10,0.01285,ZeroMinusTick,ee853577-b21c-5174-9386-81284afc2bf6,1.285e+07,10,0.1285
1658130788,ACHUSDT,Buy,10,0.01285,ZeroMinusTick,655a2875-b780-5b01-9a72-8ab679646b1c,1.285e+07,10,0.1285
1658130788,ACHUSDT,Buy,10,0.01285,ZeroMinusTick,8d844bf3-1057-5762-b85d-3c939d369942,1.285e+07,10,0.1285
1658130788,ACHUSDT,Buy,10,0.01285,ZeroMinusTick,b1622d49-17ef-59c4-9c29-2e747048ba9b,1.285e+07,10,0.1285
1658130788,ACHUSDT,Buy,10,0.01285,ZeroMinusTick,92c84f4e-226d-542d-bf49-af131c5043a1,1.285e+07,10,0.1285
1658130789,ACHUSDT,Buy,10,0.01285,ZeroMinusTick,3fb52808-0f34-553b-81b6-142584c56e66,1.285e+07,10,0.1285
1658130789,ACHUSDT,Buy,10,0.01285,ZeroMinusTick,3e11db47-dc03-5d92-8f65-ab8dedfd543e,1.285e+07,10,0.1285
1658130789,ACHUSDT,Buy,10,0.01285,ZeroMinusTick,fcef6935-58cc-59ed-8f84-bd01439727fc,1.285e+07,10,0.1285
1658130789,ACHUSDT,Buy,10,0.01285,ZeroMinusTick,9262443c-cf88-5bde-85a8-e302aa9d7c2d,1.285e+07,10,0.1285
1658130789,ACHUSDT,Buy,10,0.01285,ZeroMinusTick,453c3122-6143-5202-bb24-1e0e48cf88eb,1.285e+07,10,0.1285
1658130789,ACHUSDT,Buy,10,0.01285,ZeroMinusTick,5b3d561e-8897-59ad-a8b4-42e63288ffe7,1.285e+07,10,0.1285
1658130789,ACHUSDT,Buy,10,0.01285,ZeroMinusTick,b7d5b705-9852-5971-a7c3-bffa5f1e8e41,1.285e+07,10,0.1285
1658130789,ACHUSDT,Buy,10,0.01285,ZeroMinusTick,b12c7583-6632-59bf-b913-d9bcf2be10aa,1.285e+07,10,0.1285
1658130790,ACHUSDT,Buy,10,0.01285,ZeroMinusTick,6d3e238c-0362-57ba-8c48-3c1d8d1011db,1.285e+07,10,0.1285
1658130790,ACHUSDT,Buy,10,0.01285,ZeroMinusTick,9298a8a4-9558-57db-8006-2b9033b0dfdb,1.285e+07,10,0.1285
1658130790,ACHUSDT,Buy,10,0.01285,ZeroMinusTick,3b724ccc-c331-5f88-a9d3-1d3767546cc7,1.285e+07,10,0.1285
1658130790,ACHUSDT,Buy,10,0.01285,ZeroMinusTick,55569b50-daa2-52d5-a5ae-cb44fd30f2b6,1.285e+07,10,0.1285
1658130790,ACHUSDT,Buy,10,0.01285,ZeroMinusTick,81b2ec97-fc00-5a27-a879-8da5977f16b7,1.285e+07,10,0.1285
1658130791,ACHUSDT,Buy,10,0.01285,ZeroMinusTick,b9f543a5-f643-56ba-b6d7-985939b3229c,1.285e+07,10,0.1285
1658130791,ACHUSDT,Buy,10,0.01285,ZeroMinusTick,8dea2854-af93-5fd3-a469-261b6008d5db,1.285e+07,10,0.1285
1658130791,ACHUSDT,Buy,10,0.01285,ZeroMinusTick,760024bf-51c3-5517-be9e-97eb40714239,1.285e+07,10,0.1285
1658130791,ACHUSDT,Buy,10,0.01285,ZeroMinusTick,9cbf932c-543b-546b-863b-3c18614f62c4,1.285e+07,10,0.1285
1658130791,ACHUSDT,Buy,10,0.01285,ZeroMinusTick,972242ff-cbc5-5ce8-92b1-2471a0b5065d,1.285e+07,10,0.1285
1658130791,ACHUSDT,Buy,10,0.01285,ZeroMinusTick,6508d922-e2f2-5dfc-b8a7-92c8b5d522fa,1.285e+07,10,0.1285
1658130792,ACHUSDT,Buy,10,0.01285,ZeroMinusTick,59eb30f1-e5fd-5b34-9f84-259d18fc8f84,1.285e+07,10,0.1285
1658130792,ACHUSDT,Buy,10,0.01285,ZeroMinusTick,962e5b32-516f-5d1d-b8c6-d7099ec691cd,1.285e+07,10,0.1285
1658130792,ACHUSDT,Buy,10,0.01285,ZeroMinusTick,47796df3-8423-5cb8-a527-fbdc0f7b0a3d,1.285e+07,10,0.1285
1658130792,ACHUSDT,Buy,10,0.01285,ZeroMinusTick,1cb36710-bd75-5ffc-80fe-c85a89a82469,1.285e+07,10,0.1285
1658130792,ACHUSDT,Buy,10,0.01285,ZeroMinusTick,15826f27-7340-57ae-b827-6fc2065c3739,1.285e+07,10,0.1285
1658130793,ACHUSDT,Buy,10,0.01285,ZeroMinusTick,3a0e4afb-9db1-55a5-a924-1c10bf537203,1.285e+07,10,0.1285
1658130793,ACHUSDT,Buy,10,0.01285,ZeroMinusTick,c5a77abe-2fe9-54cf-9727-73102e463214,1.285e+07,10,0.1285
1658130793,ACHUSDT,Buy,10,0.01285,ZeroMinusTick,7ae757a6-6171-5ab5-8b75-4fab863fb5b6,1.285e+07,10,0.1285
1658130793,ACHUSDT,Buy,10,0.01285,ZeroMinusTick,a7cb9e1c-489c-5d3a-86f9-58c97d533701,1.285e+07,10,0.1285
1658130793,ACHUSDT,Buy,10,0.01285,ZeroMinusTick,2c9ba4eb-45a9-5401-8aca-776b4d291aa8,1.285e+07,10,0.1285
1658130794,ACHUSDT,Buy,10,0.01285,ZeroMinusTick,cbb770db-6aac-5b51-b104-d29c98063e62,1.285e+07,10,0.1285
1658130794,ACHUSDT,Buy,10,0.01285,ZeroMinusTick,3c74e49f-da54-5f52-8f27-45127f32dff0,1.285e+07,10,0.1285
1658130794,ACHUSDT,Buy,10,0.01285,ZeroMinusTick,a7bddea7-3702-5c1f-a3cd-2c82a1fb06e3,1.285e+07,10,0.1285
1658130794,ACHUSDT,Buy,10,0.01285,ZeroMinusTick,555ec65b-2cf3-5236-a979-7f7228455337,1.285e+07,10,0.1285
1658130794,ACHUSDT,Buy,10,0.01285,ZeroMinusTick,38549de1-9e24-507e-94df-2b5b7c0cd3aa,1.285e+07,10,0.1285
1658130794,ACHUSDT,Buy,10,0.01285,ZeroMinusTick,f1842da1-91fb-5eb7-8c9e-3e1235817b32,1.285e+07,10,0.1285
1658130794,ACHUSDT,Buy,10,0.01285,ZeroMinusTick,76c5ecb4-f14e-5000-bee1-b285ee360b38,1.285e+07,10,0.1285
1658130795,ACHUSDT,Buy,10,0.01285,ZeroMinusTick,24ac1388-8899-5de6-b3f1-9d022b6faef4,1.285e+07,10,0.1285
1658130795,ACHUSDT,Buy,10,0.01285,ZeroMinusTick,3b40af04-f2e2-5f6b-bcd3-a8425278e2ca,1.285e+07,10,0.1285
1658130795,ACHUSDT,Buy,10,0.01285,ZeroMinusTick,6073f000-0e9e-5453-9c7d-3412290ca520,1.285e+07,10,0.1285
1658130795,ACHUSDT,Buy,10,0.01285,ZeroMinusTick,5ff782e0-5bc5-5a4e-ac11-564b2a4e06e7,1.285e+07,10,0.1285
1658130796,ACHUSDT,Buy,10,0.01285,ZeroMinusTick,0dcf9370-8b96-5d3c-b9b2-25fdf84f56f7,1.285e+07,10,0.1285
1658130796,ACHUSDT,Buy,10,0.01285,ZeroMinusTick,c8fa96a8-7d7b-562a-a300-62e0f980e32e,1.285e+07,10,0.1285
1658130796,ACHUSDT,Buy,10,0.01285,ZeroMinusTick,b20148b4-7916-5341-88fb-111d8479d1bb,1.285e+07,10,0.1285
1658130796,ACHUSDT,Buy,10,0.01285,ZeroMinusTick,de6aca07-ea36-53e8-8ef1-7600b004cdd8,1.285e+07,10,0.1285
1658130796,ACHUSDT,Buy,10,0.01285,ZeroMinusTick,62b68da8-b99d-5433-b4bc-0924be80e2f3,1.285e+07,10,0.1285
1658130796,ACHUSDT,Buy,10,0.01285,ZeroMinusTick,dfa7901d-3f4c-5777-8801-4ac54d26c2b8,1.285e+07,10,0.1285
1658130796,ACHUSDT,Buy,10,0.01285,ZeroMinusTick,be266926-afee-59b5-bf47-b834f197d98f,1.285e+07,10,0.1285
1658130796,ACHUSDT,Buy,10,0.01285,ZeroMinusTick,13bcc5a5-aad2-5d3f-a19e-0133e0281620,1.285e+07,10,0.1285
1658130797,ACHUSDT,Buy,10,0.01285,ZeroMinusTick,fc2bf00a-ff2c-5c09-a534-8cd2caf1dfd2,1.285e+07,10,0.1285
1658130797,ACHUSDT,Buy,10,0.01285,ZeroMinusTick,cc8ee36c-5ab8-5570-863e-02ac246eec24,1.285e+07,10,0.1285
1658130797,ACHUSDT,Buy,10,0.01285,ZeroMinusTick,82d77937-f8b1-542e-a3e7-1b1cedb7e5c0,1.285e+07,10,0.1285
1658130797,ACHUSDT,Buy,10,0.01285,ZeroMinusTick,98ae4e9a-26e4-5c39-8914-9e115a536d34,1.285e+07,10,0.1285
1658130797,ACHUSDT,Buy,10,0.01285,ZeroMinusTick,49417977-1e3a-55d1-b54a-34ab25bb77b1,1.285e+07,10,0.1285
1658130798,ACHUSDT,Buy,10,0.01285,ZeroMinusTick,7905fee3-b194-5c85-8bc6-94c48ffccc33,1.285e+07,10,0.1285
1658130798,ACHUSDT,Buy,10,0.01285,ZeroMinusTick,8738bc1b-8df7-5314-9dd3-12c8babae9c4,1.285e+07,10,0.1285
1658130798,ACHUSDT,Buy,10,0.01285,ZeroMinusTick,479836c7-725f-535f-894d-7a7c79c67321,1.285e+07,10,0.1285
1658130798,ACHUSDT,Buy,10,0.01285,ZeroMinusTick,100ba212-57c1-5ee7-8ee5-ff7c6e292e66,1.285e+07,10,0.1285
1658130798,ACHUSDT,Buy,10,0.01285,ZeroMinusTick,399c326d-7af1-51e9-a56d-07071b6dc345,1.285e+07,10,0.1285
1658130798,ACHUSDT,Buy,10,0.01285,ZeroMinusTick,a569306e-05d4-531d-a3ad-e08764cd98a6,1.285e+07,10,0.1285
1658130798,ACHUSDT,Buy,10,0.01285,ZeroMinusTick,70ef70ac-0310-546c-aac6-2b175c0d34bf,1.285e+07,10,0.1285
1658130799,ACHUSDT,Buy,10,0.01285,ZeroMinusTick,0ad69d37-dabc-5969-a2fe-5c9e3cee31a4,1.285e+07,10,0.1285
1658130799,ACHUSDT,Buy,10,0.01285,ZeroMinusTick,cee6592c-78ea-579b-9ba7-f18118fd3c85,1.285e+07,10,0.1285
1658130799,ACHUSDT,Buy,10,0.01285,ZeroMinusTick,a6c68b14-ce56-55dd-b411-913e5108ef57,1.285e+07,10,0.1285
1658130799,ACHUSDT,Buy,10,0.01285,ZeroMinusTick,863b8966-39d2-5660-b8f6-474933869771,1.285e+07,10,0.1285
1658130799,ACHUSDT,Buy,10,0.01285,ZeroMinusTick,74098ad1-79dd-50d0-b382-2db067bb6c14,1.285e+07,10,0.1285
1658130800,ACHUSDT,Buy,10,0.01285,ZeroMinusTick,3b73cebd-bcb6-5d34-a187-e5cbc1444b7e,1.285e+07,10,0.1285
1658130800,ACHUSDT,Buy,10,0.01285,ZeroMinusTick,f144693a-1066-527a-8c40-03eb93c827f3,1.285e+07,10,0.1285
1658130800,ACHUSDT,Buy,10,0.01285,ZeroMinusTick,99f85397-0ab5-535b-8c57-52f0697326f7,1.285e+07,10,0.1285
1658130800,ACHUSDT,Buy,10,0.01285,ZeroMinusTick,902bd924-bacd-5a5c-9d55-9d1df75f9c14,1.285e+07,10,0.1285
1658130800,ACHUSDT,Buy,10,0.01285,ZeroMinusTick,0a3438cc-9234-5b71-9bdb-33189102a7c2,1.285e+07,10,0.1285
1658130800,ACHUSDT,Buy,10,0.01285,ZeroMinusTick,eef910d2-a7ed-507d-a5b3-90e99e1e33a7,1.285e+07,10,0.1285
1658130801,ACHUSDT,Buy,10,0.01285,ZeroMinusTick,27d9c681-fe97-5f3e-9986-021e93f0f46e,1.285e+07,10,0.1285
1658130801,ACHUSDT,Buy,10,0.01285,ZeroMinusTick,b29aa3e5-4faf-5cb5-910b-5704e8d66199,1.285e+07,10,0.1285
1658130801,ACHUSDT,Buy,10,0.01285,ZeroMinusTick,d7a07961-5a05-53c5-ae65-df4442be3d63,1.285e+07,10,0.1285
1658130801,ACHUSDT,Buy,10,0.01285,ZeroMinusTick,d309b8a7-11f4-52ea-ab1d-c9b50a4233fc,1.285e+07,10,0.1285
1658130801,ACHUSDT,Buy,10,0.01285,ZeroMinusTick,8c26b12b-b31f-597e-bc5a-cda76461799d,1.285e+07,10,0.1285
1658130801,ACHUSDT,Buy,10,0.01285,ZeroMinusTick,4412185b-10cc-52ae-befe-4d03eefece26,1.285e+07,10,0.1285
1658130801,ACHUSDT,Buy,10,0.01285,ZeroMinusTick,636b26ad-de89-54fc-a5ff-45084ad267f9,1.285e+07,10,0.1285
1658130801,ACHUSDT,Buy,10,0.01285,ZeroMinusTick,d6befb23-ff2f-553d-ae5d-47dd82aef4db,1.285e+07,10,0.1285
1658130802,ACHUSDT,Buy,10,0.01285,ZeroMinusTick,39d495b2-b7ca-522a-bb8a-f8fa5c5770fa,1.285e+07,10,0.1285
1658130802,ACHUSDT,Buy,10,0.01285,ZeroMinusTick,cb4600cb-f727-5861-a98b-cb18c4562654,1.285e+07,10,0.1285
1658130802,ACHUSDT,Buy,10,0.01285,ZeroMinusTick,d40244d0-72d1-5486-b8f0-9f03b73eebbc,1.285e+07,10,0.1285
1658130802,ACHUSDT,Buy,10,0.01285,ZeroMinusTick,78105f2d-e24c-5ad0-bf40-b99bba06a30d,1.285e+07,10,0.1285
1658130803,ACHUSDT,Buy,10,0.01285,ZeroMinusTick,9a2ef542-df33-555b-b755-8cc31ff1bf01,1.285e+07,10,0.1285
1658130803,ACHUSDT,Buy,10,0.01285,ZeroMinusTick,794a688d-3f75-50fd-9b59-ea99a076f9a8,1.285e+07,10,0.1285
1658130803,ACHUSDT,Buy,10,0.01285,ZeroMinusTick,5332d619-3bcd-5271-ba42-086e08e27318,1.285e+07,10,0.1285
1658130803,ACHUSDT,Buy,10,0.01285,ZeroMinusTick,b1d4415c-e329-59c0-9ba7-6dbe7717467d,1.285e+07,10,0.1285
1658130803,ACHUSDT,Buy,10,0.01285,ZeroMinusTick,f3b9e13c-e383-5d79-95fd-b97f9e00468d,1.285e+07,10,0.1285
1658130803,ACHUSDT,Buy,10,0.01285,ZeroMinusTick,e2e87638-cf14-5ae4-bd03-9bfae2d66485,1.285e+07,10,0.1285
1658130803,ACHUSDT,Buy,10,0.01285,ZeroMinusTick,2c7974d5-9b27-5f0a-b1ca-638482b59464,1.285e+07,10,0.1285
1658130803,ACHUSDT,Buy,10,0.01285,ZeroMinusTick,402c56c5-e8ec-5e5d-ba17-2426d2244b46,1.285e+07,10,0.1285
1658130803,ACHUSDT,Buy,10,0.01285,ZeroMinusTick,e5b78ba4-05e8-50bc-9dd0-16dc3f019aef,1.285e+07,10,0.1285
1658130804,ACHUSDT,Buy,10,0.01285,ZeroMinusTick,14a34e0d-34d6-5c78-8f9c-f0bfbdb3c38c,1.285e+07,10,0.1285
1658130804,ACHUSDT,Buy,10,0.01285,ZeroMinusTick,71317873-090d-5b5d-b7b3-5257f949e668,1.285e+07,10,0.1285
1658130804,ACHUSDT,Buy,10,0.01285,ZeroMinusTick,64802d40-84a5-59b6-8fe8-8e281026af6f,1.285e+07,10,0.1285
1658130804,ACHUSDT,Buy,10,0.01285,ZeroMinusTick,ae4d97fd-a974-5e65-8353-745175018a73,1.285e+07,10,0.1285
1658130805,ACHUSDT,Buy,10,0.01285,ZeroMinusTick,3b442328-1a7d-588a-bf1d-8226e0a1f778,1.285e+07,10,0.1285
1658130805,ACHUSDT,Buy,10,0.01285,ZeroMinusTick,e5bd4fb6-7f13-5ef7-9927-3df4379c401b,1.285e+07,10,0.1285
1658130805,ACHUSDT,Buy,10,0.01285,ZeroMinusTick,1941061d-9a3e-522f-9994-7b7f0d6efb8d,1.285e+07,10,0.1285
1658130805,ACHUSDT,Buy,10,0.01285,ZeroMinusTick,d869482f-9f8a-5702-af8a-4fc3f3ea7d2c,1.285e+07,10,0.1285
1658130805,ACHUSDT,Buy,10,0.01285,ZeroMinusTick,2593972a-f7b0-5bdf-8217-104a0c0669f7,1.285e+07,10,0.1285
1658130805,ACHUSDT,Buy,10,0.01285,ZeroMinusTick,7dd102b3-bb3a-5417-ba3a-d71aae12b21f,1.285e+07,10,0.1285
1658130806,ACHUSDT,Buy,10,0.01285,ZeroMinusTick,0aca5c69-d57c-5112-bf69-ac4b350568c7,1.285e+07,10,0.1285
1658130806,ACHUSDT,Buy,10,0.01285,ZeroMinusTick,aab4d76b-8fbf-571d-b7c5-94146b6edde6,1.285e+07,10,0.1285
1658130806,ACHUSDT,Buy,10,0.01285,ZeroMinusTick,cab1ab35-a5e0-53ee-b2f7-3617fd108493,1.285e+07,10,0.1285
1658130806,ACHUSDT,Buy,10,0.01285,ZeroMinusTick,210bd623-430f-55b0-9f0d-6c4ff7f94511,1.285e+07,10,0.1285
1658130806,ACHUSDT,Buy,10,0.01285,ZeroMinusTick,bd367796-12df-5709-a06a-d3ca2209d3e1,1.285e+07,10,0.1285
1658130806,ACHUSDT,Buy,10,0.01285,ZeroMinusTick,6d75f3e5-fdd1-567e-9f65-426e930acf67,1.285e+07,10,0.1285
1658130807,ACHUSDT,Buy,10,0.01285,ZeroMinusTick,6b914403-9348-5500-9444-7ca207ba3c4d,1.285e+07,10,0.1285
1658130807,ACHUSDT,Buy,10,0.01285,ZeroMinusTick,811f2bae-de98-52ea-a1e8-426c6f43e02c,1.285e+07,10,0.1285
1658130807,ACHUSDT,Buy,10,0.01285,ZeroMinusTick,3032ec88-1a89-51ce-8751-d004360ba2b6,1.285e+07,10,0.1285
1658130807,ACHUSDT,Buy,10,0.01285,ZeroMinusTick,1a6d107f-350a-5e79-b121-43f17d2745b8,1.285e+07,10,0.1285
1658130808,ACHUSDT,Buy,10,0.01285,ZeroMinusTick,ade790a0-40c9-5b48-b5eb-756c1b9689f6,1.285e+07,10,0.1285
1658130808,ACHUSDT,Buy,10,0.01285,ZeroMinusTick,4728d545-e643-5a8c-a5b5-d6e8c1abf3dd,1.285e+07,10,0.1285
1658130808,ACHUSDT,Buy,10,0.01285,ZeroMinusTick,3aa3ba45-d185-57ac-be2f-461d904e0e3c,1.285e+07,10,0.1285
1658130808,ACHUSDT,Buy,10,0.01285,ZeroMinusTick,8067fe5e-eaf3-5be0-a0ed-53bc3ebd7882,1.285e+07,10,0.1285
1658130808,ACHUSDT,Buy,10,0.01285,ZeroMinusTick,6e9c0518-3bbf-5def-a802-0e3b7a8828bd,1.285e+07,10,0.1285
1658130808,ACHUSDT,Buy,10,0.01285,ZeroMinusTick,83ee82b2-895c-522a-9f24-c357025c4c18,1.285e+07,10,0.1285
1658130808,ACHUSDT,Buy,10,0.01285,ZeroMinusTick,19734372-b4d0-5a78-b686-6c370247990c,1.285e+07,10,0.1285
1658130809,ACHUSDT,Buy,10,0.01285,ZeroMinusTick,44d535be-c2dc-5d4a-8d8f-cc133bf600ce,1.285e+07,10,0.1285
1658130809,ACHUSDT,Buy,10,0.01285,ZeroMinusTick,d1c97470-f7fc-5bd7-8c6b-ab2e3521095f,1.285e+07,10,0.1285
1658130809,ACHUSDT,Buy,10,0.01285,ZeroMinusTick,977032cd-7070-5646-86b2-f9b3f27893f3,1.285e+07,10,0.1285
1658130809,ACHUSDT,Buy,10,0.01285,ZeroMinusTick,67c6cf99-f581-5336-9f07-a3bd59f46918,1.285e+07,10,0.1285
1658130809,ACHUSDT,Buy,10,0.01285,ZeroMinusTick,0330a3ec-d9b8-5d73-b68d-1e3907f7cbc6,1.285e+07,10,0.1285
1658130810,ACHUSDT,Buy,10,0.01285,ZeroMinusTick,52901af5-34ca-52e6-931d-bf554e30098f,1.285e+07,10,0.1285
1658130810,ACHUSDT,Buy,10,0.01285,ZeroMinusTick,cbba7fb5-64da-5b53-9976-9c314d8c85fb,1.285e+07,10,0.1285
1658130810,ACHUSDT,Buy,10,0.01285,ZeroMinusTick,8c76d2b1-4460-5068-83e6-68838c0e48f7,1.285e+07,10,0.1285
1658130810,ACHUSDT,Buy,10,0.01285,ZeroMinusTick,504e0e6f-7c4d-5f88-ae19-88f271c108d5,1.285e+07,10,0.1285
1658130810,ACHUSDT,Buy,10,0.01285,ZeroMinusTick,1657a135-2f47-5848-99ba-86af0c8b167d,1.285e+07,10,0.1285
1658130810,ACHUSDT,Buy,10,0.01285,ZeroMinusTick,338b56e0-ead4-5b3b-b352-43447605871d,1.285e+07,10,0.1285
1658130810,ACHUSDT,Buy,10,0.01285,ZeroMinusTick,bc3eed63-92db-577a-8b06-0010319b035f,1.285e+07,10,0.1285
1658130810,ACHUSDT,Buy,10,0.01285,ZeroMinusTick,f8a57467-0b03-55a4-abb2-86e9cc507593,1.285e+07,10,0.1285
1658130811,ACHUSDT,Buy,10,0.01285,ZeroMinusTick,7e9c2a92-c31d-51b0-bdb5-f3a2a78e3ba4,1.285e+07,10,0.1285
1658130811,ACHUSDT,Buy,10,0.01285,ZeroMinusTick,86f42901-7f87-58da-969e-cfee0f0456ec,1.285e+07,10,0.1285
1658130811,ACHUSDT,Buy,10,0.01285,ZeroMinusTick,961ea53b-b913-5c60-901f-58088704af31,1.285e+07,10,0.1285
1658130811,ACHUSDT,Buy,10,0.01285,ZeroMinusTick,b1c26fe3-f8da-5739-8cb5-c96365fe58c2,1.285e+07,10,0.1285
1658130811,ACHUSDT,Buy,10,0.01285,ZeroMinusTick,70ac8bd1-d074-5e66-86cc-bcfe75390e7c,1.285e+07,10,0.1285
1658130812,ACHUSDT,Buy,10,0.01285,ZeroMinusTick,28972702-ee40-5d02-9f5d-ca221cf3b5d0,1.285e+07,10,0.1285
1658130812,ACHUSDT,Buy,10,0.01285,ZeroMinusTick,47e49cf7-7c9c-50c5-a7a6-7d6f5820bb26,1.285e+07,10,0.1285
1658130812,ACHUSDT,Buy,10,0.01285,ZeroMinusTick,fde12856-80b9-5eb8-827a-f0b248d771d5,1.285e+07,10,0.1285
1658130812,ACHUSDT,Buy,10,0.01285,ZeroMinusTick,481a5548-e76c-5882-a68c-12ff59af63d6,1.285e+07,10,0.1285
1658130812,ACHUSDT,Buy,10,0.01285,ZeroMinusTick,aadc54b4-2dbc-57a7-942d-b8570b949c4e,1.285e+07,10,0.1285
1658130812,ACHUSDT,Buy,10,0.01285,ZeroMinusTick,a738f1a9-3483-5a8f-83a0-6b450420d91c,1.285e+07,10,0.1285
1658130812,ACHUSDT,Buy,10,0.01285,ZeroMinusTick,75a96c0f-779c-5e85-9a0a-f9bd602b3d3b,1.285e+07,10,0.1285
1658130813,ACHUSDT,Buy,10,0.01285,ZeroMinusTick,8d15ba0c-610c-5cf9-8295-bb503ac23d0c,1.285e+07,10,0.1285
1658130813,ACHUSDT,Buy,10,0.01285,ZeroMinusTick,e8ab92f9-8bd5-59cc-a15f-8e381cb6041d,1.285e+07,10,0.1285
1658130813,ACHUSDT,Buy,10,0.01285,ZeroMinusTick,dc6af0c1-5475-58a5-88dd-2e08896c3b6f,1.285e+07,10,0.1285
1658130813,ACHUSDT,Buy,10,0.01285,ZeroMinusTick,8053b658-744f-5038-860a-02dc7017a481,1.285e+07,10,0.1285
1658130813,ACHUSDT,Buy,10,0.01285,ZeroMinusTick,738f5859-254b-5010-a6da-def7b4bd5562,1.285e+07,10,0.1285
1658130814,ACHUSDT,Buy,10,0.01285,ZeroMinusTick,6c2fefa5-9005-5e37-b943-6c35232628f3,1.285e+07,10,0.1285
1658130814,ACHUSDT,Buy,10,0.01285,ZeroMinusTick,dcb6168a-e7d0-55b9-99ff-8530660f1a98,1.285e+07,10,0.1285
1658130814,ACHUSDT,Buy,10,0.01285,ZeroMinusTick,4b5ce451-a21f-5a12-919a-512e66ecdef3,1.285e+07,10,0.1285
1658130814,ACHUSDT,Buy,10,0.01285,ZeroMinusTick,febacd10-b9ef-5e1b-8ab0-ad5b50f045c7,1.285e+07,10,0.1285
1658130814,ACHUSDT,Buy,10,0.01285,ZeroMinusTick,e823c946-4d0b-5110-ba74-aed7ec1927bf,1.285e+07,10,0.1285
1658130815,ACHUSDT,Buy,10,0.01285,ZeroMinusTick,01de5ce8-6b12-52de-abfc-16666e96873d,1.285e+07,10,0.1285
1658130815,ACHUSDT,Buy,10,0.01285,ZeroMinusTick,35761103-0af7-5179-bd8d-e1879d014992,1.285e+07,10,0.1285
1658130815,ACHUSDT,Buy,10,0.01285,ZeroMinusTick,231d84bd-edd8-5a16-87eb-d6d5dcad6b37,1.285e+07,10,0.1285
1658130815,ACHUSDT,Buy,10,0.01285,ZeroMinusTick,806b87e7-0409-5a7f-9e6a-a76668427644,1.285e+07,10,0.1285
1658130815,ACHUSDT,Buy,10,0.01285,ZeroMinusTick,16402740-3db4-5a7d-9fac-661a28aa29ca,1.285e+07,10,0.1285
1658130815,ACHUSDT,Buy,10,0.01285,ZeroMinusTick,35a3e386-1213-50af-874c-59e7881dc474,1.285e+07,10,0.1285
1658130815,ACHUSDT,Buy,10,0.01285,ZeroMinusTick,99bfd5eb-b9ad-58cb-b207-2cdc43c35c45,1.285e+07,10,0.1285
1658130815,ACHUSDT,Buy,10,0.01285,ZeroMinusTick,4f4e69c2-1300-5987-a5b8-8999829c4013,1.285e+07,10,0.1285
1658130816,ACHUSDT,Buy,10,0.01285,ZeroMinusTick,a8cece13-c606-56e8-8de8-12daa8ef0ca9,1.285e+07,10,0.1285
1658130816,ACHUSDT,Sell,3430,0.01284,MinusTick,70f30f05-df2b-5130-8db5-fc84429ae2dc,4.40412e+09,3430,44.0412
1658130816,ACHUSDT,Sell,20000,0.01284,ZeroMinusTick,b2f618e0-b395-5852-90ad-cde74a4ee2cf,2.568e+10,20000,256.8
1658130816,ACHUSDT,Sell,52850,0.01284,ZeroMinusTick,56fc8beb-9273-5fa7-977a-3493a519ca8e,6.785940000000001e+10,52850,678.594
1658130816,ACHUSDT,Sell,38940,0.01284,ZeroMinusTick,7541a397-7452-585e-a761-51b9e63ef104,4.999896000000001e+10,38940,499.98960000000005
1658130816,ACHUSDT,Sell,640,0.01284,ZeroMinusTick,cad20d7d-a712-5a63-b2b8-0057d40740db,8.217600000000001e+08,640,8.217600000000001
1658130816,ACHUSDT,Buy,10,0.01284,ZeroMinusTick,d01d030c-bead-5764-be7e-de5b689305be,1.2840000000000002e+07,10,0.12840000000000001
1658130816,ACHUSDT,Buy,10,0.01284,ZeroMinusTick,930404cc-45b7-5919-b104-c6a13c7ae9c2,1.2840000000000002e+07,10,0.12840000000000001
1658130816,ACHUSDT,Buy,10,0.01284,ZeroMinusTick,ddfbe8d9-a6ca-5f76-9a29-fcbb704991d5,1.2840000000000002e+07,10,0.12840000000000001
1658130817,ACHUSDT,Buy,10,0.01284,ZeroMinusTick,a9ff1dc8-9485-5347-8868-f60fc29e71b1,1.2840000000000002e+07,10,0.12840000000000001
1658130817,ACHUSDT,Buy,10,0.01284,ZeroMinusTick,2b90418a-4cc8-5125-9b7e-c9e9bde91e53,1.2840000000000002e+07,10,0.12840000000000001
1658130817,ACHUSDT,Buy,10,0.01284,ZeroMinusTick,cdb568bd-c2d8-588d-ad6c-2e5756d1c72f,1.2840000000000002e+07,10,0.12840000000000001
1658130817,ACHUSDT,Buy,10,0.01284,ZeroMinusTick,a32bffb2-793d-584a-88fb-af12eaa71a3a,1.2840000000000002e+07,10,0.12840000000000001
1658130817,ACHUSDT,Buy,10,0.01284,ZeroMinusTick,63624dea-aa55-5653-9685-1a0fad2a5a9c,1.2840000000000002e+07,10,0.12840000000000001
1658130817,ACHUSDT,Buy,10,0.01284,ZeroMinusTick,b4cb15d4-4e29-58eb-b762-2e5e1230eea5,1.2840000000000002e+07,10,0.12840000000000001
1658130817,ACHUSDT,Buy,10,0.01284,ZeroMinusTick,031ebf5c-6515-57dc-88db-80a40d2cf66a,1.2840000000000002e+07,10,0.12840000000000001
1658130817,ACHUSDT,Buy,10,0.01284,ZeroMinusTick,02b4b69f-b113-5353-8ad0-d30061483e95,1.2840000000000002e+07,10,0.12840000000000001
1658130818,ACHUSDT,Buy,10,0.01284,ZeroMinusTick,214ba126-12ad-5f3b-86e2-9d9a8b3d71ef,1.2840000000000002e+07,10,0.12840000000000001
1658130818,ACHUSDT,Buy,10,0.01284,ZeroMinusTick,615b3bd3-348c-5671-9cb0-2b6352ee0557,1.2840000000000002e+07,10,0.12840000000000001
1658130818,ACHUSDT,Buy,10,0.01284,ZeroMinusTick,035e4908-95fc-5c1a-9d44-afb735779d70,1.2840000000000002e+07,10,0.12840000000000001
1658130818,ACHUSDT,Buy,10,0.01284,ZeroMinusTick,9843b2ba-3fd4-5016-b950-8201c8124416,1.2840000000000002e+07,10,0.12840000000000001
1658130819,ACHUSDT,Buy,10,0.01284,ZeroMinusTick,83c6ade3-6d6e-5233-872f-aeb1087b1253,1.2840000000000002e+07,10,0.12840000000000001
1658130819,ACHUSDT,Buy,10,0.01284,ZeroMinusTick,395db781-0b53-58ff-a76d-8c7ed867d6d9,1.2840000000000002e+07,10,0.12840000000000001
1658130819,ACHUSDT,Buy,10,0.01284,ZeroMinusTick,69b605b1-bb38-579d-9db9-a6a71cc6eb3b,1.2840000000000002e+07,10,0.12840000000000001
1658130819,ACHUSDT,Buy,10,0.01284,ZeroMinusTick,81880de4-6d9c-5a05-94e7-46edf5292f76,1.2840000000000002e+07,10,0.12840000000000001
1658130819,ACHUSDT,Buy,10,0.01284,ZeroMinusTick,2ed14c00-a914-57bb-a38b-56e8d35936ed,1.2840000000000002e+07,10,0.12840000000000001
1658130819,ACHUSDT,Buy,10,0.01284,ZeroMinusTick,fb42f4bc-bc8c-52c3-86e1-dadfdb56705d,1.2840000000000002e+07,10,0.12840000000000001
1658130819,ACHUSDT,Buy,10,0.01284,ZeroMinusTick,34136f97-3ac6-5920-8c0d-488892b64435,1.2840000000000002e+07,10,0.12840000000000001
1658130820,ACHUSDT,Buy,10,0.01284,ZeroMinusTick,aa22fb39-17c2-5756-8adb-2e8e2bb1845e,1.2840000000000002e+07,10,0.12840000000000001
1658130820,ACHUSDT,Buy,10,0.01284,ZeroMinusTick,4773f850-d971-5c37-97ce-418398acf0fc,1.2840000000000002e+07,10,0.12840000000000001
1658130820,ACHUSDT,Buy,10,0.01284,ZeroMinusTick,c987a3a9-f468-5b91-ad8b-1da606475e09,1.2840000000000002e+07,10,0.12840000000000001
1658130820,ACHUSDT,Buy,10,0.01284,ZeroMinusTick,31b04e38-47bc-536b-b00c-790c056e4d23,1.2840000000000002e+07,10,0.12840000000000001
1658130820,ACHUSDT,Buy,10,0.01284,ZeroMinusTick,faa130fa-3109-52ae-8cf8-6290567ce73a,1.2840000000000002e+07,10,0.12840000000000001
1658130821,ACHUSDT,Buy,10,0.01284,ZeroMinusTick,2ffe7d4e-9696-5a8d-8d32-879aabcfb061,1.2840000000000002e+07,10,0.12840000000000001
1658130821,ACHUSDT,Buy,10,0.01284,ZeroMinusTick,9f3b53ad-4628-5fa5-ad02-3b63376b7fed,1.2840000000000002e+07,10,0.12840000000000001
1658130821,ACHUSDT,Buy,10,0.01284,ZeroMinusTick,03d88025-d1c9-5116-adec-e0e7b176abf9,1.2840000000000002e+07,10,0.12840000000000001
1658130821,ACHUSDT,Buy,10,0.01284,ZeroMinusTick,d72e8aed-25f2-5b0d-9b88-803731708f85,1.2840000000000002e+07,10,0.12840000000000001
1658130821,ACHUSDT,Buy,10,0.01284,ZeroMinusTick,39d18fe2-7c97-5b01-be44-c2f76957f397,1.2840000000000002e+07,10,0.12840000000000001
1658130821,ACHUSDT,Buy,10,0.01284,ZeroMinusTick,7b186fba-781b-522b-b6cd-c94cd75cffbb,1.2840000000000002e+07,10,0.12840000000000001
1658130822,ACHUSDT,Buy,10,0.01284,ZeroMinusTick,2669e43a-406b-57c3-8af8-78f2c7d47a14,1.2840000000000002e+07,10,0.12840000000000001
1658130822,ACHUSDT,Buy,10,0.01284,ZeroMinusTick,26bc6d09-48be-55a0-be2d-be44164019a5,1.2840000000000002e+07,10,0.12840000000000001
1658130822,ACHUSDT,Buy,10,0.01284,ZeroMinusTick,2f5a0c46-aad2-5e04-9486-a80e264f75e4,1.2840000000000002e+07,10,0.12840000000000001
1658130822,ACHUSDT,Buy,10,0.01284,ZeroMinusTick,ba1b219a-8bc2-58de-903b-bb0bb27e41ab,1.2840000000000002e+07,10,0.12840000000000001
1658130822,ACHUSDT,Buy,10,0.01284,ZeroMinusTick,58b380fa-3bd0-5441-af74-1b4f88a9954f,1.2840000000000002e+07,10,0.12840000000000001
1658130823,ACHUSDT,Buy,10,0.01284,ZeroMinusTick,13670c51-09ad-519d-8f83-36281565ba4f,1.2840000000000002e+07,10,0.12840000000000001
1658130823,ACHUSDT,Buy,10,0.01284,ZeroMinusTick,57ae92ef-65a7-5544-be8c-26f9edc3201a,1.2840000000000002e+07,10,0.12840000000000001
1658130823,ACHUSDT,Buy,10,0.01284,ZeroMinusTick,67c1d78e-88c0-54e6-b644-1240a27a1eb4,1.2840000000000002e+07,10,0.12840000000000001
1658130823,ACHUSDT,Buy,10,0.01284,ZeroMinusTick,3ec8fc2a-f888-599d-9e26-44282f6502b3,1.2840000000000002e+07,10,0.12840000000000001
1658130823,ACHUSDT,Buy,10,0.01284,ZeroMinusTick,b1e311b4-ab0b-5428-87ff-cdffa65d06e9,1.2840000000000002e+07,10,0.12840000000000001
1658130824,ACHUSDT,Buy,10,0.01284,ZeroMinusTick,02a2ef35-4231-5ebe-a61d-6c05cc773b86,1.2840000000000002e+07,10,0.12840000000000001
1658130824,ACHUSDT,Buy,10,0.01284,ZeroMinusTick,801c00e1-55f5-5c1b-b406-b6397bbda4ae,1.2840000000000002e+07,10,0.12840000000000001
1658130824,ACHUSDT,Buy,10,0.01284,ZeroMinusTick,ba35b60f-c056-5a95-ba0f-568b5cb86aa8,1.2840000000000002e+07,10,0.12840000000000001
1658130824,ACHUSDT,Buy,10,0.01284,ZeroMinusTick,e9187044-3d72-54a9-956d-6829d3793bf3,1.2840000000000002e+07,10,0.12840000000000001
1658130824,ACHUSDT,Buy,10,0.01284,ZeroMinusTick,30a546a0-5575-51ba-8605-a65c3c760675,1.2840000000000002e+07,10,0.12840000000000001
1658130824,ACHUSDT,Buy,10,0.01284,ZeroMinusTick,07282ace-2ccf-5a57-a0df-2ffa6191f055,1.2840000000000002e+07,10,0.12840000000000001
1658130824,ACHUSDT,Buy,10,0.01284,ZeroMinusTick,28bbe51d-83dc-5034-bdcc-558f1c60f1cf,1.2840000000000002e+07,10,0.12840000000000001
1658130825,ACHUSDT,Buy,10,0.01284,ZeroMinusTick,72c70ec5-0246-5fc6-bde4-ee87e5d86f02,1.2840000000000002e+07,10,0.12840000000000001
1658130825,ACHUSDT,Buy,10,0.01284,ZeroMinusTick,994c52ab-e44e-5c54-b42e-31892f75eb0c,1.2840000000000002e+07,10,0.12840000000000001
1658130825,ACHUSDT,Buy,10,0.01284,ZeroMinusTick,3de85ce9-bff5-5fcb-8cee-69843b73e66a,1.2840000000000002e+07,10,0.12840000000000001
1658130825,ACHUSDT,Buy,10,0.01284,ZeroMinusTick,2205916e-5108-52fe-89a6-d464af8e7ada,1.2840000000000002e+07,10,0.12840000000000001
1658130825,ACHUSDT,Buy,10,0.01284,ZeroMinusTick,a6c60d4f-5e9d-5c22-ba3a-49ed98e94f50,1.2840000000000002e+07,10,0.12840000000000001
1658130826,ACHUSDT,Buy,10,0.01284,ZeroMinusTick,63d6e691-a746-5430-91a1-ce1751a2bd51,1.2840000000000002e+07,10,0.12840000000000001
1658130826,ACHUSDT,Buy,10,0.01284,ZeroMinusTick,c02c909c-4136-5ef3-9cbe-627328912b36,1.2840000000000002e+07,10,0.12840000000000001
1658130826,ACHUSDT,Buy,10,0.01284,ZeroMinusTick,17a55243-f95c-5ba5-96d2-f490fde22600,1.2840000000000002e+07,10,0.12840000000000001
1658130826,ACHUSDT,Buy,10,0.01284,ZeroMinusTick,178c1d80-0672-53dd-ab50-1b8d7b17fa61,1.2840000000000002e+07,10,0.12840000000000001
1658130826,ACHUSDT,Buy,10,0.01284,ZeroMinusTick,b2b8338b-4477-5a4f-bc48-24fbb79b9f55,1.2840000000000002e+07,10,0.12840000000000001
1658130826,ACHUSDT,Buy,10,0.01284,ZeroMinusTick,6ff575b7-85d9-5ab7-bf70-090b26d1dff3,1.2840000000000002e+07,10,0.12840000000000001
1658130826,ACHUSDT,Buy,10,0.01284,ZeroMinusTick,7914918f-a480-5d4d-8ff3-b727d0481b32,1.2840000000000002e+07,10,0.12840000000000001
1658130826,ACHUSDT,Buy,10,0.01284,ZeroMinusTick,51d42162-3175-5abc-abe7-ec1ce4a0b468,1.2840000000000002e+07,10,0.12840000000000001
1658130827,ACHUSDT,Buy,10,0.01284,ZeroMinusTick,d294ab55-f4e6-557d-a9e8-9c902bb6f15e,1.2840000000000002e+07,10,0.12840000000000001
1658130827,ACHUSDT,Buy,10,0.01284,ZeroMinusTick,8bbaa4d9-1673-5d6b-8a58-95a291243cea,1.2840000000000002e+07,10,0.12840000000000001
1658130827,ACHUSDT,Buy,10,0.01284,ZeroMinusTick,d5ab9c4b-9fd6-52bc-9b58-0ec674ee4aa0,1.2840000000000002e+07,10,0.12840000000000001
1658130827,ACHUSDT,Buy,10,0.01284,ZeroMinusTick,f0643143-1919-50da-9c68-2981f6a41796,1.2840000000000002e+07,10,0.12840000000000001
1658130828,ACHUSDT,Buy,10,0.01284,ZeroMinusTick,caf45a48-41a9-5ab2-aa08-2b1b1da14e84,1.2840000000000002e+07,10,0.12840000000000001
1658130828,ACHUSDT,Buy,10,0.01284,ZeroMinusTick,3c603fc1-d673-5143-ab96-5a5f8f2fe380,1.2840000000000002e+07,10,0.12840000000000001
1658130828,ACHUSDT,Buy,10,0.01284,ZeroMinusTick,1a6dbec1-514a-5684-b386-2ff18c59f271,1.2840000000000002e+07,10,0.12840000000000001
1658130828,ACHUSDT,Buy,10,0.01284,ZeroMinusTick,11877350-43b9-583b-8884-b0967046f23c,1.2840000000000002e+07,10,0.12840000000000001
1658130828,ACHUSDT,Buy,10,0.01284,ZeroMinusTick,bd678d9b-3c08-592e-a602-00de25c02a3a,1.2840000000000002e+07,10,0.12840000000000001
1658130828,ACHUSDT,Buy,10,0.01284,ZeroMinusTick,4632c00d-71cb-5493-8a8d-acef0f133fe7,1.2840000000000002e+07,10,0.12840000000000001
1658130829,ACHUSDT,Buy,10,0.01284,ZeroMinusTick,f69dabc2-8c0a-570e-9c7f-6d1eaef71732,1.2840000000000002e+07,10,0.12840000000000001
1658130829,ACHUSDT,Buy,10,0.01284,ZeroMinusTick,82996690-7a17-5b81-9272-de40224efc1d,1.2840000000000002e+07,10,0.12840000000000001
1658130829,ACHUSDT,Buy,10,0.01284,ZeroMinusTick,4f608732-f4a5-56a6-9292-d7e7fed47279,1.2840000000000002e+07,10,0.12840000000000001
1658130829,ACHUSDT,Buy,10,0.01284,ZeroMinusTick,62fc884f-7410-5049-86ad-ac4767a4acaa,1.2840000000000002e+07,10,0.12840000000000001
1658130829,ACHUSDT,Buy,10,0.01284,ZeroMinusTick,1a42cf3a-85cc-530b-bf89-2be4aaf0d4f9,1.2840000000000002e+07,10,0.12840000000000001
1658130829,ACHUSDT,Buy,10,0.01284,ZeroMinusTick,20d22e9f-c2a9-5b31-aa8b-d454e6bdbcf7,1.2840000000000002e+07,10,0.12840000000000001
1658130830,ACHUSDT,Buy,10,0.01284,ZeroMinusTick,747129b6-37a0-5051-ab3b-52a7a6423cd5,1.2840000000000002e+07,10,0.12840000000000001
1658130830,ACHUSDT,Buy,10,0.01284,ZeroMinusTick,0b85db6e-61b3-59db-a3c8-39ea329824b9,1.2840000000000002e+07,10,0.12840000000000001
1658130830,ACHUSDT,Buy,10,0.01284,ZeroMinusTick,5c2ce2f0-1e28-5565-91fe-908a2c692734,1.2840000000000002e+07,10,0.12840000000000001
1658130830,ACHUSDT,Buy,10,0.01284,ZeroMinusTick,e3693bf6-c330-5dc9-b6cb-80333482f3e6,1.2840000000000002e+07,10,0.12840000000000001
1658130830,ACHUSDT,Buy,10,0.01284,ZeroMinusTick,164ded6d-8bf5-5056-939e-f8eeeae7cbc5,1.2840000000000002e+07,10,0.12840000000000001
1658130830,ACHUSDT,Buy,110,0.01284,ZeroMinusTick,2b4516d3-cf53-5553-9119-f8b33332f9ba,1.4124e+08,110,1.4124
1658130831,ACHUSDT,Buy,10,0.01284,ZeroMinusTick,baf0db64-543d-5229-b536-e7c0704434e9,1.2840000000000002e+07,10,0.12840000000000001
1658130831,ACHUSDT,Buy,10,0.01284,ZeroMinusTick,c8d9fc4c-b9c8-53cd-bf1a-1b945116fc41,1.2840000000000002e+07,10,0.12840000000000001
1658130831,ACHUSDT,Buy,10,0.01284,ZeroMinusTick,0a92d842-e56c-5132-ae5b-3496606d946b,1.2840000000000002e+07,10,0.12840000000000001
1658130831,ACHUSDT,Buy,10,0.01284,ZeroMinusTick,0ad358a8-5a81-5591-b6f6-ae8974342240,1.2840000000000002e+07,10,0.12840000000000001
1658130831,ACHUSDT,Buy,10,0.01284,ZeroMinusTick,383b233a-5eeb-5fb4-92b8-bc078bae7b01,1.2840000000000002e+07,10,0.12840000000000001
1658130831,ACHUSDT,Buy,10,0.01284,ZeroMinusTick,bcb28946-7a6c-5f23-bb37-d53b192b55b9,1.2840000000000002e+07,10,0.12840000000000001
1658130831,ACHUSDT,Buy,10,0.01284,ZeroMinusTick,833bb7ab-094a-54fe-ad00-53b39a7abdbe,1.2840000000000002e+07,10,0.12840000000000001
1658130832,ACHUSDT,Buy,10,0.01284,ZeroMinusTick,6d45590b-d80a-518f-b666-3f0d6da16581,1.2840000000000002e+07,10,0.12840000000000001
1658130832,ACHUSDT,Buy,10,0.01284,ZeroMinusTick,789c8cf4-8425-543e-ad7a-b312a23e40b6,1.2840000000000002e+07,10,0.12840000000000001
1658130832,ACHUSDT,Buy,10,0.01284,ZeroMinusTick,531e9abd-256e-5355-86b1-b5df4bea735b,1.2840000000000002e+07,10,0.12840000000000001
1658130832,ACHUSDT,Buy,10,0.01284,ZeroMinusTick,6e6288aa-e54e-53fd-9eff-dc52554c1da5,1.2840000000000002e+07,10,0.12840000000000001
1658130833,ACHUSDT,Buy,10,0.01284,ZeroMinusTick,73df3de5-0c1b-561c-9628-7a806278dcb5,1.2840000000000002e+07,10,0.12840000000000001
1658130833,ACHUSDT,Buy,10,0.01284,ZeroMinusTick,d24344ca-357f-5fc9-9925-9862e9e69ad9,1.2840000000000002e+07,10,0.12840000000000001
1658130833,ACHUSDT,Buy,10,0.01284,ZeroMinusTick,2baa80a1-56f7-5eee-b70a-166c12b335e5,1.2840000000000002e+07,10,0.12840000000000001
1658130833,ACHUSDT,Buy,10,0.01284,ZeroMinusTick,2e4a34c0-7861-5b5b-80c9-ee2b7968b3d2,1.2840000000000002e+07,10,0.12840000000000001
1658130833,ACHUSDT,Buy,10,0.01284,ZeroMinusTick,8d223b0c-d70d-5bf9-b242-2f68e32c02c6,1.2840000000000002e+07,10,0.12840000000000001
1658130833,ACHUSDT,Buy,10,0.01284,ZeroMinusTick,2f596453-b134-5b1b-a5f2-c179f4034110,1.2840000000000002e+07,10,0.12840000000000001
1658130833,ACHUSDT,Buy,10,0.01284,ZeroMinusTick,1d4ec820-a588-5f44-9f1f-fed0eec0d59f,1.2840000000000002e+07,10,0.12840000000000001
1658130833,ACHUSDT,Buy,10,0.01284,ZeroMinusTick,9e6b67a2-c0a4-55c2-b48b-92b43c6a7772,1.2840000000000002e+07,10,0.12840000000000001
1658130834,ACHUSDT,Buy,10,0.01284,ZeroMinusTick,1b67717d-c55b-5033-86a8-900022dc8df3,1.2840000000000002e+07,10,0.12840000000000001
1658130834,ACHUSDT,Buy,10,0.01284,ZeroMinusTick,98b4bcbc-736e-51b3-b880-de953b1a2ff3,1.2840000000000002e+07,10,0.12840000000000001
1658130834,ACHUSDT,Buy,10,0.01284,ZeroMinusTick,f8e25a8e-699c-5c16-83f8-b6823f6235ba,1.2840000000000002e+07,10,0.12840000000000001
1658130834,ACHUSDT,Buy,10,0.01284,ZeroMinusTick,b8b3f72c-ef14-5da4-9ea6-e8d72d342fc1,1.2840000000000002e+07,10,0.12840000000000001
1658130834,ACHUSDT,Buy,10,0.01284,ZeroMinusTick,1d2ae40c-e08d-55ac-8074-967074a788c0,1.2840000000000002e+07,10,0.12840000000000001
1658130835,ACHUSDT,Buy,10,0.01284,ZeroMinusTick,640db4b6-008b-58b0-b3b6-f884e73b7f01,1.2840000000000002e+07,10,0.12840000000000001
1658130835,ACHUSDT,Buy,10,0.01284,ZeroMinusTick,61607ad8-1f4c-511b-8e79-249f729ecefd,1.2840000000000002e+07,10,0.12840000000000001
1658130835,ACHUSDT,Buy,10,0.01284,ZeroMinusTick,f944e1d6-d69d-5eb3-9507-0e199e618647,1.2840000000000002e+07,10,0.12840000000000001
1658130835,ACHUSDT,Buy,10,0.01284,ZeroMinusTick,26644996-d247-5302-a287-ba5d9216911c,1.2840000000000002e+07,10,0.12840000000000001
1658130835,ACHUSDT,Buy,10,0.01284,ZeroMinusTick,dea431d8-cf31-5f64-a85c-117d5ba7d4fb,1.2840000000000002e+07,10,0.12840000000000001
1658130835,ACHUSDT,Buy,10,0.01284,ZeroMinusTick,c91499d1-0b6e-5ecd-9ef3-2e923437da80,1.2840000000000002e+07,10,0.12840000000000001
1658130836,ACHUSDT,Buy,10,0.01284,ZeroMinusTick,bb3ce3d6-e453-540b-8b4b-138aff391541,1.2840000000000002e+07,10,0.12840000000000001
1658130836,ACHUSDT,Buy,10,0.01284,ZeroMinusTick,98ddf3d3-bf9b-5977-8dbb-c7f487368ebc,1.2840000000000002e+07,10,0.12840000000000001
1658130836,ACHUSDT,Buy,10,0.01284,ZeroMinusTick,67d46e9f-0244-5ec9-8355-1888d2771731,1.2840000000000002e+07,10,0.12840000000000001
1658130836,ACHUSDT,Buy,10,0.01284,ZeroMinusTick,70e665dd-e9a4-5953-abf1-b9ea0bacddef,1.2840000000000002e+07,10,0.12840000000000001
1658130836,ACHUSDT,Buy,10,0.01284,ZeroMinusTick,09486bdb-db8c-5c90-a262-30afe35fc8c5,1.2840000000000002e+07,10,0.12840000000000001
1658130836,ACHUSDT,Buy,10,0.01284,ZeroMinusTick,11f2955b-39a4-52bd-b6a8-ab6bd55330f7,1.2840000000000002e+07,10,0.12840000000000001
1658130837,ACHUSDT,Buy,10,0.01284,ZeroMinusTick,febb8dd9-b0ba-51c6-9100-16bc85542ced,1.2840000000000002e+07,10,0.12840000000000001
1658130837,ACHUSDT,Buy,10,0.01284,ZeroMinusTick,69878246-201c-5081-ac4b-10c4bc255f49,1.2840000000000002e+07,10,0.12840000000000001
1658130837,ACHUSDT,Buy,10,0.01284,ZeroMinusTick,3fe88ff5-1924-5c24-905d-2b6695183624,1.2840000000000002e+07,10,0.12840000000000001
1658130837,ACHUSDT,Buy,10,0.01284,ZeroMinusTick,9b31190f-7ecd-55d1-9cf2-6717f03eceec,1.2840000000000002e+07,10,0.12840000000000001
1658130838,ACHUSDT,Buy,10,0.01284,ZeroMinusTick,70d327ca-d304-5174-8b68-a1f27d10ad2f,1.2840000000000002e+07,10,0.12840000000000001
1658130838,ACHUSDT,Buy,10,0.01284,ZeroMinusTick,89f63ec1-3ca3-5f9f-9e1f-4b0169b7fe89,1.2840000000000002e+07,10,0.12840000000000001
1658130838,ACHUSDT,Buy,10,0.01284,ZeroMinusTick,2b237f4c-4469-5e5f-a408-cbc5a2da77c4,1.2840000000000002e+07,10,0.12840000000000001
1658130838,ACHUSDT,Buy,10,0.01284,ZeroMinusTick,de75974b-e8f1-53b0-a695-e478930f3d89,1.2840000000000002e+07,10,0.12840000000000001
1658130838,ACHUSDT,Buy,10,0.01284,ZeroMinusTick,6b4765f7-136f-53f1-b742-753dbf7c03b4,1.2840000000000002e+07,10,0.12840000000000001
1658130838,ACHUSDT,Buy,10,0.01284,ZeroMinusTick,75aceb31-f4d1-5bf5-a6fc-41cd38ed5ace,1.2840000000000002e+07,10,0.12840000000000001
1658130838,ACHUSDT,Buy,10,0.01284,ZeroMinusTick,99cca617-2080-53a1-97c4-c7550ed488d6,1.2840000000000002e+07,10,0.12840000000000001
1658130838,ACHUSDT,Buy,10,0.01284,ZeroMinusTick,950ed375-832a-5422-ad0e-4f28af8ca02a,1.2840000000000002e+07,10,0.12840000000000001
1658130839,ACHUSDT,Buy,10,0.01284,ZeroMinusTick,f1450943-86e9-5ba6-92c0-be811c68244f,1.2840000000000002e+07,10,0.12840000000000001
1658130839,ACHUSDT,Buy,10,0.01284,ZeroMinusTick,2ee9b25d-b118-53f1-abcd-9e7125143717,1.2840000000000002e+07,10,0.12840000000000001
1658130839,ACHUSDT,Buy,10,0.01284,ZeroMinusTick,616dc914-623a-5173-9e99-7caed1b2ae3b,1.2840000000000002e+07,10,0.12840000000000001
1658130839,ACHUSDT,Buy,10,0.01284,ZeroMinusTick,e75b8428-a284-5f00-860e-cfc6686b7440,1.2840000000000002e+07,10,0.12840000000000001
1658130840,ACHUSDT,Buy,10,0.01284,ZeroMinusTick,0910831a-192f-555b-86a3-1a36cce77f68,1.2840000000000002e+07,10,0.12840000000000001
1658130840,ACHUSDT,Buy,10,0.01284,ZeroMinusTick,6b74336d-07ae-5fa3-9f5b-a532d626017f,1.2840000000000002e+07,10,0.12840000000000001
1658130840,ACHUSDT,Buy,10,0.01284,ZeroMinusTick,d92b3293-5db9-53bd-91f7-19f38969f9ee,1.2840000000000002e+07,10,0.12840000000000001
1658130840,ACHUSDT,Buy,10,0.01284,ZeroMinusTick,0d45a88c-b0b5-5b95-8dbc-74cf889be73a,1.2840000000000002e+07,10,0.12840000000000001
1658130840,ACHUSDT,Buy,10,0.01284,ZeroMinusTick,fd72103f-05eb-5b93-b194-3326696e42d0,1.2840000000000002e+07,10,0.12840000000000001
1658130840,ACHUSDT,Buy,10,0.01284,ZeroMinusTick,71484b92-bffd-5039-be59-a683d8dd3b54,1.2840000000000002e+07,10,0.12840000000000001
1658130840,ACHUSDT,Buy,10,0.01284,ZeroMinusTick,3848d628-31f4-5cd3-9376-100f8622752e,1.2840000000000002e+07,10,0.12840000000000001
1658130840,ACHUSDT,Buy,10,0.01284,ZeroMinusTick,2b3fea0c-4a07-5b11-9b96-0f3c1dd63fb9,1.2840000000000002e+07,10,0.12840000000000001
1658130840,ACHUSDT,Buy,10,0.01284,ZeroMinusTick,e452f444-7ff2-5d52-a38f-44961c4c091a,1.2840000000000002e+07,10,0.12840000000000001
1658130841,ACHUSDT,Buy,10,0.01284,ZeroMinusTick,32249b2a-1aa5-577a-86bb-3a5f16e3e0e4,1.2840000000000002e+07,10,0.12840000000000001
1658130841,ACHUSDT,Buy,10,0.01284,ZeroMinusTick,0c38fd5e-7983-5bd5-984c-5f10ea272221,1.2840000000000002e+07,10,0.12840000000000001
1658130841,ACHUSDT,Buy,10,0.01284,ZeroMinusTick,e1de3029-dac8-5567-bca8-bfc68f778dab,1.2840000000000002e+07,10,0.12840000000000001
1658130841,ACHUSDT,Buy,10,0.01284,ZeroMinusTick,84cf1156-e5cf-57bf-8aed-10669abb3d46,1.2840000000000002e+07,10,0.12840000000000001
1658130842,ACHUSDT,Buy,10,0.01284,ZeroMinusTick,510d5b4f-c618-50ab-ae3d-4be40123a9e8,1.2840000000000002e+07,10,0.12840000000000001
1658130842,ACHUSDT,Buy,10,0.01284,ZeroMinusTick,ea43305b-3777-5d8c-8ad1-80a78b17f714,1.2840000000000002e+07,10,0.12840000000000001
1658130842,ACHUSDT,Buy,10,0.01284,ZeroMinusTick,b18a4e15-8429-5097-a022-1460a761f789,1.2840000000000002e+07,10,0.12840000000000001
1658130842,ACHUSDT,Buy,10,0.01284,ZeroMinusTick,c39fb25d-d7d1-5633-b9b7-bb2fb5fe3838,1.2840000000000002e+07,10,0.12840000000000001
1658130842,ACHUSDT,Buy,10,0.01284,ZeroMinusTick,e13eb167-fa28-55bb-99a6-17b4b02b8da7,1.2840000000000002e+07,10,0.12840000000000001
1658130842,ACHUSDT,Buy,10,0.01284,ZeroMinusTick,d8895985-ead7-5600-95db-4f0281f540ab,1.2840000000000002e+07,10,0.12840000000000001
1658130842,ACHUSDT,Buy,10,0.01284,ZeroMinusTick,8caa583d-ee57-590d-a261-178e99b6c937,1.2840000000000002e+07,10,0.12840000000000001
1658130842,ACHUSDT,Buy,10,0.01284,ZeroMinusTick,b514dd79-2fc2-5609-b197-461c136a0cca,1.2840000000000002e+07,10,0.12840000000000001
1658130843,ACHUSDT,Buy,10,0.01284,ZeroMinusTick,e4f1d059-7673-57a2-9023-7906a66795de,1.2840000000000002e+07,10,0.12840000000000001
1658130843,ACHUSDT,Buy,10,0.01284,ZeroMinusTick,62c3ada0-902e-5a7d-9cbc-0092bbeb1503,1.2840000000000002e+07,10,0.12840000000000001
1658130843,ACHUSDT,Buy,10,0.01284,ZeroMinusTick,f7d9aea5-11c5-5411-9469-0f9fd64e9049,1.2840000000000002e+07,10,0.12840000000000001
