timestamp,symbol,side,size,price,tickDirection,trdMatchID,grossValue,homeNotional,foreignNotional
1658188804,AGLDUSDT,Buy,800,0.4270,MinusTick,fd47dcb8-ba18-56e7-b8c7-b9040185c823,3.4159999999999996e+10,800,341.59999999999997
1658188809,AGLDUSDT,Sell,8.5,0.4270,ZeroMinusTick,77ba2159-54c9-5987-a147-65bdd6a38c7c,3.6295e+08,8.5,3.6294999999999997
1658188816,AGLDUSDT,Sell,791.5,0.4270,ZeroMinusTick,91a965f6-c145-5480-b2af-806d7c755016,3.379705e+10,791.5,337.9705
1658188816,AGLDUSDT,Sell,800,0.4270,ZeroMinusTick,8f45b52d-ce35-5ff6-bb13-ea99175e4e52,3.4159999999999996e+10,800,341.59999999999997
1658188827,AGLDUSDT,Buy,1169.5,0.4275,PlusTick,b497f038-8331-59f8-8b3c-26d42f37cd64,4.9996125e+10,1169.5,499.96125
1658188845,AGLDUSDT,Sell,800,0.4275,ZeroMinusTick,2ddddc8c-4cbc-590b-9c14-651076e40201,3.42e+10,800,342
1658188855,AGLDUSDT,Sell,800,0.4270,MinusTick,2e6ee39c-57f2-5d24-8c58-4cfb42b7794f,3.4159999999999996e+10,800,341.59999999999997
1658188867,AGLDUSDT,Sell,800,0.4265,MinusTick,30eb2c07-e3d3-59fb-8a92-84bf818a9f27,3.412e+10,800,341.2
1658188871,AGLDUSDT,Sell,1173.7,0.4260,MinusTick,6c2734c7-36d5-5fe9-a902-fcc105000670,4.999962e+10,1173.7,499.9962
1658188872,AGLDUSDT,Sell,800,0.4260,ZeroMinusTick,f87567c8-dc42-5f93-833c-aa283c0b84c5,3.408e+10,800,340.8
1658188872,AGLDUSDT,Sell,31.3,0.4255,MinusTick,04fe8924-5cd0-59a6-9a8a-a74624191349,1.331815e+09,31.3,13.31815
1658188872,AGLDUSDT,Sell,704.6,0.4255,ZeroMinusTick,b1e89898-40d7-5e50-8808-9914211731fd,2.998073e+10,704.6,299.8073
1658188872,AGLDUSDT,Sell,440.2,0.4255,ZeroMinusTick,521e846e-1847-57cc-a4dc-d582b3fa9843,1.873051e+10,440.2,187.30509999999998
1658188874,AGLDUSDT,Sell,800,0.4255,ZeroMinusTick,58ae6448-e26d-55ec-b32d-6a03f48da76d,3.4039999999999996e+10,800,340.4
1658188877,AGLDUSDT,Buy,1.6,0.4260,PlusTick,7afb6df9-2a98-517d-a601-bd93d120bdbe,6.816e+07,1.6,0.6816
1658188878,AGLDUSDT,Sell,800,0.4250,MinusTick,d141d174-5328-5eaa-97a7-b6be5304bf55,3.4e+10,800,340
1658188880,AGLDUSDT,Sell,1177.8,0.4245,MinusTick,8873461c-6767-56dd-8f46-a7dd473a38c2,4.999761e+10,1177.8,499.9761
1658188929,AGLDUSDT,Buy,1177.8,0.4245,ZeroMinusTick,58c1726b-8cfc-5400-a53b-8de726097123,4.999761e+10,1177.8,499.9761
1658188930,AGLDUSDT,Buy,681.8,0.4250,PlusTick,c15aeb34-ce72-56f4-83b2-5536b1686e18,2.89765e+10,681.8,289.765
1658188930,AGLDUSDT,Buy,800,0.4250,ZeroMinusTick,c302fb00-548e-5a06-80bf-ac0f6eb12f9c,3.4e+10,800,340
1658188930,AGLDUSDT,Buy,404.9,0.4250,ZeroMinusTick,e934a836-44cc-5fcb-b746-36bdb9c9d916,1.720825e+10,404.9,172.08249999999998
1658188930,AGLDUSDT,Buy,1176.4,0.4250,ZeroMinusTick,79ce8067-a5d7-5b56-956b-5f59d0aa9612,4.9997e+10,1176.4,499.97
1658188935,AGLDUSDT,Sell,600,0.4250,ZeroMinusTick,0827f217-f954-511e-a39f-69c3f72d9111,2.55e+10,600,255
1658188956,AGLDUSDT,Sell,0.1,0.4240,MinusTick,3e455abd-79f6-50d0-8edd-214796e8cf12,4.24e+06,0.1,0.0424
1658188967,AGLDUSDT,Buy,1.3,0.4245,PlusTick,52d8282a-1c87-5a1a-bb26-f7ba27fbacc5,5.518499999999999e+07,1.3,0.55185
1658188971,AGLDUSDT,Sell,800,0.4240,MinusTick,08368792-5797-5c48-a2eb-b6d060749ad2,3.392e+10,800,339.2
1658188982,AGLDUSDT,Sell,0.1,0.4240,ZeroMinusTick,530243de-757d-517c-aa33-2c511a708fb3,4.24e+06,0.1,0.0424
1658188982,AGLDUSDT,Sell,299.9,0.4240,ZeroMinusTick,c829e6db-f121-59e8-9405-f22d20ec9a39,1.2715759999999998e+10,299.9,127.15759999999999
1658188982,AGLDUSDT,Buy,800,0.4235,MinusTick,7542d308-5554-5c35-a103-d323ee415d86,3.388e+10,800,338.8
1658189011,AGLDUSDT,Buy,1176.5,0.4245,PlusTick,1c9bbd9e-b116-5af8-809c-232e780d8b87,4.9942425e+10,1176.5,499.42425
1658189011,AGLDUSDT,Buy,1597.8,0.4245,ZeroMinusTick,448e12d6-1423-5e2f-b4c2-3b65fff71942,6.782660999999999e+10,1597.8,678.2660999999999
1658189011,AGLDUSDT,Buy,206.8,0.4245,ZeroMinusTick,11b34386-7475-5a7d-9a1a-1e1f461e6fec,8.77866e+09,206.8,87.7866
1658189011,AGLDUSDT,Buy,979.7,0.4245,ZeroMinusTick,c8ce3017-7e8e-5954-9281-55da6c008055,4.1588265e+10,979.7,415.88265
1658189011,AGLDUSDT,Buy,1269.8,0.4250,PlusTick,fb598b55-012c-52dc-949b-721800f53e89,5.39665e+10,1269.8,539.665
1658189017,AGLDUSDT,Sell,800,0.4250,ZeroMinusTick,408ab360-fd70-5986-8833-72cd2f893012,3.4e+10,800,340
1658189017,AGLDUSDT,Sell,300,0.4250,ZeroMinusTick,fba697b8-e9cd-518f-a03e-6a5907d9a6d6,1.275e+10,300,127.5
1658189033,AGLDUSDT,Buy,1173.7,0.4260,PlusTick,459d54fb-016c-59c2-84ff-9f29c4fcec84,4.999962e+10,1173.7,499.9962
1658189039,AGLDUSDT,Buy,20,0.4260,ZeroMinusTick,775fe95c-21e0-5f5b-8073-a153a13a5281,8.52e+08,20,8.52
1658189039,AGLDUSDT,Sell,800,0.4255,MinusTick,35924840-4a21-58ce-bdcd-9962924e66d7,3.4039999999999996e+10,800,340.4
1658189039,AGLDUSDT,Sell,300,0.4255,ZeroMinusTick,8bd1a987-9603-5855-aaad-aa609de29393,1.2765e+10,300,127.64999999999999
1658189040,AGLDUSDT,Sell,300,0.4250,MinusTick,43112fd6-b208-5eed-9d0f-b089088c05b7,1.275e+10,300,127.5
1658189040,AGLDUSDT,Sell,800,0.4250,ZeroMinusTick,98d63baf-3bd7-5ecc-9b5e-bc617dfd9fb3,3.4e+10,800,340
1658189050,AGLDUSDT,Sell,112,0.4255,PlusTick,405d1328-f81d-5d15-b284-5eef79a4b206,4.7656e+09,112,47.656
1658189068,AGLDUSDT,Sell,190,0.4255,ZeroMinusTick,dffeee6a-374d-5fae-b386-8b9084873e92,8.0845e+09,190,80.845
1658189069,AGLDUSDT,Sell,110,0.4255,ZeroMinusTick,1455286d-f94c-5847-9fab-8dd79c888c39,4.6805e+09,110,46.805
1658189087,AGLDUSDT,Buy,300,0.4255,ZeroMinusTick,53fd5177-cc8a-5d39-be5b-9a370cbce313,1.2765e+10,300,127.64999999999999
1658189116,AGLDUSDT,Buy,979.7,0.4260,PlusTick,84b72945-1abd-56c2-bb0e-a17355929e29,4.173522e+10,979.7,417.3522
1658189116,AGLDUSDT,Sell,300,0.4260,ZeroMinusTick,509148e9-d98e-5237-99c6-7331be41e27e,1.278e+10,300,127.8
1658189116,AGLDUSDT,Sell,800,0.4260,ZeroMinusTick,b52bdce5-7036-5a6e-8772-b15fc55c9e25,3.408e+10,800,340.8
1658189116,AGLDUSDT,Sell,1302.5,0.4250,MinusTick,34725f98-f8e8-519f-9cfa-eec3824e7b88,5.535625e+10,1302.5,553.5625
1658189121,AGLDUSDT,Sell,300,0.4265,PlusTick,3d4af09e-59e9-54a8-826a-d521cf3c599c,1.2795e+10,300,127.95
1658189137,AGLDUSDT,Sell,0.7,0.4260,MinusTick,dcff633a-c821-5ec6-a654-174b8c5b5ce5,2.9819999999999996e+07,0.7,0.29819999999999997
1658189165,AGLDUSDT,Buy,800,0.4265,PlusTick,791d9439-2d0f-511b-bcf8-6a6974abbd5e,3.412e+10,800,341.2
1658189171,AGLDUSDT,Sell,300,0.4260,MinusTick,755e3642-a8b9-5d8a-b202-7f1f63a2d720,1.278e+10,300,127.8
1658189171,AGLDUSDT,Sell,1775.3,0.4260,ZeroMinusTick,0dc26b1d-c660-55f3-adf0-c2847790613e,7.562778e+10,1775.3,756.2778
1658189173,AGLDUSDT,Sell,300,0.4260,ZeroMinusTick,f0cae632-6fea-51b3-a2bc-52e0524a57a7,1.278e+10,300,127.8
1658189184,AGLDUSDT,Buy,800,0.4260,ZeroMinusTick,0f0043ff-153e-560e-8c2b-e87e442a2a0a,3.408e+10,800,340.8
1658189185,AGLDUSDT,Sell,300,0.4260,ZeroMinusTick,07a6cf81-c221-5b35-bd19-90fe7a56b2b8,1.278e+10,300,127.8
1658189198,AGLDUSDT,Buy,800,0.4265,PlusTick,add4d756-ddb6-5e0d-8c67-c63d34c7512b,3.412e+10,800,341.2
1658189215,AGLDUSDT,Buy,1798.2,0.4275,PlusTick,33525e63-39e7-5e5a-8f3e-c3eb33f8f5c6,7.687305e+10,1798.2,768.7305
1658189215,AGLDUSDT,Buy,845.1,0.4275,ZeroMinusTick,237283a2-3948-504a-ae51-b7d2c56706ce,3.6128025e+10,845.1,361.28025
1658189215,AGLDUSDT,Buy,134.6,0.4275,ZeroMinusTick,8ecc039e-22f1-59d4-8b08-84da51e088f4,5.75415e+09,134.6,57.5415
1658189215,AGLDUSDT,Buy,1875.7,0.4275,ZeroMinusTick,b6e249f7-569b-5239-9f90-5bc08a8bc7ba,8.0186175e+10,1875.7,801.86175
1658189215,AGLDUSDT,Sell,300,0.4275,ZeroMinusTick,faf2a844-79d9-5e40-a0a1-1e1c37bf3ba5,1.2825e+10,300,128.25
1658189226,AGLDUSDT,Buy,1166.8,0.4285,PlusTick,4f2f2f32-4a74-5b13-a6e0-ef376a78bf5b,4.999738e+10,1166.8,499.9738
1658189227,AGLDUSDT,Buy,62.3,0.4290,PlusTick,a515da91-4295-53e3-bb26-5e565da11c45,2.6726699999999995e+09,62.3,26.726699999999997
1658189227,AGLDUSDT,Buy,300,0.4290,ZeroMinusTick,31327fe4-0aa0-50db-ac84-9407ae4207d1,1.2869999999999998e+10,300,128.7
1658189227,AGLDUSDT,Buy,720.5,0.4290,ZeroMinusTick,f21ac91d-d8c5-5d0e-bf46-c93b479e44c6,3.090945e+10,720.5,309.0945
1658189244,AGLDUSDT,Buy,800,0.4285,MinusTick,511a6a0a-472f-556f-af89-a2e0713adcf1,3.428e+10,800,342.8
1658189244,AGLDUSDT,Buy,71.4,0.4290,PlusTick,469c9dc7-9f6c-5ecb-8ee4-2261be0bfeb1,3.06306e+09,71.4,30.6306
1658189247,AGLDUSDT,Sell,0.1,0.4280,MinusTick,8fd1be69-cc88-5dab-a237-2ae61ee32627,4.280000000000001e+06,0.1,0.042800000000000005
1658189272,AGLDUSDT,Sell,300,0.4280,ZeroMinusTick,4e2ca747-74b7-5af6-8116-f3a87e93e169,1.284e+10,300,128.4
1658189316,AGLDUSDT,Buy,300,0.4295,PlusTick,abb917c1-b74f-57d1-a3e1-d97e47cc82c2,1.2885e+10,300,128.85
1658189320,AGLDUSDT,Buy,800,0.4295,ZeroMinusTick,5bad4e3e-dedb-55d3-bba9-c892fd463203,3.436e+10,800,343.6
1658189321,AGLDUSDT,Sell,800,0.4295,ZeroMinusTick,c8ee6b63-2529-5e7d-80e7-6f2420b38d11,3.436e+10,800,343.6
1658189321,AGLDUSDT,Sell,300,0.4295,ZeroMinusTick,1e4dd53f-427a-5ddf-a583-74a255998522,1.2885e+10,300,128.85
1658189321,AGLDUSDT,Sell,1164.1,0.4295,ZeroMinusTick,75175ed2-6edf-5f0e-a13d-1cf56f6c1984,4.999809499999999e+10,1164.1,499.98094999999995
1658189325,AGLDUSDT,Buy,1160.7,0.4300,PlusTick,69236d59-049c-5fbc-91ac-6c4b05ed247c,4.99101e+10,1160.7,499.101
1658189327,AGLDUSDT,Sell,300,0.4305,PlusTick,9d8c10d9-9df0-570f-95fc-e4ae34544e3b,1.2915e+10,300,129.15
1658189337,AGLDUSDT,Sell,0.1,0.4305,ZeroMinusTick,7f13592e-5429-51bd-aea3-42a72804cbd3,4.305000000000001e+06,0.1,0.043050000000000005
1658189343,AGLDUSDT,Sell,800,0.4310,PlusTick,9c06ff75-108e-59ab-b112-156c37a3bc56,3.448e+10,800,344.8
1658189343,AGLDUSDT,Sell,300,0.4310,ZeroMinusTick,60903f77-a04e-5d9e-944a-317515c1c18a,1.2930000000000002e+10,300,129.3
1658189344,AGLDUSDT,Sell,300,0.4310,ZeroMinusTick,fd19d89d-a1c8-57ae-8694-da7c777c228a,1.2930000000000002e+10,300,129.3
1658189344,AGLDUSDT,Sell,800,0.4310,ZeroMinusTick,f128c65f-db78-5dbe-9f7b-81fad34484bb,3.448e+10,800,344.8
1658189344,AGLDUSDT,Buy,347.7,0.4315,PlusTick,4e069814-343f-50d6-9296-cbac54f312d5,1.5003254999999998e+10,347.7,150.03255
1658189345,AGLDUSDT,Sell,800,0.4310,MinusTick,634894d1-9982-5144-a9a9-a01a99c6cfd5,3.448e+10,800,344.8
1658189361,AGLDUSDT,Sell,614.5,0.4305,MinusTick,998cc813-7cf5-51da-bc37-6f67a80a2bc4,2.6454225000000004e+10,614.5,264.54225
1658189361,AGLDUSDT,Sell,185.5,0.4305,ZeroMinusTick,43a2fe28-dd34-521d-b9f1-a5c435dadcde,7.985775e+09,185.5,79.85775
1658189385,AGLDUSDT,Buy,300,0.4305,ZeroMinusTick,36b354db-fa25-5171-b6cf-bd7eda9ff178,1.2915e+10,300,129.15
1658189398,AGLDUSDT,Sell,307.9,0.4305,ZeroMinusTick,9f15a3fa-5892-57cf-b450-382186f81825,1.3255095e+10,307.9,132.55095
1658189400,AGLDUSDT,Buy,300,0.4300,MinusTick,b1e83856-6c28-5037-8ff4-8fad60217d6d,1.29e+10,300,129
1658189406,AGLDUSDT,Buy,800,0.4305,PlusTick,076d49c4-c9a2-515c-a69d-627d6caff392,3.444e+10,800,344.4
1658189406,AGLDUSDT,Buy,300,0.4305,ZeroMinusTick,4d913327-bcbe-51c6-9cfa-3eb6434f5ee3,1.2915e+10,300,129.15
1658189407,AGLDUSDT,Buy,300,0.4300,MinusTick,253e9bca-24a1-55c3-a3c8-34512056a24d,1.29e+10,300,129
1658189425,AGLDUSDT,Buy,300,0.4305,PlusTick,1180d216-f8f5-5151-afa3-278517e44f77,1.2915e+10,300,129.15
1658189425,AGLDUSDT,Sell,2456.9,0.4305,ZeroMinusTick,acd28db3-8caa-5e3f-a05e-011752ed16c4,1.05769545e+11,2456.9,1057.69545
1658189425,AGLDUSDT,Sell,5,0.4300,MinusTick,79380fc5-53eb-5a6c-9d12-f07aeaef02ee,2.15e+08,5,2.15
1658189431,AGLDUSDT,Sell,800,0.4305,PlusTick,e7b641c3-a43d-5302-a284-71437d25d3da,3.444e+10,800,344.4
1658189432,AGLDUSDT,Buy,300,0.4300,MinusTick,fdfd251c-5b1d-59a6-8716-96ecdf042fed,1.29e+10,300,129
1658189445,AGLDUSDT,Buy,300,0.4305,PlusTick,49a39e2c-e2d5-50a3-91dc-49d61580c89c,1.2915e+10,300,129.15
1658189461,AGLDUSDT,Buy,340.4,0.4310,PlusTick,93764e23-7b63-54e2-b651-55327cf79b90,1.467124e+10,340.4,146.7124
1658189461,AGLDUSDT,Buy,340.4,0.4310,ZeroMinusTick,577cfd5b-3b88-5fd0-ad05-0b34881dd87b,1.467124e+10,340.4,146.7124
1658189461,AGLDUSDT,Buy,340.4,0.4310,ZeroMinusTick,4f15c625-b9c3-5e89-b7b5-66f7a9caf4d0,1.467124e+10,340.4,146.7124
1658189461,AGLDUSDT,Buy,1300.6,0.4310,ZeroMinusTick,5e9861bf-210c-507a-b167-6317ca113c9e,5.605585999999999e+10,1300.6,560.5586
1658189464,AGLDUSDT,Buy,56.7,0.4315,PlusTick,2ce81b06-da41-5a3d-9231-8b45bc1886e5,2.446605e+09,56.7,24.46605
1658189464,AGLDUSDT,Buy,4800,0.4315,ZeroMinusTick,962d0e6d-0214-538a-9b7f-ff24815e1b0a,2.0711999999999997e+11,4800,2071.2
1658189464,AGLDUSDT,Buy,1157.4,0.4320,PlusTick,70f3b8ae-828d-532a-8b79-45137824c7bf,4.999968e+10,1157.4,499.9968
1658189464,AGLDUSDT,Buy,300,0.4320,ZeroMinusTick,56d35048-a3e9-5e7c-b662-33f911be8d09,1.296e+10,300,129.6
1658189470,AGLDUSDT,Buy,300,0.4330,PlusTick,432b1c2c-d60a-5d9b-9a19-7e7f227b63f8,1.299e+10,300,129.9
1658189470,AGLDUSDT,Sell,300,0.4330,ZeroMinusTick,b1138257-bb52-53e4-a113-af8d9db99747,1.299e+10,300,129.9
1658189472,AGLDUSDT,Buy,300,0.4330,ZeroMinusTick,a4250c87-5970-5cd9-8c52-1f95a7e55fa4,1.299e+10,300,129.9
1658189472,AGLDUSDT,Buy,300,0.4330,ZeroMinusTick,7db30228-1eab-5725-aafd-53a934d3787d,1.299e+10,300,129.9
1658189472,AGLDUSDT,Sell,300,0.4330,ZeroMinusTick,ba1ff1a3-cf28-5b82-b3eb-68a5269e4e40,1.299e+10,300,129.9
1658189476,AGLDUSDT,Sell,1156,0.4325,MinusTick,95161b04-d18d-527d-9248-7699d11baa3c,4.9997e+10,1156,499.96999999999997
1658189477,AGLDUSDT,Sell,1156,0.4325,ZeroMinusTick,72a3695f-b2a1-5ad7-939b-135fab73f8c7,4.9997e+10,1156,499.96999999999997
1658189482,AGLDUSDT,Sell,800,0.4335,PlusTick,f4ecc88d-c84f-5900-9067-13338f47a690,3.468e+10,800,346.8
1658189486,AGLDUSDT,Buy,299.9,0.4335,ZeroMinusTick,4803a4eb-4286-5224-b52d-10f4eeef4461,1.3000664999999998e+10,299.9,130.00664999999998
1658189486,AGLDUSDT,Buy,0.1,0.4335,ZeroMinusTick,0dc877c7-3d67-520a-b00b-b85003e5e22c,4.335e+06,0.1,0.04335
1658189488,AGLDUSDT,Sell,800,0.4335,ZeroMinusTick,52ed9e1b-cfc8-554d-ac1c-217b0e2ee43e,3.468e+10,800,346.8
1658189493,AGLDUSDT,Buy,300,0.4340,PlusTick,e991707b-5560-5b0a-bc46-5aa3dfe1883f,1.3019999999999998e+10,300,130.2
1658189495,AGLDUSDT,Sell,800,0.4345,PlusTick,b8798a7e-f5f5-5ec3-b2ef-37c598760d6b,3.476e+10,800,347.6
1658189495,AGLDUSDT,Sell,800,0.4340,MinusTick,db5f3b65-ee10-5903-bf0e-19c118b071ad,3.472e+10,800,347.2
1658189496,AGLDUSDT,Sell,800,0.4335,MinusTick,5ca0552b-a61a-5533-809c-9a0b051bc3cc,3.468e+10,800,346.8
1658189499,AGLDUSDT,Sell,2142.3,0.4330,MinusTick,90053eb8-bc70-52ee-8c32-a62af5d7037d,9.276159000000002e+10,2142.3,927.6159000000001
1658189499,AGLDUSDT,Sell,800,0.4330,ZeroMinusTick,8e4f0806-e748-5df5-812e-a026ed0b801c,3.464e+10,800,346.4
1658189499,AGLDUSDT,Sell,1154.7,0.4330,ZeroMinusTick,30e51353-31f2-5647-b1dc-2fee848536eb,4.999851e+10,1154.7,499.9851
1658189499,AGLDUSDT,Sell,230,0.4330,ZeroMinusTick,1acdbb2e-6285-54e7-8309-537425a13204,9.959e+09,230,99.59
1658189499,AGLDUSDT,Sell,800,0.4330,ZeroMinusTick,2b4c6d74-d6c4-5a48-8811-9e2195ef7be4,3.464e+10,800,346.4
1658189499,AGLDUSDT,Buy,3608,0.4330,ZeroMinusTick,60b29007-67cc-5307-90d5-17a41f2324be,1.562264e+11,3608,1562.264
1658189499,AGLDUSDT,Sell,1143.7,0.4325,MinusTick,4b09e628-3cd1-5f43-b976-1525d4bda5df,4.9465025e+10,1143.7,494.65025
1658189499,AGLDUSDT,Sell,230,0.4325,ZeroMinusTick,7b523e64-bfe6-5e02-80ca-e7c67bd6bedc,9.9475e+09,230,99.475
1658189499,AGLDUSDT,Buy,300,0.4330,PlusTick,aee02fe2-0e4f-5fba-a72e-1e3d6292ab2e,1.299e+10,300,129.9
1658189500,AGLDUSDT,Sell,800,0.4325,MinusTick,55d9a7ea-55ee-5caf-923d-d1655cc1aff5,3.46e+10,800,346
1658189502,AGLDUSDT,Sell,800,0.4325,ZeroMinusTick,3469acc3-5d40-5970-8da7-8c040298ea78,3.46e+10,800,346
1658189503,AGLDUSDT,Sell,800,0.4325,ZeroMinusTick,78608569-c471-546b-b220-ed28182b4dd5,3.46e+10,800,346
1658189504,AGLDUSDT,Sell,800,0.4320,MinusTick,bc2cf417-f081-570f-b517-a23a08a6d9d0,3.456e+10,800,345.6
1658189505,AGLDUSDT,Sell,800,0.4320,ZeroMinusTick,18bb27a7-8378-592a-920b-eeef86af0d3b,3.456e+10,800,345.6
1658189506,AGLDUSDT,Sell,1158.7,0.4315,MinusTick,540a49d6-1721-56a6-9361-03655b36bbc6,4.9997905e+10,1158.7,499.97905000000003
1658189506,AGLDUSDT,Sell,800,0.4315,ZeroMinusTick,95128831-b7ea-5063-89c3-c1c740f87716,3.452e+10,800,345.2
1658189506,AGLDUSDT,Sell,800,0.4315,ZeroMinusTick,aadcabf1-9761-5d94-a9d0-9be32f13e1f2,3.452e+10,800,345.2
1658189506,AGLDUSDT,Sell,800,0.4310,MinusTick,4f5e4d53-4a75-55e6-bf16-472ce45b0f29,3.448e+10,800,344.8
1658189506,AGLDUSDT,Sell,231,0.4310,ZeroMinusTick,b70a0234-c7ba-58aa-8871-ebff0fbbb0b8,9.9561e+09,231,99.56099999999999
1658189506,AGLDUSDT,Sell,800,0.4310,ZeroMinusTick,092998ce-9206-5b65-b4a4-a36bf4b63280,3.448e+10,800,344.8
1658189507,AGLDUSDT,Sell,453.6,0.4310,ZeroMinusTick,b772a1d8-e75b-509f-865a-a38bc8e7f701,1.955016e+10,453.6,195.5016
1658189507,AGLDUSDT,Sell,346.4,0.4310,ZeroMinusTick,05b63ed1-9c24-54f7-a224-7601f0536b45,1.4929839999999998e+10,346.4,149.2984
1658189508,AGLDUSDT,Sell,1161.4,0.4305,MinusTick,657dafda-801f-5049-ad85-d6250ded93a2,4.999827e+10,1161.4,499.9827
1658189509,AGLDUSDT,Sell,800,0.4305,ZeroMinusTick,107a5b68-81c6-5ed5-90ba-35351d3d921a,3.444e+10,800,344.4
1658189510,AGLDUSDT,Buy,300,0.4310,PlusTick,00812f41-eb67-5dd4-83e8-b600281c560e,1.2930000000000002e+10,300,129.3
1658189512,AGLDUSDT,Sell,800,0.4310,ZeroMinusTick,307d68f0-a547-5232-bb37-b1379c642ec8,3.448e+10,800,344.8
1658189516,AGLDUSDT,Buy,300,0.4315,PlusTick,3b76e4fe-c05a-5564-a60c-bfcfb6f35bff,1.2944999999999998e+10,300,129.45
1658189517,AGLDUSDT,Buy,0.1,0.4320,PlusTick,dca9afbd-78d1-5136-8f4d-58e27fe6a8db,4.32e+06,0.1,0.0432
1658189521,AGLDUSDT,Buy,300,0.4310,MinusTick,0a34c84b-908a-5ff3-968a-b175bb0ae728,1.2930000000000002e+10,300,129.3
1658189529,AGLDUSDT,Sell,800,0.4305,MinusTick,fa989380-1052-5f0b-aad1-d4106b22d8ff,3.444e+10,800,344.4
1658189529,AGLDUSDT,Sell,553.6,0.4305,ZeroMinusTick,05e4fe06-0483-5089-b769-6ad1cf86744e,2.383248e+10,553.6,238.3248
1658189529,AGLDUSDT,Sell,246.4,0.4305,ZeroMinusTick,e0f5c5ae-8f67-5d13-8269-f22008f9f6eb,1.060752e+10,246.4,106.0752
1658189532,AGLDUSDT,Sell,800,0.4300,MinusTick,65835520-c39e-59c8-8ce1-079ef26fbd1e,3.44e+10,800,344
1658189533,AGLDUSDT,Sell,1164.1,0.4295,MinusTick,34071a22-2fa4-53ed-a8e1-8d9d59cb5f2e,4.999809499999999e+10,1164.1,499.98094999999995
1658189534,AGLDUSDT,Buy,800,0.4295,ZeroMinusTick,50be37fa-5f80-5084-9ef4-18a471edf001,3.436e+10,800,343.6
1658189541,AGLDUSDT,Buy,233,0.4305,PlusTick,a494dde9-dbcf-5994-acb1-69c7c5115bcd,1.003065e+10,233,100.3065
1658189541,AGLDUSDT,Sell,2493,0.4305,ZeroMinusTick,0ac112e1-65a8-5c92-a8d5-265cc22204d1,1.0732365e+11,2493,1073.2365
1658189541,AGLDUSDT,Sell,800,0.4305,ZeroMinusTick,ddf92add-7f70-5518-a09b-5214907d78e8,3.444e+10,800,344.4
1658189544,AGLDUSDT,Sell,300,0.4315,PlusTick,67c30b96-cb34-529d-af38-cf6ed842ee1b,1.2944999999999998e+10,300,129.45
1658189547,AGLDUSDT,Sell,300,0.4310,MinusTick,aa9c3f78-e29c-5e4e-a857-ed46e34f9e19,1.2930000000000002e+10,300,129.3
1658189547,AGLDUSDT,Sell,800,0.4310,ZeroMinusTick,b50d72b8-6eec-52ee-9c6b-d70f0fa85faf,3.448e+10,800,344.8
1658189549,AGLDUSDT,Sell,800,0.4300,MinusTick,935ed28f-d38b-58b9-8cfc-cc48606c136e,3.44e+10,800,344
1658189549,AGLDUSDT,Buy,300,0.4300,ZeroMinusTick,5be3757d-6f3e-5fe9-9644-30fefce20059,1.29e+10,300,129
1658189550,AGLDUSDT,Buy,300,0.4305,PlusTick,bad17034-882e-50ab-854b-0d783814697e,1.2915e+10,300,129.15
1658189562,AGLDUSDT,Sell,800,0.4320,PlusTick,d0e41061-e7a9-53ed-b288-8f89d36a40da,3.456e+10,800,345.6
1658189573,AGLDUSDT,Sell,800,0.4335,PlusTick,0d1f6d91-e87f-52c6-b7d8-6fde3fb525d3,3.468e+10,800,346.8
1658189576,AGLDUSDT,Sell,800,0.4325,MinusTick,51983f96-07f6-5ea8-808c-421db5bb71a8,3.46e+10,800,346
1658189577,AGLDUSDT,Buy,800,0.4325,ZeroMinusTick,e28c2dba-a8ce-547d-9b18-2de38dc06213,3.46e+10,800,346
1658189577,AGLDUSDT,Sell,800,0.4325,ZeroMinusTick,52863230-f0d6-58ca-86a1-288d26e15129,3.46e+10,800,346
1658189580,AGLDUSDT,Sell,800,0.4330,PlusTick,421f5c44-6170-5fc2-b290-0bb7624a6b5a,3.464e+10,800,346.4
1658189590,AGLDUSDT,Sell,800,0.4315,MinusTick,758fffdc-cc55-59d7-b8fe-a284158642a0,3.452e+10,800,345.2
1658189592,AGLDUSDT,Buy,800,0.4320,PlusTick,e72a3142-035f-5899-b6bc-8fd56a2852ba,3.456e+10,800,345.6
1658189597,AGLDUSDT,Sell,1160,0.4310,MinusTick,e5038c52-77ac-5969-a75d-70290a126871,4.9996e+10,1160,499.96
1658189597,AGLDUSDT,Sell,879.6,0.4305,MinusTick,c095e763-5b16-569a-ad40-40a570883f51,3.786678e+10,879.6,378.6678
1658189607,AGLDUSDT,Sell,800,0.4315,PlusTick,758472ce-5d14-5b87-adbd-d740bd3e9dda,3.452e+10,800,345.2
1658189607,AGLDUSDT,Sell,232,0.4315,ZeroMinusTick,92516673-eecd-50b9-b97d-c719eac938ae,1.00108e+10,232,100.108
1658189612,AGLDUSDT,Sell,800,0.4315,ZeroMinusTick,fddfda94-7e02-557f-bf4e-079865f20bb1,3.452e+10,800,345.2
1658189632,AGLDUSDT,Buy,40,0.4320,PlusTick,d7dc2c32-49d5-5893-846b-a0183b972453,1.728e+09,40,17.28
1658189650,AGLDUSDT,Sell,800,0.4310,MinusTick,b596e785-06ab-5e0a-87a0-0275842601a6,3.448e+10,800,344.8
1658189651,AGLDUSDT,Sell,800,0.4305,MinusTick,16d14d38-0567-5f1d-8e04-1665760cef8a,3.444e+10,800,344.4
1658189651,AGLDUSDT,Sell,800,0.4305,ZeroMinusTick,91b28a2a-cb35-586b-89e3-73920f3df318,3.444e+10,800,344.4
1658189651,AGLDUSDT,Buy,800,0.4310,PlusTick,7bde47b7-5cb1-5d9f-b886-faca92b685bc,3.448e+10,800,344.8
1658189666,AGLDUSDT,Buy,2318.2,0.4315,PlusTick,c12fb951-8db6-5c50-8705-c232855bc097,1.0003032999999998e+11,2318.2,1000.3032999999999
1658189666,AGLDUSDT,Sell,3175.5,0.4315,ZeroMinusTick,cfbb6c67-a409-5c07-906f-612d367420aa,1.3702282499999998e+11,3175.5,1370.22825
1658189667,AGLDUSDT,Buy,0.9,0.4315,ZeroMinusTick,05316e65-f736-532f-b5ed-fb40c334c973,3.8835e+07,0.9,0.38835000000000003
1658189677,AGLDUSDT,Sell,800,0.4310,MinusTick,a976fbee-1db1-556a-b858-d818309d01fd,3.448e+10,800,344.8
1658189715,AGLDUSDT,Buy,518.1,0.4315,PlusTick,15e95f8c-eb6e-53a8-a707-68971f1b67c9,2.2356015e+10,518.1,223.56015
1658189715,AGLDUSDT,Buy,281.9,0.4315,ZeroMinusTick,ac83446b-c7af-54ef-bde4-540915ec549c,1.2163985e+10,281.9,121.63985
1658189715,AGLDUSDT,Buy,236.2,0.4315,ZeroMinusTick,d4cb2a38-604e-506a-b127-8b88fbf69353,1.019203e+10,236.2,101.9203
1658189718,AGLDUSDT,Sell,43,0.4315,ZeroMinusTick,94e10726-edd5-53f8-8738-877b3fcedea0,1.85545e+09,43,18.5545
1658189719,AGLDUSDT,Sell,300,0.4315,ZeroMinusTick,c4229b1f-9bad-5473-8e70-b1ce7215d267,1.2944999999999998e+10,300,129.45
1658189723,AGLDUSDT,Buy,83.5,0.4320,PlusTick,77ffcd5d-0d90-5c71-8c2a-28578f80774f,3.6072000000000005e+09,83.5,36.072
1658189724,AGLDUSDT,Sell,300,0.4310,MinusTick,e283fb1d-8898-5dd2-b5c2-a66c27c8f24e,1.2930000000000002e+10,300,129.3
1658189724,AGLDUSDT,Sell,764.3,0.4305,MinusTick,a3cd06fc-90e4-557e-8600-369f710a8f36,3.2903114999999996e+10,764.3,329.03114999999997
1658189731,AGLDUSDT,Buy,348.6,0.4315,PlusTick,8d6cc3bc-cebf-5517-9d00-564b8772723c,1.5042090000000002e+10,348.6,150.42090000000002
1658189731,AGLDUSDT,Buy,221,0.4315,ZeroMinusTick,7400028c-c1fd-5a28-ae75-e7285d2ffa10,9.53615e+09,221,95.36149999999999
1658189731,AGLDUSDT,Buy,133.3,0.4315,ZeroMinusTick,5f218b73-2572-5134-a1c4-194c600bbc77,5.751895e+09,133.3,57.518950000000004
1658189754,AGLDUSDT,Sell,10,0.4315,ZeroMinusTick,42492d7f-a171-52be-86f8-2b255dfcb3e3,4.3149999999999994e+08,10,4.3149999999999995
1658189758,AGLDUSDT,Sell,790,0.4315,ZeroMinusTick,1c1316a1-4b37-5ac0-9e6a-ad367b18039c,3.40885e+10,790,340.885
1658189758,AGLDUSDT,Sell,300,0.4310,MinusTick,e2e49231-8da4-5afc-a4fa-b6eb5ad81f79,1.2930000000000002e+10,300,129.3
1658189758,AGLDUSDT,Sell,300,0.4310,ZeroMinusTick,faf79750-3369-5e5b-bee1-678a6d7a6820,1.2930000000000002e+10,300,129.3
1658189758,AGLDUSDT,Sell,500,0.4310,ZeroMinusTick,a6f9b926-1a85-56ce-8163-a420af289339,2.155e+10,500,215.5
1658189765,AGLDUSDT,Sell,800,0.4310,ZeroMinusTick,34bec4f1-ad5b-5941-b089-e315f885753f,3.448e+10,800,344.8
1658189770,AGLDUSDT,Sell,800,0.4310,ZeroMinusTick,1355bb7a-5d06-5ee4-affa-38fa591d0be4,3.448e+10,800,344.8
1658189775,AGLDUSDT,Sell,800,0.4310,ZeroMinusTick,68ab4954-7ad8-5d1e-b37a-e349726ea033,3.448e+10,800,344.8
1658189778,AGLDUSDT,Sell,800,0.4305,MinusTick,922ae2a7-3cc0-5dd7-b7f4-07d59957c590,3.444e+10,800,344.4
1658189778,AGLDUSDT,Sell,1161.4,0.4305,ZeroMinusTick,248fa9a3-b0e3-58d5-912d-3040c981648c,4.999827e+10,1161.4,499.9827
1658189779,AGLDUSDT,Sell,83.5,0.4300,MinusTick,8c8823a3-b6f5-51da-8b6b-c2cf99489bff,3.5905e+09,83.5,35.905
1658189779,AGLDUSDT,Buy,300,0.4300,ZeroMinusTick,14ed11da-f866-5881-88da-39a628fcfc08,1.29e+10,300,129
1658189780,AGLDUSDT,Buy,300,0.4300,ZeroMinusTick,32888750-d8f7-5302-a11d-5ea2dbc2ad2a,1.29e+10,300,129
1658189780,AGLDUSDT,Buy,141.5,0.4300,ZeroMinusTick,36ecf74e-3ac6-51c9-9165-23decf7c929b,6.0845e+09,141.5,60.845
1658189785,AGLDUSDT,Buy,300,0.4305,PlusTick,e8c2eecb-595f-5199-b89e-d03377b6368e,1.2915e+10,300,129.15
1658189807,AGLDUSDT,Sell,1.8,0.4285,MinusTick,9c245c28-df93-5756-b4cf-03870db5ac45,7.713e+07,1.8,0.7713
1658189810,AGLDUSDT,Sell,20,0.4285,ZeroMinusTick,7e40a2a2-b8d5-56cc-89ef-3eee4434bc4a,8.57e+08,20,8.57
1658189811,AGLDUSDT,Sell,300,0.4280,MinusTick,23d0e4c4-2302-5df9-8394-95112471a719,1.284e+10,300,128.4
1658189811,AGLDUSDT,Sell,300,0.4280,ZeroMinusTick,ad3bb4e8-ef49-5a3a-94d3-5c92cbee2856,1.284e+10,300,128.4
1658189813,AGLDUSDT,Sell,300,0.4275,MinusTick,7d74f7b0-5e9d-57c4-93b0-fc8d9aefa5e7,1.2825e+10,300,128.25
1658189813,AGLDUSDT,Sell,19,0.4275,ZeroMinusTick,88e7113d-2380-5305-9326-f691cdcb3d25,8.1225e+08,19,8.1225
1658189813,AGLDUSDT,Sell,233,0.4275,ZeroMinusTick,93580271-e6b2-51b5-9949-ca7fd1f19e09,9.96075e+09,233,99.6075
1658189815,AGLDUSDT,Sell,0.1,0.4270,MinusTick,545ded56-68a4-5d53-aa9b-4b25605d53d0,4.27e+06,0.1,0.0427
1658189815,AGLDUSDT,Sell,83.4,0.4270,ZeroMinusTick,da9037a9-e06a-5dad-8ad7-ea11dbb07251,3.56118e+09,83.4,35.6118
1658189816,AGLDUSDT,Sell,20,0.4260,MinusTick,cb8b0f3e-fbfe-560d-abed-2ad90d61e109,8.52e+08,20,8.52
1658189816,AGLDUSDT,Buy,300,0.4270,PlusTick,ff17089d-933a-568c-bd2d-87ebc56f96e3,1.281e+10,300,128.1
1658189816,AGLDUSDT,Buy,300,0.4275,PlusTick,e8750748-7b59-5e18-8bc8-41211dd09283,1.2825e+10,300,128.25
1658189816,AGLDUSDT,Buy,128.4,0.4275,ZeroMinusTick,2ac0d1b7-9383-5127-8fa8-fd1be87bffd7,5.4891e+09,128.4,54.891
1658189817,AGLDUSDT,Sell,800,0.4275,ZeroMinusTick,3ad13866-c11e-5f6d-a0a4-b46eb2153a9a,3.42e+10,800,342
1658189818,AGLDUSDT,Sell,300,0.4270,MinusTick,8c892568-fafa-5588-b87e-dfd7675fc79b,1.281e+10,300,128.1
1658189818,AGLDUSDT,Sell,300,0.4270,ZeroMinusTick,e8532b24-c946-5e86-9cc1-d55ec630b460,1.281e+10,300,128.1
1658189819,AGLDUSDT,Buy,300,0.4275,PlusTick,5c6cf354-0ea1-5195-909c-e369a8b28f14,1.2825e+10,300,128.25
1658189820,AGLDUSDT,Buy,1058.8,0.4280,PlusTick,0d41bd6f-5741-50df-bebb-dd6960007b4b,4.531663999999999e+10,1058.8,453.16639999999995
1658189820,AGLDUSDT,Buy,850,0.4280,ZeroMinusTick,5967c324-ef31-575f-9b2e-76c296caedf8,3.638e+10,850,363.8
1658189832,AGLDUSDT,Buy,1166.8,0.4285,PlusTick,9aef26e2-13a4-52b4-9151-fe5fcb4e252c,4.999738e+10,1166.8,499.9738
1658189832,AGLDUSDT,Sell,300,0.4280,MinusTick,36754358-58b8-5619-939a-e0852b5b55b1,1.284e+10,300,128.4
1658189832,AGLDUSDT,Sell,800,0.4280,ZeroMinusTick,f79f1ffd-1960-5ce1-918e-b8905b794df9,3.4239999999999996e+10,800,342.4
1658189833,AGLDUSDT,Sell,300,0.4285,PlusTick,9b9fc230-b252-529d-90c6-cf11731ccbb3,1.2855000000000002e+10,300,128.55
1658189833,AGLDUSDT,Buy,300,0.4285,ZeroMinusTick,9638f46a-6471-5fc6-bb79-fc055621dca5,1.2855000000000002e+10,300,128.55
1658189833,AGLDUSDT,Buy,300,0.4290,PlusTick,b2561fe0-c667-53c5-a95d-72c2fcc9bf52,1.2869999999999998e+10,300,128.7
1658189833,AGLDUSDT,Buy,1151.7,0.4290,ZeroMinusTick,f0793ac3-2ab7-5e80-b0d8-5f34f90d3cf6,4.940793e+10,1151.7,494.0793
1658189833,AGLDUSDT,Buy,13.8,0.4290,ZeroMinusTick,d407a4ca-ce63-5fc8-b8d5-e67a8ccee72a,5.9202e+08,13.8,5.9202
1658189847,AGLDUSDT,Sell,300,0.4295,PlusTick,3b1c4741-cd41-5cea-ab6d-a52833613920,1.2885e+10,300,128.85
1658189853,AGLDUSDT,Buy,1164.1,0.4295,ZeroMinusTick,227e53d3-b6c5-5558-aa15-1814cee4b5dd,4.999809499999999e+10,1164.1,499.98094999999995
1658189853,AGLDUSDT,Buy,122.8,0.4295,ZeroMinusTick,3febba25-8437-5613-be36-60acc710e012,5.27426e+09,122.8,52.742599999999996
1658189861,AGLDUSDT,Buy,286.2,0.4300,PlusTick,87792e0b-cf43-5d06-ac35-e02117a5cbba,1.2306599999999998e+10,286.2,123.06599999999999
1658189861,AGLDUSDT,Buy,13.8,0.4300,ZeroMinusTick,24a74797-9ae6-5e15-bcad-8b0449df04b6,5.934e+08,13.8,5.934
1658189861,AGLDUSDT,Buy,272.4,0.4300,ZeroMinusTick,5b977983-96c7-5e39-a3cb-c2ec6b603127,1.17132e+10,272.4,117.13199999999999
1658189861,AGLDUSDT,Buy,286.2,0.4300,ZeroMinusTick,a57cd96f-8c70-5899-a605-d8f35d295176,1.2306599999999998e+10,286.2,123.06599999999999
1658189861,AGLDUSDT,Buy,604.1,0.4300,ZeroMinusTick,edd3e3a2-5342-57f4-9c96-7a6ea6766ced,2.5976300000000004e+10,604.1,259.76300000000003
1658189877,AGLDUSDT,Sell,300,0.4295,MinusTick,77d43e8e-8982-5da7-9241-0843339123e2,1.2885e+10,300,128.85
1658189881,AGLDUSDT,Sell,300,0.4290,MinusTick,73ebb97a-c0ca-5d82-be6e-4e2d51a17e7e,1.2869999999999998e+10,300,128.7
1658189885,AGLDUSDT,Sell,300,0.4285,MinusTick,4ae92f2b-40fe-595a-a3a1-4fb1f0e1102a,1.2855000000000002e+10,300,128.55
1658189891,AGLDUSDT,Sell,300,0.4285,ZeroMinusTick,d4ad13dc-8c75-5e2f-be31-af7616c7e5a2,1.2855000000000002e+10,300,128.55
1658189891,AGLDUSDT,Sell,800,0.4285,ZeroMinusTick,25b130a5-1313-57f2-962e-70fa44df9f12,3.428e+10,800,342.8
1658189891,AGLDUSDT,Buy,1368.5,0.4285,ZeroMinusTick,3f9fd1cc-7375-5d84-b233-6f915ace706c,5.8640225e+10,1368.5,586.40225
1658189891,AGLDUSDT,Buy,1076.2,0.4285,ZeroMinusTick,3f6da41c-e5fe-5dc9-aba7-1dbfee9284c5,4.611517e+10,1076.2,461.1517
1658189903,AGLDUSDT,Sell,300,0.4290,PlusTick,580add6c-2b39-540e-b253-2494aa5ae6f7,1.2869999999999998e+10,300,128.7
1658189905,AGLDUSDT,Buy,300,0.4285,MinusTick,8bac6fca-e18f-52c6-b99f-f19160191084,1.2855000000000002e+10,300,128.55
1658189907,AGLDUSDT,Sell,1.4,0.4280,MinusTick,be5b3980-d8cd-5111-ba66-14a5fe6aa09d,5.991999999999999e+07,1.4,0.5992
1658189914,AGLDUSDT,Buy,300,0.4280,ZeroMinusTick,086c50c0-c255-5ac0-987a-5b124f1b08a2,1.284e+10,300,128.4
1658189914,AGLDUSDT,Buy,349.9,0.4280,ZeroMinusTick,fed917ce-4910-5838-9a20-905a68c5b13b,1.4975719999999998e+10,349.9,149.75719999999998
1658189914,AGLDUSDT,Buy,177.2,0.4280,ZeroMinusTick,00349985-b866-5598-b49e-90105c794846,7.58416e+09,177.2,75.8416
1658189918,AGLDUSDT,Buy,300,0.4280,ZeroMinusTick,a08e8d5e-3e3d-5336-8344-40056bf78c54,1.284e+10,300,128.4
1658189943,AGLDUSDT,Buy,300,0.4285,PlusTick,99b11949-e8ea-5ff1-821b-308dd34605a4,1.2855000000000002e+10,300,128.55
1658189964,AGLDUSDT,Sell,800,0.4280,MinusTick,beb44351-6000-5a88-aa8d-6480c4b40a2c,3.4239999999999996e+10,800,342.4
1658189964,AGLDUSDT,Sell,300,0.4280,ZeroMinusTick,c31e2b9b-01f3-5950-8c44-0f626cf17584,1.284e+10,300,128.4
1658189966,AGLDUSDT,Sell,800,0.4280,ZeroMinusTick,e6ee97a8-7677-5933-a55f-ccd34a69da3c,3.4239999999999996e+10,800,342.4
1658189983,AGLDUSDT,Buy,300,0.4275,MinusTick,5b3108d4-042c-52dd-9a8e-8c8c47c9f894,1.2825e+10,300,128.25
1658189986,AGLDUSDT,Buy,300,0.4270,MinusTick,8e8f118a-50b6-5597-905e-c6c8ef5c03a0,1.281e+10,300,128.1
1658189991,AGLDUSDT,Buy,300,0.4280,PlusTick,47e0a11c-9298-52ea-89ad-3974b7fd6bc9,1.284e+10,300,128.4
1658189991,AGLDUSDT,Sell,2427,0.4280,ZeroMinusTick,b65938ed-ad43-5584-8cc0-79adbf655819,1.0387560000000002e+11,2427,1038.756
1658190015,AGLDUSDT,Sell,300,0.4280,ZeroMinusTick,bb44c05d-bc99-59a9-87e1-f915d290ba6b,1.284e+10,300,128.4
1658190027,AGLDUSDT,Sell,300,0.4275,MinusTick,6174e587-a51d-592b-8d69-ca4602be448f,1.2825e+10,300,128.25
1658190027,AGLDUSDT,Sell,800,0.4275,ZeroMinusTick,814c3e8f-5a79-537c-95a1-1940666cadc3,3.42e+10,800,342
1658190042,AGLDUSDT,Sell,800,0.4270,MinusTick,0988fa9a-19eb-5b89-8097-5a5d6731484b,3.4159999999999996e+10,800,341.59999999999997
1658190051,AGLDUSDT,Sell,800,0.4270,ZeroMinusTick,9a04784b-7698-5831-b8c5-093be9fbd10c,3.4159999999999996e+10,800,341.59999999999997
1658190051,AGLDUSDT,Sell,300,0.4270,ZeroMinusTick,5462a93b-5cae-5f49-8670-9d74bd9c8b5e,1.281e+10,300,128.1
1658190065,AGLDUSDT,Sell,300,0.4275,PlusTick,975a54cb-9569-5881-b3ed-760600084f57,1.2825e+10,300,128.25
1658190073,AGLDUSDT,Buy,300,0.4280,PlusTick,72d84edf-ea6e-5dc5-9d77-a61b1aa8d203,1.284e+10,300,128.4
1658190087,AGLDUSDT,Sell,1.7,0.4275,MinusTick,eedd5851-18b9-5228-a5e6-057f1dd2455d,7.2675e+07,1.7,0.72675
1658190105,AGLDUSDT,Sell,300,0.4280,PlusTick,91cda95f-fd54-5b67-b023-d5f5f9a947f1,1.284e+10,300,128.4
1658190117,AGLDUSDT,Sell,300,0.4280,ZeroMinusTick,72830ff1-4346-5b5f-bfbe-51ba34b3a16f,1.284e+10,300,128.4
1658190117,AGLDUSDT,Sell,293.6,0.4280,ZeroMinusTick,0f371de0-55b8-5fc1-95f2-7aaa0e14a841,1.256608e+10,293.6,125.66080000000001
1658190117,AGLDUSDT,Sell,506.4,0.4280,ZeroMinusTick,0beca9c7-f87c-5667-ac81-4806e54f2795,2.167392e+10,506.4,216.73919999999998
1658190127,AGLDUSDT,Buy,300,0.4280,ZeroMinusTick,3f813707-e2d8-5864-9a30-00570c4c9d7b,1.284e+10,300,128.4
1658190129,AGLDUSDT,Buy,300,0.4285,PlusTick,8802f71a-8e15-5d48-8951-ce3945ac914a,1.2855000000000002e+10,300,128.55
1658190163,AGLDUSDT,Buy,300,0.4285,ZeroMinusTick,1a8981e9-534a-5ca1-8b49-f1fd1898168a,1.2855000000000002e+10,300,128.55
1658190167,AGLDUSDT,Buy,2,0.4285,ZeroMinusTick,37e85316-4887-5f5b-ac7d-cb680a071f74,8.57e+07,2,0.857
1658190182,AGLDUSDT,Sell,393.6,0.4280,MinusTick,1674d8b9-c335-508e-a3ec-6c20caebaefa,1.684608e+10,393.6,168.4608
1658190182,AGLDUSDT,Sell,393.6,0.4280,ZeroMinusTick,d5b5fdf1-b691-5a1a-bd2f-2813c15c8e20,1.684608e+10,393.6,168.4608
1658190182,AGLDUSDT,Sell,381,0.4280,ZeroMinusTick,512e2cda-da74-551d-8d46-8ac31de94a5f,1.6306799999999998e+10,381,163.06799999999998
1658190182,AGLDUSDT,Sell,12.6,0.4280,ZeroMinusTick,457972c3-5ba6-5b0f-abd2-063b09aa898c,5.392799999999999e+08,12.6,5.392799999999999
1658190189,AGLDUSDT,Buy,300,0.4285,PlusTick,ae72ce78-1495-5968-b8ef-900895e2ef73,1.2855000000000002e+10,300,128.55
1658190217,AGLDUSDT,Buy,800,0.4285,ZeroMinusTick,f8a39c7b-d2aa-571e-a0b9-f94fe8400796,3.428e+10,800,342.8
1658190227,AGLDUSDT,Buy,10,0.4295,PlusTick,3c995750-464d-5190-a24d-5e9aecb29e0d,4.295e+08,10,4.295
1658190229,AGLDUSDT,Sell,300,0.4285,MinusTick,719e9767-37f8-5256-a585-582a2b940bf7,1.2855000000000002e+10,300,128.55
1658190229,AGLDUSDT,Sell,1100,0.4280,MinusTick,93e6da27-a46e-5db6-9ba4-82af55d8888c,4.708e+10,1100,470.8
1658190271,AGLDUSDT,Buy,800,0.4290,PlusTick,f54635f7-c916-5296-85d5-adff8baeba53,3.432e+10,800,343.2
1658190338,AGLDUSDT,Sell,299.9,0.4295,PlusTick,c65de222-22c9-5e73-a759-3858a0719328,1.2880704999999998e+10,299.9,128.80704999999998
1658190342,AGLDUSDT,Sell,300,0.4295,ZeroMinusTick,433f72b9-41da-5414-978a-2bf5e906a685,1.2885e+10,300,128.85
1658190347,AGLDUSDT,Buy,0.7,0.4290,MinusTick,e97e50ad-eb8f-52a6-8baf-c311926aec07,3.0029999999999996e+07,0.7,0.30029999999999996
1658190437,AGLDUSDT,Buy,299.9,0.4285,MinusTick,521637e8-cc48-57b2-a2fc-fe07354b7ace,1.2850715e+10,299.9,128.50715
1658190437,AGLDUSDT,Buy,0.1,0.4285,ZeroMinusTick,b496eb50-8f85-5e35-b67f-b3dbaf29a9c1,4.285e+06,0.1,0.04285
1658190437,AGLDUSDT,Buy,300,0.4285,ZeroMinusTick,bf885af9-6cbf-56d8-9e42-ebf4f3bb382e,1.2855000000000002e+10,300,128.55
1658190442,AGLDUSDT,Sell,312.8,0.4280,MinusTick,0cf461cb-06e3-55c8-aea9-4089bb448bb9,1.338784e+10,312.8,133.8784
1658190442,AGLDUSDT,Sell,312.8,0.4280,ZeroMinusTick,51863e16-3ada-52e9-886b-0b2d26ddef24,1.338784e+10,312.8,133.8784
1658190442,AGLDUSDT,Sell,312.8,0.4280,ZeroMinusTick,dd81fce4-08de-51ac-8da7-e857001b787b,1.338784e+10,312.8,133.8784
1658190475,AGLDUSDT,Buy,300,0.4270,MinusTick,af75dc4c-86ad-5b12-8dc3-8c8b663946a5,1.281e+10,300,128.1
1658190477,AGLDUSDT,Buy,10,0.4275,PlusTick,41be1928-89c5-50a0-a610-0d1cd212a0be,4.2750000000000006e+08,10,4.275
1658190484,AGLDUSDT,Buy,300,0.4275,ZeroMinusTick,9149f794-e697-5050-99ef-90eb6ee37489,1.2825e+10,300,128.25
1658190491,AGLDUSDT,Buy,800,0.4275,ZeroMinusTick,ec7e25c1-4a87-5fa2-b63a-43cdf966e501,3.42e+10,800,342
1658190526,AGLDUSDT,Sell,300,0.4275,ZeroMinusTick,5c9c44a2-2dd5-55e0-9f63-bc16cf7f0543,1.2825e+10,300,128.25
1658190578,AGLDUSDT,Buy,800,0.4285,PlusTick,1e03a5e7-a82d-5951-831f-f122930e28cf,3.428e+10,800,342.8
1658190579,AGLDUSDT,Buy,800,0.4285,ZeroMinusTick,b99d1c0f-b4d1-5b8c-beb2-43395ddbc4db,3.428e+10,800,342.8
1658190606,AGLDUSDT,Sell,300,0.4280,MinusTick,5173657d-290f-520c-9730-e3d69c9380e0,1.284e+10,300,128.4
1658190623,AGLDUSDT,Buy,1165.5,0.4290,PlusTick,38121b19-12c7-5853-95a6-a3b1c8b013fd,4.999995e+10,1165.5,499.9995
1658190623,AGLDUSDT,Buy,300,0.4290,ZeroMinusTick,f95224f3-fba2-591a-83ad-5345ec03f897,1.2869999999999998e+10,300,128.7
1658190623,AGLDUSDT,Buy,800,0.4290,ZeroMinusTick,9330988e-05fd-5fd4-a18c-3016cfc243af,3.432e+10,800,343.2
1658190623,AGLDUSDT,Buy,224,0.4290,ZeroMinusTick,b81de86b-f7d5-5472-ab6e-eb36c7522a36,9.6096e+09,224,96.096
1658190623,AGLDUSDT,Buy,213.5,0.4290,ZeroMinusTick,9de7d130-1452-55c3-87cb-be10504265cd,9.15915e+09,213.5,91.5915
1658190623,AGLDUSDT,Sell,0.1,0.4290,ZeroMinusTick,a38e5f1f-54d9-5293-b131-7caabbbb539f,4.29e+06,0.1,0.0429
1658190624,AGLDUSDT,Sell,300,0.4290,ZeroMinusTick,51a2a41d-8ea2-5f4f-ac7d-c1af91e5fd02,1.2869999999999998e+10,300,128.7
1658190624,AGLDUSDT,Sell,300,0.4290,ZeroMinusTick,f1c7d690-c9ba-54e3-afac-bd4a8ca592c9,1.2869999999999998e+10,300,128.7
1658190625,AGLDUSDT,Sell,300,0.4295,PlusTick,ff0bcf8e-f5f7-5644-a0da-ddd86fb32f96,1.2885e+10,300,128.85
1658190651,AGLDUSDT,Sell,300,0.4295,ZeroMinusTick,148f52d3-e2f3-5a1e-a170-bbc3d191200f,1.2885e+10,300,128.85
1658190655,AGLDUSDT,Sell,300,0.4290,MinusTick,42853f70-9a9c-5cdb-bfe9-8be8e6ae8253,1.2869999999999998e+10,300,128.7
1658190670,AGLDUSDT,Buy,800,0.4295,PlusTick,c6fd146c-fca7-5f29-b3ab-a00ae20694c2,3.436e+10,800,343.6
1658190679,AGLDUSDT,Buy,484.4,0.4305,PlusTick,34c541e5-74b3-50de-85e0-d1b07f906efe,2.085342e+10,484.4,208.5342
1658190679,AGLDUSDT,Buy,1161.4,0.4305,ZeroMinusTick,6d7f179c-a1fd-5816-abde-a5e398589f9a,4.999827e+10,1161.4,499.9827
1658190679,AGLDUSDT,Buy,788.5,0.4305,ZeroMinusTick,fb884649-25a6-5697-96ba-7c8b61f54d3d,3.3944925e+10,788.5,339.44925
1658190679,AGLDUSDT,Buy,11.5,0.4305,ZeroMinusTick,c061d847-009b-5487-9ca7-bafc3ed75a70,4.95075e+08,11.5,4.95075
1658190690,AGLDUSDT,Buy,0.1,0.4300,MinusTick,f2988353-4621-5e0b-827f-b2993c9c0a3c,4.3e+06,0.1,0.043000000000000003
1658190697,AGLDUSDT,Buy,1.9,0.4310,PlusTick,860ec721-0581-5b57-99fe-308f6b6c8d5b,8.189e+07,1.9,0.8189
1658190745,AGLDUSDT,Sell,300,0.4295,MinusTick,d48561e3-80b6-55cc-b531-14f4b3195997,1.2885e+10,300,128.85
1658190745,AGLDUSDT,Sell,1164.1,0.4295,ZeroMinusTick,7561896c-38ac-572d-af17-e699b6669fa9,4.999809499999999e+10,1164.1,499.98094999999995
1658190745,AGLDUSDT,Buy,2686.5,0.4295,ZeroMinusTick,26cbafb0-5b52-5e9d-9488-fe0e83c42562,1.15385175e+11,2686.5,1153.85175
1658190745,AGLDUSDT,Buy,2679.6,0.4295,ZeroMinusTick,d47a56f3-693f-55fc-b7c1-231a66594864,1.1508881999999998e+11,2679.6,1150.8881999999999
1658190751,AGLDUSDT,Buy,300,0.4290,MinusTick,c2f03fd1-ea53-5201-af6a-27c0241430f0,1.2869999999999998e+10,300,128.7
1658190772,AGLDUSDT,Sell,1166.8,0.4285,MinusTick,afd9107e-c921-56e7-8a1e-ddd7b0994aa4,4.999738e+10,1166.8,499.9738
1658190777,AGLDUSDT,Buy,0.4,0.4285,ZeroMinusTick,40f322aa-f0c9-5fa3-95fd-d8c1cc538f70,1.714e+07,0.4,0.1714
1658190828,AGLDUSDT,Sell,67.1,0.4275,MinusTick,c0f9e4e7-2626-5fd2-8352-30c216b95ccd,2.8685249999999995e+09,67.1,28.685249999999996
1658190865,AGLDUSDT,Sell,2227.6,0.4275,ZeroMinusTick,37413944-d6f5-5625-a0c8-771522a5d55c,9.52299e+10,2227.6,952.299
1658190902,AGLDUSDT,Sell,1133.6,0.4255,MinusTick,9e8adec2-6864-5559-90fe-fa2a8c166bd5,4.823468e+10,1133.6,482.3468
1658190902,AGLDUSDT,Sell,41.4,0.4255,ZeroMinusTick,762cc206-0af6-513f-a2b3-b4a3582ad8a0,1.76157e+09,41.4,17.6157
1658190902,AGLDUSDT,Sell,83.5,0.4250,MinusTick,9a270b41-fbbf-535f-aa01-01c9339624bb,3.5487499999999995e+09,83.5,35.4875
1658190902,AGLDUSDT,Sell,125.6,0.4250,ZeroMinusTick,b1cfa415-2c60-50c1-bb33-d88e1614971b,5.338e+09,125.6,53.379999999999995
1658190903,AGLDUSDT,Sell,20,0.4255,PlusTick,1397112f-caab-5e48-b594-84e0cb82b4ea,8.51e+08,20,8.51
1658190904,AGLDUSDT,Sell,83.5,0.4255,ZeroMinusTick,b0aae96f-9b1e-5974-b8dd-df84f54ef01e,3.5529249999999995e+09,83.5,35.52925
1658190907,AGLDUSDT,Sell,1175,0.4255,ZeroMinusTick,4053e491-54de-56e1-aef9-75af8a94c9fb,4.999625e+10,1175,499.9625
1658190916,AGLDUSDT,Buy,300,0.4255,ZeroMinusTick,2001d3d5-af54-5e87-8b44-0f68192b1215,1.2765e+10,300,127.64999999999999
1658190916,AGLDUSDT,Buy,300,0.4255,ZeroMinusTick,e747d6d2-9df3-5bf2-b635-b517219ec453,1.2765e+10,300,127.64999999999999
1658190916,AGLDUSDT,Buy,300,0.4255,ZeroMinusTick,e32841fb-da71-53dd-a4df-431efdd47319,1.2765e+10,300,127.64999999999999
1658190917,AGLDUSDT,Sell,0.1,0.4250,MinusTick,54f4c745-90ea-5da6-bcc7-699bcf757d31,4.25e+06,0.1,0.0425
1658190920,AGLDUSDT,Sell,300,0.4260,PlusTick,63b29f99-5419-5301-8e5d-5afeda7eff47,1.278e+10,300,127.8
1658190956,AGLDUSDT,Buy,1175,0.4255,MinusTick,b8366165-1b20-5ec5-8619-06e232391dc1,4.999625e+10,1175,499.9625
1658190959,AGLDUSDT,Buy,300,0.4260,PlusTick,0bfa6bc6-8fd7-5b86-9609-f213ea2600c1,1.278e+10,300,127.8
1658190959,AGLDUSDT,Sell,2577.5,0.4260,ZeroMinusTick,690155a3-e58f-5963-93c6-10ef12fed0be,1.0980149999999998e+11,2577.5,1098.0149999999999
1658190959,AGLDUSDT,Sell,300,0.4260,ZeroMinusTick,5715eac8-651f-5dd8-a997-2ead3535a52c,1.278e+10,300,127.8
1658190973,AGLDUSDT,Buy,300,0.4265,PlusTick,648295c3-4272-5814-8b77-7d38e03eb824,1.2795e+10,300,127.95
1658190985,AGLDUSDT,Sell,300,0.4265,ZeroMinusTick,b30c7020-4d9a-560f-8805-d75b9a21495d,1.2795e+10,300,127.95
1658190985,AGLDUSDT,Sell,800,0.4260,MinusTick,3286455e-bdb7-54cf-aad3-56070fa60c39,3.408e+10,800,340.8
1658190985,AGLDUSDT,Buy,3316.7,0.4260,ZeroMinusTick,2e344f9a-783b-5de3-9aa0-a1b4f4bac753,1.4129142e+11,3316.7,1412.9142
1658190988,AGLDUSDT,Buy,300,0.4260,ZeroMinusTick,14d47f17-37e1-5828-ac47-e13d1bdd4430,1.278e+10,300,127.8
1658190988,AGLDUSDT,Buy,800,0.4260,ZeroMinusTick,0fc98a40-3f04-502a-9e91-c6d5e55c200a,3.408e+10,800,340.8
1658190994,AGLDUSDT,Sell,800,0.4255,MinusTick,22825be3-30f5-538d-a691-21bbe5afb32b,3.4039999999999996e+10,800,340.4
1658190997,AGLDUSDT,Sell,628.9,0.4250,MinusTick,dab30384-1c6c-5cbc-87e7-9e47d36552c0,2.6728249999999996e+10,628.9,267.28249999999997
1658190997,AGLDUSDT,Sell,171.1,0.4250,ZeroMinusTick,246248fb-83df-54fd-9fa2-3e6e084452df,7.27175e+09,171.1,72.7175
1658191002,AGLDUSDT,Buy,300,0.4255,PlusTick,50b2d51e-6482-5ca8-958f-3d595bc08945,1.2765e+10,300,127.64999999999999
1658191002,AGLDUSDT,Sell,2569,0.4260,PlusTick,7ed44c5a-fef7-5263-bcf1-6b5a0096b592,1.094394e+11,2569,1094.394
1658191002,AGLDUSDT,Sell,300,0.4260,ZeroMinusTick,31bb18cf-e182-5c95-bda0-33c9d225da1f,1.278e+10,300,127.8
1658191002,AGLDUSDT,Sell,235,0.4260,ZeroMinusTick,b1d885ee-8956-5585-9e35-2ed43463c931,1.0011e+10,235,100.11
1658191002,AGLDUSDT,Sell,300,0.4260,ZeroMinusTick,1fdd8190-45e6-519e-807f-c0cda3078baf,1.278e+10,300,127.8
1658191016,AGLDUSDT,Sell,235,0.4255,MinusTick,dc906c3c-2087-5ac9-a0c2-74dd5f0add8c,9.99925e+09,235,99.99249999999999
1658191038,AGLDUSDT,Sell,300,0.4250,MinusTick,0ab8378d-ed53-5714-96fd-45ddc0df538d,1.275e+10,300,127.5
1658191038,AGLDUSDT,Sell,800,0.4250,ZeroMinusTick,d647cd44-16db-5f1f-b650-2bc2d860a9a5,3.4e+10,800,340
1658191038,AGLDUSDT,Sell,235,0.4250,ZeroMinusTick,71d788cc-a679-5c31-b6bc-61cd4d418b0c,9.9875e+09,235,99.875
1658191038,AGLDUSDT,Sell,300,0.4245,MinusTick,484d974d-b0c0-56f9-b83e-9a89c475fd02,1.2735e+10,300,127.35
1658191042,AGLDUSDT,Buy,300,0.4240,MinusTick,481a8dee-1d31-5044-b0cf-4d46c546ed22,1.272e+10,300,127.2
1658191043,AGLDUSDT,Buy,300,0.4240,ZeroMinusTick,e0ede8de-5189-554d-9278-9acf0af6b323,1.272e+10,300,127.2
1658191044,AGLDUSDT,Buy,800,0.4245,PlusTick,208155b9-be6c-54bd-aef2-72ab888bd109,3.3959999999999996e+10,800,339.59999999999997
1658191044,AGLDUSDT,Buy,300,0.4245,ZeroMinusTick,3b138a70-14aa-52f6-8203-f1f6f50446ee,1.2735e+10,300,127.35
1658191044,AGLDUSDT,Buy,300,0.4250,PlusTick,0590f93f-361d-56df-b183-c15326fd5895,1.275e+10,300,127.5
1658191045,AGLDUSDT,Buy,300,0.4250,ZeroMinusTick,4bf1eae6-2b5d-5cf3-b6d1-02341a46aed6,1.275e+10,300,127.5
1658191045,AGLDUSDT,Buy,800,0.4250,ZeroMinusTick,2e2e305b-bc99-5f07-8146-6b86493eb6e1,3.4e+10,800,340
1658191045,AGLDUSDT,Buy,1283.9,0.4255,PlusTick,59d4f0cf-f733-5e41-8f28-6b5297cfc6ef,5.4629945e+10,1283.9,546.29945
1658191045,AGLDUSDT,Buy,575.5,0.4255,ZeroMinusTick,9235b3fb-4b96-51f6-9ced-7e0ba48e8ae0,2.4487525e+10,575.5,244.87525
1658191045,AGLDUSDT,Buy,708.4,0.4255,ZeroMinusTick,dbf3ff62-8e9a-5f34-b5cb-08d5e003cf39,3.014242e+10,708.4,301.4242
1658191045,AGLDUSDT,Buy,300,0.4255,ZeroMinusTick,374d710d-d6c6-5a29-b788-fdfd4cb3a96e,1.2765e+10,300,127.64999999999999
1658191047,AGLDUSDT,Sell,300,0.4245,MinusTick,9bbdc398-ab45-5f03-bbfe-393785df85aa,1.2735e+10,300,127.35
1658191048,AGLDUSDT,Sell,300,0.4240,MinusTick,ae41f1d5-e826-5989-8ac1-f5fbb431f27f,1.272e+10,300,127.2
1658191048,AGLDUSDT,Sell,1179.2,0.4240,ZeroMinusTick,cf6489fe-75ca-5dd5-82a0-fea534701d08,4.999808e+10,1179.2,499.9808
1658191048,AGLDUSDT,Sell,235,0.4240,ZeroMinusTick,cf52e305-0e48-548d-ba6a-9cb9773ab0d5,9.964e+09,235,99.64
1658191048,AGLDUSDT,Sell,800,0.4240,ZeroMinusTick,265e872f-b62d-57b1-a6f8-a3010c4cb0aa,3.392e+10,800,339.2
1658191048,AGLDUSDT,Sell,1938.8,0.4235,MinusTick,7fa5dca2-0675-5e87-9e17-3c4340dd85f7,8.210818e+10,1938.8,821.0817999999999
1658191048,AGLDUSDT,Sell,800,0.4235,ZeroMinusTick,4ef665d3-c384-5db7-9e6e-2c0099a7b55e,3.388e+10,800,338.8
1658191048,AGLDUSDT,Buy,436.6,0.4235,ZeroMinusTick,9c6a7eaf-1afc-5085-8d8a-808c289f07bb,1.849001e+10,436.6,184.9001
1658191048,AGLDUSDT,Buy,436.6,0.4235,ZeroMinusTick,86491fd0-7b41-50b9-80f5-7f8bbe0eef47,1.849001e+10,436.6,184.9001
1658191048,AGLDUSDT,Buy,1606.1,0.4235,ZeroMinusTick,f087e57a-574b-56bb-b845-7aa43caccc47,6.801833499999999e+10,1606.1,680.1833499999999
1658191050,AGLDUSDT,Buy,300,0.4240,PlusTick,d6c1d450-82dd-56b6-8abb-22d964da6b0f,1.272e+10,300,127.2
1658191058,AGLDUSDT,Sell,300,0.4245,PlusTick,06119221-4959-5cc4-9c73-1ad52e21b1e3,1.2735e+10,300,127.35
1658191072,AGLDUSDT,Sell,20,0.4235,MinusTick,758b09a5-8bda-5d19-bf32-2fe30685feb0,8.469999999999999e+08,20,8.469999999999999
1658191092,AGLDUSDT,Sell,20,0.4230,MinusTick,8a542813-0cc2-5acc-adb7-f0bfb25513a1,8.459999999999999e+08,20,8.459999999999999
1658191094,AGLDUSDT,Sell,334.7,0.4230,ZeroMinusTick,682b4e0d-1105-5f69-92d9-03efbb5b627b,1.4157809999999998e+10,334.7,141.57809999999998
1658191094,AGLDUSDT,Sell,1182,0.4230,ZeroMinusTick,6e72dfb4-b954-556b-8e65-5eea78ffeeb8,4.99986e+10,1182,499.986
1658191094,AGLDUSDT,Sell,237,0.4230,ZeroMinusTick,4675ac27-b1ca-5a15-a33d-8869a3f74238,1.00251e+10,237,100.25099999999999
1658191095,AGLDUSDT,Buy,300,0.4225,MinusTick,4accc143-ba0e-5f1c-8ae5-7883c670e8ae,1.2675e+10,300,126.75
1658191095,AGLDUSDT,Buy,300,0.4225,ZeroMinusTick,3738a1f3-420a-5f51-b950-63b6fb452eae,1.2675e+10,300,126.75
1658191095,AGLDUSDT,Sell,2555.6,0.4225,ZeroMinusTick,04170340-0112-59fd-93c1-d67c7335c527,1.079741e+11,2555.6,1079.741
1658191095,AGLDUSDT,Sell,1919,0.4225,ZeroMinusTick,45566fbb-20be-51cf-8232-b5c76864aaca,8.107774999999998e+10,1919,810.7774999999999
1658191095,AGLDUSDT,Sell,81,0.4225,ZeroMinusTick,422d5641-6f02-5d8e-b4ac-f2c459c5d9d7,3.4222499999999995e+09,81,34.2225
1658191097,AGLDUSDT,Buy,800,0.4225,ZeroMinusTick,6d337744-608c-53d1-b4b5-3ece2a5fce5d,3.38e+10,800,338
1658191097,AGLDUSDT,Buy,300,0.4225,ZeroMinusTick,22df34d8-a398-5861-acfa-a9aabf0b9704,1.2675e+10,300,126.75
1658191107,AGLDUSDT,Sell,1874.7,0.4220,MinusTick,0bed50f2-894e-59f4-a4cc-f12b2d1d3d2c,7.911234e+10,1874.7,791.1234
1658191117,AGLDUSDT,Sell,1.4,0.4210,MinusTick,5b6810f3-ab24-54b9-9149-59e85aec8443,5.893999999999999e+07,1.4,0.5893999999999999
1658191126,AGLDUSDT,Buy,1184.8,0.4220,PlusTick,41c7267e-a844-570a-bc96-59de6671ef7f,4.999856e+10,1184.8,499.9856
1658191126,AGLDUSDT,Buy,1184.8,0.4220,ZeroMinusTick,33f9c2af-c315-576f-8927-11e46c4e308e,4.999856e+10,1184.8,499.9856
1658191128,AGLDUSDT,Buy,300,0.4225,PlusTick,37796c68-08d7-5875-96fc-a73b2b2df775,1.2675e+10,300,126.75
1658191128,AGLDUSDT,Buy,1183.4,0.4225,ZeroMinusTick,5498c144-c445-59b4-8f13-4c2deea68894,4.999865e+10,1183.4,499.98650000000004
1658191128,AGLDUSDT,Buy,300,0.4230,PlusTick,4b9f34e9-e9c7-55c7-a684-6aefb9827744,1.269e+10,300,126.89999999999999
1658191130,AGLDUSDT,Sell,300,0.4225,MinusTick,47fa9333-b383-532e-8b06-44071da0f638,1.2675e+10,300,126.75
1658191141,AGLDUSDT,Sell,300,0.4225,ZeroMinusTick,ef3fe64f-86b6-597c-b6e9-a17f524547b4,1.2675e+10,300,126.75
1658191150,AGLDUSDT,Buy,1182,0.4230,PlusTick,66ce30db-9e6e-58a5-ba82-44d625e62173,4.99986e+10,1182,499.986
1658191155,AGLDUSDT,Sell,300,0.4225,MinusTick,0848bc03-a66a-5f15-9326-d873b01dced4,1.2675e+10,300,126.75
1658191187,AGLDUSDT,Sell,237,0.4215,MinusTick,818540ec-7932-504a-aa88-34ddd414f776,9.98955e+09,237,99.8955
1658191195,AGLDUSDT,Buy,800,0.4210,MinusTick,7ea52961-63e1-53cc-a2bc-0aea4b504fdf,3.368e+10,800,336.8
1658191195,AGLDUSDT,Buy,300,0.4210,ZeroMinusTick,bedbbdd7-922a-5b87-9eeb-243bb88aa297,1.263e+10,300,126.3
1658191200,AGLDUSDT,Buy,300,0.4215,PlusTick,70593e62-668f-543b-994f-6bfba53a9802,1.2644999999999998e+10,300,126.44999999999999
1658191200,AGLDUSDT,Sell,558.8,0.4215,ZeroMinusTick,7c8342a8-23b5-5a51-981e-086ec25924f9,2.3553419999999996e+10,558.8,235.53419999999997
1658191200,AGLDUSDT,Sell,300,0.4215,ZeroMinusTick,db42f4f2-e6c3-508b-91a6-281dc0da7b08,1.2644999999999998e+10,300,126.44999999999999
1658191208,AGLDUSDT,Sell,0.1,0.4210,MinusTick,166e83ed-59d7-57f8-b409-ed70f51b6367,4.21e+06,0.1,0.0421
1658191224,AGLDUSDT,Buy,800,0.4215,PlusTick,9829de27-e024-5bc9-9863-df3fceeacfe5,3.372e+10,800,337.2
1658191225,AGLDUSDT,Sell,300,0.4215,ZeroMinusTick,b2379684-9a56-5e03-a82d-32330b59acc8,1.2644999999999998e+10,300,126.44999999999999
1658191247,AGLDUSDT,Buy,0.1,0.4220,PlusTick,1cd60b52-d4cd-591e-bb81-1b834d077f1e,4.22e+06,0.1,0.0422
1658191289,AGLDUSDT,Buy,1186.2,0.4215,MinusTick,e75604d1-8433-5044-bd6c-30e8568e1ffc,4.999833e+10,1186.2,499.9833
1658191304,AGLDUSDT,Sell,800,0.4210,MinusTick,3e11aec8-d462-52be-92d0-638801225c9b,3.368e+10,800,336.8
1658191304,AGLDUSDT,Sell,184.5,0.4210,ZeroMinusTick,0127b658-b941-56bd-bfd1-0c26915dcae9,7.767449999999999e+09,184.5,77.6745
1658191304,AGLDUSDT,Sell,52.5,0.4210,ZeroMinusTick,cc002090-2cf1-59af-909b-5abbac7ec24d,2.21025e+09,52.5,22.1025
1658191310,AGLDUSDT,Buy,800,0.4210,ZeroMinusTick,903b01d6-5110-5343-9555-fcd92036af9f,3.368e+10,800,336.8
1658191321,AGLDUSDT,Sell,237,0.4220,PlusTick,97e0b49a-ce8e-5ec5-9016-a2a7cab95b88,1.00014e+10,237,100.014
1658191333,AGLDUSDT,Sell,300,0.4220,ZeroMinusTick,2bc8894a-5ac4-5642-a2b6-563c15080e2a,1.266e+10,300,126.6
1658191337,AGLDUSDT,Buy,1.7,0.4230,PlusTick,9ae1d694-ade3-583e-99c7-7e2c054402b3,7.191e+07,1.7,0.7191
1658191362,AGLDUSDT,Sell,237,0.4225,MinusTick,b4d323fa-8cd9-54ae-9f18-a56c760073f2,1.001325e+10,237,100.1325
1658191362,AGLDUSDT,Sell,800,0.4225,ZeroMinusTick,5a312c7b-5efe-52df-ba51-877bea02a282,3.38e+10,800,338
1658191436,AGLDUSDT,Buy,300,0.4215,MinusTick,1ca4ea70-ae3a-547a-a58f-1835d16d655a,1.2644999999999998e+10,300,126.44999999999999
1658191447,AGLDUSDT,Buy,10,0.4225,PlusTick,2bd1066e-f78f-5591-b5dc-8afdb473e867,4.2249999999999994e+08,10,4.225
1658191459,AGLDUSDT,Sell,300,0.4220,MinusTick,99515330-439d-5d57-b47b-2d2e69abe602,1.266e+10,300,126.6
1658191474,AGLDUSDT,Sell,800,0.4220,ZeroMinusTick,a512c1cc-4e26-5577-a825-bf57b8ca7977,3.3759999999999996e+10,800,337.59999999999997
1658191474,AGLDUSDT,Sell,300,0.4220,ZeroMinusTick,67408e95-c29b-5aed-af2d-a43ce577cf52,1.266e+10,300,126.6
1658191474,AGLDUSDT,Sell,237,0.4220,ZeroMinusTick,a67555a9-e4a8-5fb7-a3b1-1e4e1860f41d,1.00014e+10,237,100.014
1658191520,AGLDUSDT,Buy,300,0.4225,PlusTick,5a60af12-0925-5dca-83f4-47a4aceccc93,1.2675e+10,300,126.75
1658191521,AGLDUSDT,Sell,2170,0.4225,ZeroMinusTick,6fc34ad9-a0a6-5984-bfa2-127591951bb6,9.16825e+10,2170,916.8249999999999
1658191529,AGLDUSDT,Buy,256.5,0.4230,PlusTick,0a615bfb-d5b4-5f4c-b4bd-d6889d87e3a5,1.084995e+10,256.5,108.4995
1658191529,AGLDUSDT,Buy,256.5,0.4230,ZeroMinusTick,9310ce37-b6bc-5473-8b12-75bd043f21a6,1.084995e+10,256.5,108.4995
1658191529,AGLDUSDT,Buy,43.5,0.4230,ZeroMinusTick,d7d8f6ba-944e-5a60-b286-b98800f2e341,1.84005e+09,43.5,18.4005
1658191529,AGLDUSDT,Sell,213,0.4230,ZeroMinusTick,107ed168-ac69-502c-a6ed-7189ddb1f89b,9.0099e+09,213,90.099
1658191537,AGLDUSDT,Buy,0.1,0.4230,ZeroMinusTick,a32d4a89-cf48-57b0-ab51-4eacb2e18847,4.23e+06,0.1,0.042300000000000004
1658191556,AGLDUSDT,Sell,300,0.4225,MinusTick,2d9ba933-7bdd-5e23-9002-a8c65ed7e4ba,1.2675e+10,300,126.75
1658191571,AGLDUSDT,Sell,1186.2,0.4215,MinusTick,5e5160ed-59af-553d-8f19-945eecbf28ef,4.999833e+10,1186.2,499.9833
1658191571,AGLDUSDT,Sell,800,0.4215,ZeroMinusTick,15571ef7-5a7b-5a6c-928e-6a792accc800,3.372e+10,800,337.2
1658191587,AGLDUSDT,Sell,800,0.4220,PlusTick,9ac89519-6542-54ad-878d-02e34a13bd3b,3.3759999999999996e+10,800,337.59999999999997
1658191587,AGLDUSDT,Sell,236.9,0.4220,ZeroMinusTick,7cce6449-60b1-5564-9c7a-681e02fe91c4,9.99718e+09,236.9,99.9718
1658191587,AGLDUSDT,Sell,0.1,0.4220,ZeroMinusTick,49754e8b-7862-51b7-a063-40a0c78ca31a,4.22e+06,0.1,0.0422
1658191588,AGLDUSDT,Buy,300,0.4215,MinusTick,5a6e84eb-2612-5791-a943-71c38c350b55,1.2644999999999998e+10,300,126.44999999999999
1658191590,AGLDUSDT,Buy,300,0.4220,PlusTick,71b53647-65d7-5ac5-af09-27739c13e915,1.266e+10,300,126.6
1658191644,AGLDUSDT,Sell,237,0.4215,MinusTick,399c514e-7650-5f6a-b9ed-7780ea57f4d2,9.98955e+09,237,99.8955
1658191644,AGLDUSDT,Sell,1187.6,0.4210,MinusTick,fa1af2db-13f4-52e2-a80d-00124dffb039,4.999795999999999e+10,1187.6,499.97959999999995
1658191644,AGLDUSDT,Sell,800,0.4210,ZeroMinusTick,a67d9cd9-5273-5d4c-a18a-eda721fe93f6,3.368e+10,800,336.8
1658191687,AGLDUSDT,Buy,1.5,0.4220,PlusTick,cbad7787-698a-5c97-a03d-9fb897b6ae2d,6.33e+07,1.5,0.633
1658191784,AGLDUSDT,Sell,237,0.4215,MinusTick,c77ef48f-baae-5a18-9b58-ffd88b43ec32,9.98955e+09,237,99.8955
1658191794,AGLDUSDT,Sell,979.7,0.4210,MinusTick,d9ca1f88-0b45-591e-8807-708ce3323857,4.124537e+10,979.7,412.4537
1658191794,AGLDUSDT,Sell,18.2,0.4205,MinusTick,5b5ed9e0-f917-5f50-9b4f-4ca865ad7345,7.653099999999999e+08,18.2,7.653099999999999
1658191794,AGLDUSDT,Sell,1558.8,0.4205,ZeroMinusTick,0369d6be-5058-5e95-b217-4f458778bcc0,6.554753999999999e+10,1558.8,655.4753999999999
1658191797,AGLDUSDT,Sell,0.1,0.4200,MinusTick,ec1fe245-31e2-5001-b795-aa68d9df34da,4.2e+06,0.1,0.042
1658191821,AGLDUSDT,Buy,800,0.4205,PlusTick,e1ec30d8-5d0a-5cd2-a1ad-15ef8a00931d,3.3639999999999996e+10,800,336.4
1658191826,AGLDUSDT,Buy,800,0.4210,PlusTick,c19712a4-1db1-505c-891d-5a444dfa8900,3.368e+10,800,336.8
1658191827,AGLDUSDT,Sell,300,0.4210,ZeroMinusTick,bcef2821-6a34-5bae-a633-bbc3775fa8ac,1.263e+10,300,126.3
1658191846,AGLDUSDT,Buy,300,0.4215,PlusTick,159e5ec1-aa28-5360-bb98-f26697e882a1,1.2644999999999998e+10,300,126.44999999999999
1658191847,AGLDUSDT,Buy,0.1,0.4220,PlusTick,25e4b4e2-d21a-5efe-8e6a-0747be0e3267,4.22e+06,0.1,0.0422
1658191866,AGLDUSDT,Sell,300,0.4210,MinusTick,c51841b5-1f2c-5b4d-b8c4-c89848ac90e2,1.263e+10,300,126.3
1658191866,AGLDUSDT,Sell,320.3,0.4210,ZeroMinusTick,85320bc3-b564-5afe-8b6e-6e6964287777,1.3484630000000002e+10,320.3,134.8463
1658191866,AGLDUSDT,Sell,479.7,0.4210,ZeroMinusTick,77c20112-66b5-5225-8739-36e5e75d042b,2.019537e+10,479.7,201.9537
1658191866,AGLDUSDT,Sell,140.6,0.4210,ZeroMinusTick,654849fa-d93b-5330-a8a0-b38874d0c235,5.91926e+09,140.6,59.1926
1658191866,AGLDUSDT,Sell,620.3,0.4210,ZeroMinusTick,cc18ced6-0e77-5c17-8dbd-1d7914763cfe,2.611463e+10,620.3,261.1463
1658191866,AGLDUSDT,Sell,426.7,0.4210,ZeroMinusTick,7108b256-82c0-5e32-9222-8474ac95d41c,1.796407e+10,426.7,179.64069999999998
1658191866,AGLDUSDT,Buy,300,0.4210,ZeroMinusTick,d870dd6a-d7a5-5e86-84ca-0c1d405833dd,1.263e+10,300,126.3
1658191883,AGLDUSDT,Buy,10.1,0.4210,ZeroMinusTick,badfcd2f-d035-562f-9bcd-bc4954006b36,4.2520999999999994e+08,10.1,4.2520999999999995
1658191883,AGLDUSDT,Sell,10.1,0.4205,MinusTick,44c739ed-720f-5903-955b-187c775225be,4.24705e+08,10.1,4.24705
1658191911,AGLDUSDT,Buy,289.9,0.4210,PlusTick,eddb36d0-8925-5480-b11f-5835bebc4729,1.2204789999999998e+10,289.9,122.04789999999998
1658191937,AGLDUSDT,Buy,0.1,0.4215,PlusTick,2d4ec60e-48e6-5978-be28-f87240016e65,4.215e+06,0.1,0.04215
1658191957,AGLDUSDT,Buy,800,0.4225,PlusTick,f8f7977b-beb2-51ae-b725-665206851715,3.38e+10,800,338
1658192057,AGLDUSDT,Sell,1.9,0.4215,MinusTick,1f53129e-86e9-5506-8a8d-a4d9b6020345,8.0085e+07,1.9,0.80085
1658192134,AGLDUSDT,Buy,800,0.4220,PlusTick,401fc290-6596-54c3-8c9b-1d1e57852faa,3.3759999999999996e+10,800,337.59999999999997
1658192139,AGLDUSDT,Buy,800,0.4220,ZeroMinusTick,44929c3f-0000-555a-bb82-fef6799b40c6,3.3759999999999996e+10,800,337.59999999999997
1658192177,AGLDUSDT,Sell,0.5,0.4215,MinusTick,fc3e9e75-2cf9-5e98-8569-9582be7acb3a,2.1075e+07,0.5,0.21075
1658192198,AGLDUSDT,Buy,800,0.4220,PlusTick,295d258b-6b9f-5926-bf38-bcc4fde3cd89,3.3759999999999996e+10,800,337.59999999999997
1658192255,AGLDUSDT,Sell,1186.2,0.4215,MinusTick,f63a70c5-7926-5e6f-91a1-2d2c6e0891f7,4.999833e+10,1186.2,499.9833
1658192255,AGLDUSDT,Buy,2483.8,0.4215,ZeroMinusTick,7da2fdb3-019c-5153-83de-75371eaab312,1.0469217000000002e+11,2483.8,1046.9217
1658192255,AGLDUSDT,Buy,293.5,0.4215,ZeroMinusTick,f09360df-fd34-5431-ac44-85d86f41ff83,1.2371025e+10,293.5,123.71025
1658192309,AGLDUSDT,Buy,800,0.4210,MinusTick,5deaf75b-80da-56f9-bcb6-0db684bbc059,3.368e+10,800,336.8
1658192317,AGLDUSDT,Buy,0.1,0.4220,PlusTick,c0447b69-932c-54a7-a618-8aff8e1fcdad,4.22e+06,0.1,0.0422
1658192477,AGLDUSDT,Buy,0.1,0.4225,PlusTick,84b438c9-dd2b-59d4-aade-b329d5c095b5,4.225e+06,0.1,0.04225
1658192529,AGLDUSDT,Buy,1182,0.4230,PlusTick,10dce791-5564-5102-8e23-b5035b9dc59f,4.99986e+10,1182,499.986
1658192534,AGLDUSDT,Buy,1894.5,0.4235,PlusTick,67c11d3d-fc42-51a6-a279-da9ee2dffa96,8.0232075e+10,1894.5,802.32075
1658192534,AGLDUSDT,Buy,1180.6,0.4235,ZeroMinusTick,7be1a831-3b78-5c21-84fc-84f9842d54fb,4.999840999999999e+10,1180.6,499.98409999999996
1658192534,AGLDUSDT,Buy,1956.7,0.4240,PlusTick,11d1eb3a-28b9-59ff-aea0-2015bd72cc29,8.296408e+10,1956.7,829.6408
1658192534,AGLDUSDT,Buy,658.8,0.4240,ZeroMinusTick,db687c75-a88c-570a-a23e-1b94967d94d7,2.7933119999999996e+10,658.8,279.33119999999997
1658192534,AGLDUSDT,Buy,141.2,0.4240,ZeroMinusTick,89e1243f-9ac8-5664-a3f8-575ae1cf1a54,5.986879999999999e+09,141.2,59.86879999999999
1658192535,AGLDUSDT,Sell,300,0.4240,ZeroMinusTick,b0a70357-63f8-5450-86c2-83e24dc99e5c,1.272e+10,300,127.2
1658192618,AGLDUSDT,Buy,232,0.4240,ZeroMinusTick,4e353ddf-8fa7-579e-af6d-a08a5e46b4fc,9.8368e+09,232,98.368
1658192618,AGLDUSDT,Buy,550,0.4240,ZeroMinusTick,e5cf697d-eeb1-5aad-b148-6c75d2715fd3,2.332e+10,550,233.2
1658192618,AGLDUSDT,Buy,248,0.4240,ZeroMinusTick,b44f302a-4112-52c2-9bb1-55c8bc03a502,1.05152e+10,248,105.152
1658192623,AGLDUSDT,Buy,361.8,0.4245,PlusTick,c53cdc60-08fa-5301-81d3-d6b074cafe0b,1.535841e+10,361.8,153.5841
1658192623,AGLDUSDT,Buy,700,0.4245,ZeroMinusTick,47eb500c-c4be-5bbe-86f3-cd87f176c173,2.9714999999999996e+10,700,297.15
1658192656,AGLDUSDT,Sell,300,0.4240,MinusTick,b51cc1e1-252b-5a62-948c-03de1d9de9e4,1.272e+10,300,127.2
1658192656,AGLDUSDT,Sell,800,0.4240,ZeroMinusTick,23731ef6-e044-5734-b639-22731688c3d4,3.392e+10,800,339.2
1658192687,AGLDUSDT,Sell,0.3,0.4235,MinusTick,86f11b02-5626-562b-bd06-73b62815a94f,1.2705e+07,0.3,0.12705
1658192770,AGLDUSDT,Sell,300,0.4235,ZeroMinusTick,f031957c-6a5a-559b-b450-c92f5cb6b3d2,1.2705e+10,300,127.05
1658192771,AGLDUSDT,Sell,979.7,0.4230,MinusTick,16a03239-0f24-5a50-a381-2c34e9c320a6,4.144131e+10,979.7,414.4131
1658192867,AGLDUSDT,Buy,1.7,0.4225,MinusTick,4f09f72b-dbdf-555d-a4da-97849e49d483,7.1825e+07,1.7,0.7182499999999999
1658192879,AGLDUSDT,Sell,800,0.4215,MinusTick,1f846cf0-ecb6-5206-bcd7-a0ef3edcca5f,3.372e+10,800,337.2
1658192906,AGLDUSDT,Sell,754.6,0.4210,MinusTick,9b5a3be5-a57c-59f1-bc84-44fa5dd919af,3.176866e+10,754.6,317.6866
1658192906,AGLDUSDT,Sell,433,0.4210,ZeroMinusTick,ae18a44a-ad88-5bfd-bc01-17205897d5dd,1.82293e+10,433,182.293
1658192906,AGLDUSDT,Sell,321.6,0.4210,ZeroMinusTick,67fac764-5763-57d4-afa1-ebfbe4d1c3dd,1.353936e+10,321.6,135.3936
1658192906,AGLDUSDT,Sell,478.4,0.4210,ZeroMinusTick,78acf6e7-6a13-530d-bcc4-f6180f6288b5,2.014064e+10,478.4,201.4064
1658192906,AGLDUSDT,Sell,754.6,0.4205,MinusTick,838983b3-addf-5f66-8f1a-2b5215b0153b,3.173093e+10,754.6,317.3093
1658192927,AGLDUSDT,Buy,300,0.4225,PlusTick,5afdf096-57da-58a0-9bf0-746ac8b58fce,1.2675e+10,300,126.75
1658192927,AGLDUSDT,Buy,800,0.4225,ZeroMinusTick,fa9ceea5-5ec7-5259-a4c4-e37dd5546548,3.38e+10,800,338
1658192985,AGLDUSDT,Sell,800,0.4210,MinusTick,791ba05d-1dbc-52eb-a9e5-65b47d35c1db,3.368e+10,800,336.8
1658192987,AGLDUSDT,Sell,0.9,0.4205,MinusTick,4a5aab9b-6779-524f-af36-2a345a84822f,3.7845e+07,0.9,0.37845
1658193055,AGLDUSDT,Buy,800,0.4210,PlusTick,5a2b355a-21a2-5283-8c99-dd23a71b50e4,3.368e+10,800,336.8
1658193068,AGLDUSDT,Buy,155.4,0.4215,PlusTick,eec2c6e5-4dae-51ca-b49d-02629d26196e,6.550109999999999e+09,155.4,65.5011
1658193077,AGLDUSDT,Sell,1.4,0.4215,ZeroMinusTick,4469bc33-e94f-56b8-9244-6e0692f4f0fa,5.900999999999999e+07,1.4,0.5901
1658193097,AGLDUSDT,Sell,300,0.4215,ZeroMinusTick,004974ab-4973-5ade-ac35-77cc8c748a69,1.2644999999999998e+10,300,126.44999999999999
1658193110,AGLDUSDT,Sell,13.4,0.4200,MinusTick,30151d96-8912-528e-b0d2-fa9dbf6be2ab,5.628e+08,13.4,5.628
1658193110,AGLDUSDT,Sell,1191.8,0.4195,MinusTick,62401bcb-e1cb-5cab-87aa-b3051816779f,4.999600999999999e+10,1191.8,499.96009999999995
1658193123,AGLDUSDT,Buy,141.4,0.4205,PlusTick,8cdb2f1d-6535-5964-a1c9-0186d94dc128,5.94587e+09,141.4,59.4587
1658193139,AGLDUSDT,Buy,550,0.4205,ZeroMinusTick,653f94ca-82fc-5bbb-96a6-b5564206be99,2.31275e+10,550,231.275
1658193139,AGLDUSDT,Buy,319.2,0.4205,ZeroMinusTick,2e942dbc-ca44-5717-a29a-54d554840919,1.3422359999999998e+10,319.2,134.22359999999998
1658193142,AGLDUSDT,Sell,300,0.4205,ZeroMinusTick,2b955a94-15cb-5efe-a792-b29925585456,1.2615e+10,300,126.14999999999999
1658193147,AGLDUSDT,Buy,0.6,0.4210,PlusTick,1344ab9b-49d1-5135-8e22-e5333cc3e12e,2.526e+07,0.6,0.2526
1658193155,AGLDUSDT,Sell,300,0.4200,MinusTick,fa49aac7-3201-5a35-829a-111a936b4192,1.26e+10,300,126
1658193216,AGLDUSDT,Buy,800,0.4205,PlusTick,823e1d68-da54-534c-ab15-8a1a78d4b718,3.3639999999999996e+10,800,336.4
1658193294,AGLDUSDT,Buy,300,0.4215,PlusTick,bd501219-5531-5e09-932e-78f2d50d7583,1.2644999999999998e+10,300,126.44999999999999
1658193297,AGLDUSDT,Buy,0.5,0.4220,PlusTick,6eaad8fa-fc90-53d7-a358-5d197069c1ba,2.11e+07,0.5,0.211
1658193353,AGLDUSDT,Sell,460,0.4210,MinusTick,6c46e64c-1858-5233-bdb7-6ad5b250ec53,1.9366e+10,460,193.66
1658193353,AGLDUSDT,Sell,460,0.4210,ZeroMinusTick,8b1854fd-05a6-5f7d-abdd-1b39144bd6e1,1.9366e+10,460,193.66
1658193353,AGLDUSDT,Sell,267.6,0.4210,ZeroMinusTick,e4e9e6bb-0dff-5a05-a3b3-c480af1f4908,1.1265960000000002e+10,267.6,112.65960000000001
1658193387,AGLDUSDT,Buy,472.9,0.4205,MinusTick,a505c906-74bd-5ce2-92dc-3f81e68885ab,1.9885445e+10,472.9,198.85444999999999
1658193387,AGLDUSDT,Buy,155.6,0.4205,ZeroMinusTick,8395e842-62c9-5435-b8ef-a745b918b740,6.54298e+09,155.6,65.4298
1658193417,AGLDUSDT,Sell,1.1,0.4210,PlusTick,761a5835-fdcc-5228-880f-469c0968dcac,4.631e+07,1.1,0.4631
1658193427,AGLDUSDT,Sell,0.1,0.4210,ZeroMinusTick,7318fe20-30c1-59cc-97be-429854922435,4.21e+06,0.1,0.0421
1658193458,AGLDUSDT,Buy,1186.2,0.4215,PlusTick,e089b3af-411c-5325-9719-dc00a55f71d2,4.999833e+10,1186.2,499.9833
1658193458,AGLDUSDT,Sell,1351.3,0.4215,ZeroMinusTick,a4edba8a-48c8-5a69-8fd4-ae490f858be2,5.6957295e+10,1351.3,569.57295
1658193458,AGLDUSDT,Sell,1878.9,0.4215,ZeroMinusTick,2c4e1298-88d5-58d0-9eed-83ae1a234810,7.9195635e+10,1878.9,791.95635
1658193473,AGLDUSDT,Sell,300,0.4210,MinusTick,8cebf7eb-3830-5820-90d1-7a068cad7740,1.263e+10,300,126.3
1658193537,AGLDUSDT,Sell,1.1,0.4200,MinusTick,668cd4f7-9cca-5c26-a318-5e20f55eb611,4.62e+07,1.1,0.462
1658193612,AGLDUSDT,Sell,238,0.4200,ZeroMinusTick,fbcf397a-034c-527a-b1ea-46593f9d0ea2,9.996e+09,238,99.96
1658193612,AGLDUSDT,Sell,800,0.4200,ZeroMinusTick,6dd44e41-c560-54c0-9656-0bad037fd8d0,3.36e+10,800,336
1658193612,AGLDUSDT,Buy,2618.4,0.4200,ZeroMinusTick,68d9507f-dbf7-589f-87b9-466e3bc1287f,1.099728e+11,2618.4,1099.728
1658193612,AGLDUSDT,Buy,2115.3,0.4200,ZeroMinusTick,d98aaa8f-b6fc-5525-9109-2823f24fead5,8.88426e+10,2115.3,888.426
1658193613,AGLDUSDT,Buy,300,0.4200,ZeroMinusTick,304c14df-a0af-5247-88c4-58918e7bc3cf,1.26e+10,300,126
1658193627,AGLDUSDT,Buy,0.3,0.4205,PlusTick,326cde60-ced4-5963-9400-fd92caff9bcc,1.2614999999999998e+07,0.3,0.12614999999999998
1658193640,AGLDUSDT,Buy,299.7,0.4205,ZeroMinusTick,c1473ff8-6555-5dc7-8a65-f520c2800f00,1.2602385e+10,299.7,126.02385
1658193702,AGLDUSDT,Sell,238,0.4200,MinusTick,1bfc7d13-a80c-57e7-beca-d4a26e63cfeb,9.996e+09,238,99.96
1658193715,AGLDUSDT,Buy,300,0.4195,MinusTick,5e1b8d3a-7391-5197-ab17-863d5f7cd872,1.2585e+10,300,125.85
1658193718,AGLDUSDT,Sell,1,0.4190,MinusTick,5c8db566-2544-5fc8-a173-3695a0f05949,4.19e+07,1,0.419
1658193804,AGLDUSDT,Buy,800,0.4200,PlusTick,c68d4c55-a13a-58c6-ac1f-b88738761c3a,3.36e+10,800,336
1658193804,AGLDUSDT,Sell,1902.5,0.4200,ZeroMinusTick,a25ae972-4542-561e-8418-2eac22fe6333,7.9905e+10,1902.5,799.05
1658193804,AGLDUSDT,Sell,1412.8,0.4200,ZeroMinusTick,2cff86ef-b3f9-5666-af51-ba04b38aff44,5.93376e+10,1412.8,593.376
1658193812,AGLDUSDT,Sell,300,0.4200,ZeroMinusTick,26cc5bbe-7675-5b88-b18c-fa3e807ccb39,1.26e+10,300,126
1658193837,AGLDUSDT,Buy,300,0.4195,MinusTick,7f8d3b16-894b-54cc-b79a-69501bf31a16,1.2585e+10,300,125.85
1658193856,AGLDUSDT,Sell,300,0.4200,PlusTick,9230db42-108e-5047-b34b-baaa4001f574,1.26e+10,300,126
1658193905,AGLDUSDT,Sell,238,0.4195,MinusTick,077653e7-f3b3-5d55-a7a8-9fbb89edd5ca,9.9841e+09,238,99.841
1658193905,AGLDUSDT,Sell,300,0.4195,ZeroMinusTick,3a4bf9ee-3026-5c9a-b14d-777cd8228178,1.2585e+10,300,125.85
1658193911,AGLDUSDT,Sell,1193.3,0.4190,MinusTick,309a8919-8c9e-56b9-a2d4-1ac63b8942eb,4.999926999999999e+10,1193.3,499.99269999999996
1658193915,AGLDUSDT,Buy,300,0.4190,ZeroMinusTick,6afba844-06a1-554e-82d7-4e23c3af3cde,1.2569999999999998e+10,300,125.69999999999999
1658193918,AGLDUSDT,Buy,1.8,0.4195,PlusTick,976a7f03-d1c1-5937-9f8f-d4723541fd01,7.551e+07,1.8,0.7551
1658193943,AGLDUSDT,Sell,300,0.4205,PlusTick,d3677bbe-c775-55dc-a383-5e65f6849415,1.2615e+10,300,126.14999999999999
1658193973,AGLDUSDT,Sell,238,0.4205,ZeroMinusTick,3f28ab22-a27b-5c55-9086-1b80821bba11,1.00079e+10,238,100.079
1658193990,AGLDUSDT,Sell,300,0.4200,MinusTick,1c5f21ee-ea00-5890-8d47-e66e31d47ee0,1.26e+10,300,126
1658193990,AGLDUSDT,Sell,238,0.4200,ZeroMinusTick,c589bde8-0ba1-54a0-aad1-6ae459942bc4,9.996e+09,238,99.96
1658194018,AGLDUSDT,Buy,300,0.4200,ZeroMinusTick,c20d7645-a970-5885-9e7e-cf816cf4868d,1.26e+10,300,126
1658194018,AGLDUSDT,Buy,800,0.4200,ZeroMinusTick,d156a792-d743-504e-a6c4-ce2e58fcaad6,3.36e+10,800,336
1658194018,AGLDUSDT,Buy,300,0.4205,PlusTick,d13f83c8-3869-5fb2-8c11-1399bf9e0912,1.2615e+10,300,126.14999999999999
1658194018,AGLDUSDT,Buy,800,0.4205,ZeroMinusTick,69979874-eb22-519d-9335-c36d8f35879c,3.3639999999999996e+10,800,336.4
1658194018,AGLDUSDT,Sell,1953.5,0.4205,ZeroMinusTick,b1d06f61-5033-5a50-8854-29478706aba9,8.2144675e+10,1953.5,821.44675
1658194018,AGLDUSDT,Sell,2489,0.4205,ZeroMinusTick,96fbb4f8-1bfa-5290-9329-e3dd4bbe04b8,1.0466244999999998e+11,2489,1046.6245
1658194045,AGLDUSDT,Sell,238,0.4210,PlusTick,f18d4da2-9ca8-5553-862d-402b9194d2b2,1.00198e+10,238,100.198
1658194045,AGLDUSDT,Sell,300,0.4210,ZeroMinusTick,33cf9de8-58f3-544c-a2ea-4b53fd5e0edb,1.263e+10,300,126.3
1658194045,AGLDUSDT,Sell,800,0.4210,ZeroMinusTick,5a33c675-29b5-5373-83fa-816c0407d96b,3.368e+10,800,336.8
1658194045,AGLDUSDT,Buy,1244.5,0.4210,ZeroMinusTick,d99cbfb6-fe29-5868-96dc-7531c01a88a1,5.239344999999999e+10,1244.5,523.9345
1658194045,AGLDUSDT,Buy,2716,0.4210,ZeroMinusTick,7622ffd9-8c61-5784-affc-b96e401bd25b,1.1434359999999998e+11,2716,1143.436
1658194068,AGLDUSDT,Sell,0.1,0.4210,ZeroMinusTick,0665f1e9-0d90-5241-9a9c-370cadfd2166,4.21e+06,0.1,0.0421
1658194100,AGLDUSDT,Buy,1186.2,0.4215,PlusTick,45e6ee8a-ac1d-5d77-8925-4641e589f03c,4.999833e+10,1186.2,499.9833
1658194100,AGLDUSDT,Buy,300,0.4215,ZeroMinusTick,c3d925c4-6218-5d4f-87d6-7be19e501bc4,1.2644999999999998e+10,300,126.44999999999999
1658194176,AGLDUSDT,Buy,1184.8,0.4220,PlusTick,61dd9f63-b968-572e-aee8-844d18784aba,4.999856e+10,1184.8,499.9856
1658194190,AGLDUSDT,Buy,800,0.4225,PlusTick,0b79a72b-a5d4-5b91-9d61-2ae620221bb7,3.38e+10,800,338
1658194190,AGLDUSDT,Buy,800,0.4230,PlusTick,5c5e4682-fabd-5bcc-a781-4dc6c4e1d100,3.3839999999999996e+10,800,338.4
1658194193,AGLDUSDT,Sell,300,0.4230,ZeroMinusTick,5834132f-8d56-5927-84f9-6f410d60e826,1.269e+10,300,126.89999999999999
1658194210,AGLDUSDT,Buy,800,0.4230,ZeroMinusTick,3cd5a54a-8044-580a-bc8c-348acb11e0cc,3.3839999999999996e+10,800,338.4
1658194214,AGLDUSDT,Sell,300,0.4225,MinusTick,ddc1301c-22f9-53fd-a85b-e5a01144f1b2,1.2675e+10,300,126.75
1658194224,AGLDUSDT,Sell,1184.8,0.4220,MinusTick,65b84484-94d0-5e13-822a-b5ca0c5801c0,4.999856e+10,1184.8,499.9856
1658194225,AGLDUSDT,Sell,300,0.4215,MinusTick,ac7cf0f2-0324-5d94-b7af-4a2af1091525,1.2644999999999998e+10,300,126.44999999999999
1658194248,AGLDUSDT,Sell,1,0.4210,MinusTick,d0566c80-c15b-5c25-9c0f-5b3a1a3a9a83,4.21e+07,1,0.421
1658194261,AGLDUSDT,Buy,300,0.4220,PlusTick,7778e2ad-11b1-5130-9760-566f4746953f,1.266e+10,300,126.6
1658194296,AGLDUSDT,Buy,300,0.4215,MinusTick,2270ce30-eeef-53aa-8b45-7ac91d1f986e,1.2644999999999998e+10,300,126.44999999999999
1658194344,AGLDUSDT,Sell,1189,0.4205,MinusTick,de3a5bfb-139d-536d-93f2-5e935a357a52,4.999745e+10,1189,499.9745
1658194388,AGLDUSDT,Sell,0.6,0.4200,MinusTick,ec6bd55c-2542-5656-bd3a-0acaed31931b,2.52e+07,0.6,0.252
1658194394,AGLDUSDT,Buy,300,0.4210,PlusTick,442ded77-1ad1-56f7-8151-13f0c7840d49,1.263e+10,300,126.3
1658194515,AGLDUSDT,Buy,300,0.4205,MinusTick,b3f3a8a6-4126-51ae-a99c-25a08236a58a,1.2615e+10,300,126.14999999999999
1658194526,AGLDUSDT,Sell,238,0.4205,ZeroMinusTick,86edd2f1-9f29-5400-bebd-5128640a5bdc,1.00079e+10,238,100.079
1658194526,AGLDUSDT,Sell,800,0.4205,ZeroMinusTick,8e9775eb-7a6d-55fa-935a-b4cb64d1d7a3,3.3639999999999996e+10,800,336.4
1658194530,AGLDUSDT,Sell,1189.8,0.4200,MinusTick,72edeeec-8137-593c-b003-0ff809718b93,4.997159999999999e+10,1189.8,499.71599999999995
1658194530,AGLDUSDT,Sell,300,0.4200,ZeroMinusTick,adfb309b-fc25-545c-ac57-e6f910d2fbfa,1.26e+10,300,126
1658194530,AGLDUSDT,Sell,300,0.4200,ZeroMinusTick,b8797a55-8cce-53a2-97e8-37b5bfbec297,1.26e+10,300,126
1658194530,AGLDUSDT,Sell,1190.4,0.4200,ZeroMinusTick,46397090-09bd-50a5-b2f1-52343136378f,4.99968e+10,1190.4,499.968
1658194530,AGLDUSDT,Sell,238,0.4200,ZeroMinusTick,75657849-f8b4-5fc4-a873-841c13bc0e98,9.996e+09,238,99.96
1658194530,AGLDUSDT,Sell,238,0.4200,ZeroMinusTick,bd1fbf52-2d69-53f2-ac27-ed8e89ce100b,9.996e+09,238,99.96
1658194531,AGLDUSDT,Sell,300,0.4195,MinusTick,67c7f597-6807-56d6-8dd1-d8d8909428a1,1.2585e+10,300,125.85
1658194531,AGLDUSDT,Sell,360.8,0.4195,ZeroMinusTick,45d1ff5e-2972-5523-a42f-1c24960104ac,1.5135560000000002e+10,360.8,151.3556
1658194531,AGLDUSDT,Sell,138.4,0.4195,ZeroMinusTick,3d98659b-2a4a-5806-8dca-faedcd3d8141,5.80588e+09,138.4,58.0588
1658194568,AGLDUSDT,Sell,0.1,0.4195,ZeroMinusTick,115a4039-6d75-59e1-b0d9-c407566bcf6a,4.195e+06,0.1,0.04195
1658194625,AGLDUSDT,Buy,197.1,0.4195,ZeroMinusTick,8b09bae3-87bc-532f-9016-0bdba8160394,8.268344999999999e+09,197.1,82.68345
1658194689,AGLDUSDT,Buy,300,0.4205,PlusTick,c2854d3c-50a0-5268-b08b-1d14f361f6f7,1.2615e+10,300,126.14999999999999
1658194689,AGLDUSDT,Buy,1189,0.4205,ZeroMinusTick,c699e55c-e92f-5ef1-bc1b-93ff87cdd1cb,4.999745e+10,1189,499.9745
1658194701,AGLDUSDT,Sell,238,0.4200,MinusTick,5ee8df1a-ceae-579f-8c0b-05db275e1778,9.996e+09,238,99.96
1658194718,AGLDUSDT,Sell,1.4,0.4190,MinusTick,e01e449e-7b3b-5479-9484-92418ed12afb,5.865999999999999e+07,1.4,0.5865999999999999
1658194718,AGLDUSDT,Sell,0.4,0.4185,MinusTick,6de24318-d84a-51b4-ac24-b76c886fd442,1.674e+07,0.4,0.1674
1658194765,AGLDUSDT,Sell,238,0.4190,PlusTick,c3b348f8-c631-54cf-9d28-b96ca1a73a28,9.9722e+09,238,99.722
1658194918,AGLDUSDT,Buy,0.3,0.4185,MinusTick,fcd71f76-d524-565d-9a25-a35e9dca4733,1.2555e+07,0.3,0.12555
1658194970,AGLDUSDT,Sell,10.8,0.4180,MinusTick,1210c9c3-c3fe-5996-82f8-07c777483fe5,4.5144e+08,10.8,4.5144
1658194971,AGLDUSDT,Sell,13.5,0.4175,MinusTick,a91897ba-5609-5b05-b9f3-3560aa444e98,5.63625e+08,13.5,5.6362499999999995
1658194971,AGLDUSDT,Sell,979.7,0.4175,ZeroMinusTick,4b460d72-0e2d-5f74-980b-3fae43bfb132,4.0902475e+10,979.7,409.02475
1658194971,AGLDUSDT,Sell,1804.6,0.4175,ZeroMinusTick,201db016-a70b-5cd5-a0e4-5e05f3ac571e,7.534205e+10,1804.6,753.4205
1658194971,AGLDUSDT,Sell,1197.6,0.4175,ZeroMinusTick,a3820e6c-8ba9-5e36-a4fc-b97e35243e61,4.999979999999999e+10,1197.6,499.99799999999993
1658195016,AGLDUSDT,Buy,300,0.4170,MinusTick,947bb99e-f895-5dbe-9fa2-2a666bb3debc,1.251e+10,300,125.1
1658195017,AGLDUSDT,Sell,240,0.4170,ZeroMinusTick,dae2aaed-d6d7-583d-8683-8b728e90e099,1.0008e+10,240,100.08
1658195023,AGLDUSDT,Buy,800,0.4170,ZeroMinusTick,757bf485-5ba7-5892-9a33-3b354ecb0fd7,3.3359999999999996e+10,800,333.59999999999997
1658195032,AGLDUSDT,Buy,300,0.4175,PlusTick,7174a0ec-5257-5e0b-acaf-99067eaee99c,1.2525e+10,300,125.25
1658195048,AGLDUSDT,Sell,568,0.4175,ZeroMinusTick,ec631228-6d9e-516e-86f3-55aa660ca795,2.3714e+10,568,237.14
1658195048,AGLDUSDT,Sell,887.8,0.4175,ZeroMinusTick,a0e95adc-b0e3-5604-b1fe-00bf80f82c50,3.706564999999999e+10,887.8,370.65649999999994
1658195048,AGLDUSDT,Sell,695.4,0.4175,ZeroMinusTick,e9403ab2-6597-5214-bcc1-5a4ca9e4b8e3,2.903295e+10,695.4,290.3295
1658195078,AGLDUSDT,Buy,1.6,0.4180,PlusTick,9ebe2bc3-cf23-57dc-988b-0fcfeabfd8a6,6.688000000000001e+07,1.6,0.6688000000000001
1658195116,AGLDUSDT,Sell,431.7,0.4170,MinusTick,3a6c527f-41b2-5b4e-9640-350e0fa0fca8,1.8001889999999996e+10,431.7,180.01889999999997
1658195116,AGLDUSDT,Sell,206.1,0.4170,ZeroMinusTick,d15a186d-36dd-533f-95de-d67882b93030,8.59437e+09,206.1,85.94369999999999
1658195117,AGLDUSDT,Buy,300,0.4165,MinusTick,87f9c9ba-faa2-5809-b2f5-6d863c33bc21,1.2494999999999998e+10,300,124.94999999999999
1658195139,AGLDUSDT,Sell,502,0.4165,ZeroMinusTick,102ebff3-9dc5-5065-b566-b4b74b20d813,2.09083e+10,502,209.083
1658195139,AGLDUSDT,Sell,162.5,0.4165,ZeroMinusTick,1d19a6d8-739a-59e7-b70b-fd779cb2cb19,6.768124999999999e+09,162.5,67.68124999999999
1658195158,AGLDUSDT,Buy,10,0.4160,MinusTick,a0765ff3-f9d4-5948-9003-e27e834cf4ad,4.16e+08,10,4.16
1658195245,AGLDUSDT,Buy,800,0.4160,ZeroMinusTick,b6bfa5ea-5ce2-5963-a1f0-3bac3d2d4b08,3.328e+10,800,332.8
1658195328,AGLDUSDT,Sell,1,0.4175,PlusTick,4fd4fa84-d8e0-594b-b5ed-441ecdf5a4e8,4.175e+07,1,0.4175
1658195367,AGLDUSDT,Buy,800,0.4180,PlusTick,5be1a022-0b54-5fb0-8458-53d772aee13d,3.3439999999999996e+10,800,334.4
1658195373,AGLDUSDT,Buy,1194.7,0.4185,PlusTick,65f9d0d1-7510-534b-8cff-c751649ad77a,4.9998195e+10,1194.7,499.98195
1658195392,AGLDUSDT,Sell,300,0.4190,PlusTick,461bf1eb-8dc1-5483-b606-8634de1f2b07,1.2569999999999998e+10,300,125.69999999999999
1658195392,AGLDUSDT,Sell,239,0.4190,ZeroMinusTick,1af02c90-623c-5592-86bf-bf1626327d22,1.00141e+10,239,100.14099999999999
1658195395,AGLDUSDT,Buy,1127.8,0.4195,PlusTick,84e1133e-0685-5099-bb88-aaddb8e9419f,4.731120999999999e+10,1127.8,473.11209999999994
1658195395,AGLDUSDT,Buy,783.7,0.4195,ZeroMinusTick,633fed50-75e9-500d-8379-857fda34813a,3.2876215000000004e+10,783.7,328.76215
1658195395,AGLDUSDT,Buy,2000,0.4195,ZeroMinusTick,26c67678-fb7d-5cdb-87e7-047d2f5aba52,8.39e+10,2000,839
1658195395,AGLDUSDT,Sell,300,0.4195,ZeroMinusTick,892db969-76ee-5e71-afd0-da42caf5b273,1.2585e+10,300,125.85
1658195412,AGLDUSDT,Buy,800,0.4195,ZeroMinusTick,93df3460-286d-5ca7-b5fe-d487513268aa,3.3559999999999996e+10,800,335.59999999999997
1658195412,AGLDUSDT,Sell,300,0.4195,ZeroMinusTick,c1cef700-037e-57bd-9c19-e2923e80ea34,1.2585e+10,300,125.85
1658195421,AGLDUSDT,Sell,300,0.4190,MinusTick,17c2ee2c-b0d7-5e13-9dac-52c34a8fffcd,1.2569999999999998e+10,300,125.69999999999999
1658195466,AGLDUSDT,Buy,800,0.4190,ZeroMinusTick,c3c3c873-d276-53b5-85a9-92ac136ce5c6,3.352e+10,800,335.2
1658195468,AGLDUSDT,Sell,1.8,0.4190,ZeroMinusTick,0ad6a73f-3a0f-51ac-b2ff-de5ed53491b6,7.542e+07,1.8,0.7542
1658195538,AGLDUSDT,Buy,0.3,0.4195,PlusTick,278e3dcd-d83f-5c32-849a-9cd6c5d6a21a,1.2584999999999998e+07,0.3,0.12585
1658195638,AGLDUSDT,Buy,0.1,0.4180,MinusTick,426a1186-ab9a-58ff-8652-3456318a5e25,4.1800000000000005e+06,0.1,0.041800000000000004
1658195682,AGLDUSDT,Buy,300,0.4175,MinusTick,de03a820-d9ab-5f42-80d0-5141c46541b3,1.2525e+10,300,125.25
1658195730,AGLDUSDT,Buy,300,0.4195,PlusTick,4df57a22-5649-56c8-bfd3-d2bc72798546,1.2585e+10,300,125.85
1658195730,AGLDUSDT,Buy,800,0.4195,ZeroMinusTick,00d28e2a-e780-54fa-b9ae-fe2aaf913054,3.3559999999999996e+10,800,335.59999999999997
1658195733,AGLDUSDT,Sell,300,0.4195,ZeroMinusTick,11210f17-124e-50d2-b45e-b61807e67f3c,1.2585e+10,300,125.85
1658195733,AGLDUSDT,Sell,239,0.4195,ZeroMinusTick,3c88ad87-8b96-52e0-a833-51ff54dc3b83,1.002605e+10,239,100.2605
1658195738,AGLDUSDT,Sell,300,0.4190,MinusTick,a970c1f3-297f-5bb1-9ec8-092faef78a3c,1.2569999999999998e+10,300,125.69999999999999
1658195828,AGLDUSDT,Sell,0.9,0.4185,MinusTick,12f4500a-588f-53af-b6d6-6963cf047353,3.7665e+07,0.9,0.37665
1658195877,AGLDUSDT,Sell,239,0.4190,PlusTick,dccbd0e1-f928-56da-bc56-4fd5f6c913bf,1.00141e+10,239,100.14099999999999
1658195918,AGLDUSDT,Sell,1197.6,0.4175,MinusTick,3ac2565b-2bb3-5baa-9284-38a49f3534f2,4.999979999999999e+10,1197.6,499.99799999999993
1658195918,AGLDUSDT,Sell,641.7,0.4175,ZeroMinusTick,082ec24f-5e9f-5ce5-a86f-98da465240cb,2.6790975000000004e+10,641.7,267.90975000000003
1658195918,AGLDUSDT,Sell,338,0.4175,ZeroMinusTick,9aaf08cd-0db3-5532-bac7-da52ca1cd9bf,1.4111499999999998e+10,338,141.11499999999998
1658195918,AGLDUSDT,Sell,1501.3,0.4175,ZeroMinusTick,e4afbb5c-4465-549d-ab4a-9fd64056e49a,6.267927499999999e+10,1501.3,626.79275
1658195918,AGLDUSDT,Sell,303.3,0.4175,ZeroMinusTick,44097386-f1aa-51dd-8833-82e2173c6525,1.2662775e+10,303.3,126.62775
1658195918,AGLDUSDT,Sell,239,0.4175,ZeroMinusTick,f3983183-2443-52fe-bad6-1ca89162e4eb,9.97825e+09,239,99.7825
1658195998,AGLDUSDT,Sell,1.4,0.4170,MinusTick,1d272fe6-6d41-56eb-a948-ed5a533c2f2f,5.838e+07,1.4,0.5838
1658196006,AGLDUSDT,Buy,300,0.4175,PlusTick,cc95a3c0-e4ee-556f-9475-a6e1ff24b58f,1.2525e+10,300,125.25
1658196010,AGLDUSDT,Buy,800,0.4175,ZeroMinusTick,871abeb6-c476-5d05-954c-a486d794ec2d,3.34e+10,800,334
1658196026,AGLDUSDT,Buy,300,0.4180,PlusTick,5a6cde74-6995-5cdb-8aee-e8f92f1d4257,1.254e+10,300,125.39999999999999
1658196066,AGLDUSDT,Buy,800,0.4175,MinusTick,47bae987-f90a-5201-857e-6f445a53c638,3.34e+10,800,334
1658196098,AGLDUSDT,Buy,1.3,0.4175,ZeroMinusTick,a50c5e9e-8a22-5730-a11d-7db1b07831f4,5.427499999999999e+07,1.3,0.54275
1658196120,AGLDUSDT,Buy,800,0.4175,ZeroMinusTick,c637fa36-65f4-5d7b-a13c-358f167c5851,3.34e+10,800,334
1658196142,AGLDUSDT,Sell,1199,0.4170,MinusTick,4a289dfe-aeea-5451-b9d8-6f83a9a47be1,4.99983e+10,1199,499.983
1658196142,AGLDUSDT,Sell,239,0.4170,ZeroMinusTick,ffb6611f-e3d3-5648-a474-0f07d36d4bcb,9.9663e+09,239,99.663
1658196142,AGLDUSDT,Sell,300,0.4170,ZeroMinusTick,d35c57a7-81c3-5649-ab33-8750268b182d,1.251e+10,300,125.1
1658196158,AGLDUSDT,Sell,10,0.4160,MinusTick,db766fd4-addb-5036-b339-c35b02c41535,4.16e+08,10,4.16
1658196189,AGLDUSDT,Buy,800,0.4170,PlusTick,5f410529-a55e-53d9-b0c1-77ef65f185cc,3.3359999999999996e+10,800,333.59999999999997
1658196243,AGLDUSDT,Buy,800,0.4170,ZeroMinusTick,ac8d0269-c95d-5298-b0fa-15e6004783a3,3.3359999999999996e+10,800,333.59999999999997
1658196243,AGLDUSDT,Sell,300,0.4170,ZeroMinusTick,a372701e-62a3-5045-943a-64127f4d63c2,1.251e+10,300,125.1
1658196317,AGLDUSDT,Sell,300,0.4165,MinusTick,98a83b6d-5c46-57d8-88e2-599da70b10de,1.2494999999999998e+10,300,124.94999999999999
1658196318,AGLDUSDT,Sell,1.1,0.4160,MinusTick,eea08c1b-83bf-5dc3-987a-0673e7982697,4.576e+07,1.1,0.4576
1658196345,AGLDUSDT,Sell,298.9,0.4160,ZeroMinusTick,71326d41-9494-5cba-8f0d-ef7acea982ad,1.2434239999999998e+10,298.9,124.34239999999998
1658196346,AGLDUSDT,Buy,800,0.4160,ZeroMinusTick,dd0f3d12-7749-5cf8-b918-5203edcd2f3c,3.328e+10,800,332.8
1658196351,AGLDUSDT,Sell,0.1,0.4160,ZeroMinusTick,594ec52b-c3a1-5d16-b942-da9fba231c28,4.16e+06,0.1,0.0416
1658196351,AGLDUSDT,Sell,239.9,0.4160,ZeroMinusTick,bb770744-06d6-5649-b9b0-691d89bed6b2,9.97984e+09,239.9,99.7984
1658196351,AGLDUSDT,Sell,0.1,0.4155,MinusTick,5408e6c3-3f6b-5256-9da9-be7840d936db,4.1550000000000005e+06,0.1,0.041550000000000004
1658196351,AGLDUSDT,Sell,799.9,0.4155,ZeroMinusTick,df5f39fa-c1c0-5245-adab-21b1b7ec8792,3.3235844999999996e+10,799.9,332.35844999999995
1658196398,AGLDUSDT,Sell,1.7,0.4150,MinusTick,27f31a13-952d-5991-aa56-6d302d3f321a,7.054999999999999e+07,1.7,0.7054999999999999
1658196409,AGLDUSDT,Buy,300,0.4155,PlusTick,bdda1725-69d7-562a-9698-737115d3a1f3,1.2465e+10,300,124.64999999999999
1658196437,AGLDUSDT,Sell,300,0.4155,ZeroMinusTick,5d2d66dd-ddb5-59d3-8ea4-0776686bb8e9,1.2465e+10,300,124.64999999999999
1658196437,AGLDUSDT,Sell,18.4,0.4155,ZeroMinusTick,403fd3a4-fd09-5749-a874-11f05e818740,7.645199999999999e+08,18.4,7.645199999999999
1658196437,AGLDUSDT,Sell,222.6,0.4155,ZeroMinusTick,a24e7d7f-4a65-57f0-9f4b-45085fafefa3,9.24903e+09,222.6,92.49029999999999
1658196461,AGLDUSDT,Buy,300,0.4160,PlusTick,0aaa5b7f-c98b-5867-9dcf-4ca8eef86ee2,1.248e+10,300,124.8
1658196461,AGLDUSDT,Buy,800,0.4160,ZeroMinusTick,6faff208-19ce-5143-a7f0-4f251a8f2ba6,3.328e+10,800,332.8
1658196461,AGLDUSDT,Buy,162.9,0.4160,ZeroMinusTick,95d8e2f5-3d2b-5299-90c8-95eec7b1b073,6.77664e+09,162.9,67.7664
1658196461,AGLDUSDT,Buy,1950.6,0.4165,PlusTick,d25614b6-cb95-53f6-90f9-70d567295fbf,8.124249e+10,1950.6,812.4249
1658196461,AGLDUSDT,Buy,1000,0.4165,ZeroMinusTick,09d7ebeb-970e-5611-bf6c-4dd79c915ef8,4.165e+10,1000,416.5
1658196461,AGLDUSDT,Buy,1218.7,0.4165,ZeroMinusTick,7824e7bd-5477-57f7-a870-5153670a9012,5.0758855e+10,1218.7,507.58855
1658196464,AGLDUSDT,Sell,300,0.4155,MinusTick,e58cc619-5617-5670-8fcb-c54d0b7b4067,1.2465e+10,300,124.64999999999999
1658196464,AGLDUSDT,Sell,241,0.4155,ZeroMinusTick,bf9bc174-9f8e-5cd7-b912-97721dd6f949,1.001355e+10,241,100.1355
1658196478,AGLDUSDT,Sell,0.1,0.4155,ZeroMinusTick,474823db-b8da-5aa3-a5a0-cb81e2ba452b,4.1550000000000005e+06,0.1,0.041550000000000004
1658196483,AGLDUSDT,Buy,152.8,0.4160,PlusTick,af7a527f-bfce-5d66-ae9b-dddb60a81929,6.356480000000001e+09,152.8,63.564800000000005
1658196483,AGLDUSDT,Buy,1049.1,0.4160,ZeroMinusTick,074469c2-704d-57a3-87e1-9e517577fa97,4.364255999999999e+10,1049.1,436.4255999999999
1658196506,AGLDUSDT,Sell,300,0.4160,ZeroMinusTick,af72d7c0-541e-555c-a587-c6050ef116be,1.248e+10,300,124.8
1658196506,AGLDUSDT,Sell,240,0.4160,ZeroMinusTick,8e2f370f-0583-5285-94e9-c3d01097105d,9.983999999999998e+09,240,99.83999999999999
1658196534,AGLDUSDT,Buy,800,0.4165,PlusTick,7230d58b-05e6-5949-af1f-64108dfa2d29,3.332e+10,800,333.2
1658196534,AGLDUSDT,Buy,283.2,0.4165,ZeroMinusTick,0e1dbc86-3529-55ed-9125-93efefb6feea,1.179528e+10,283.2,117.9528
1658196534,AGLDUSDT,Buy,16.8,0.4165,ZeroMinusTick,059fb9bf-c5cf-5397-9465-543a6725517a,6.9972e+08,16.8,6.9972
1658196581,AGLDUSDT,Sell,800,0.4170,PlusTick,546c237e-87fc-52b1-83ac-22c3b26564d5,3.3359999999999996e+10,800,333.59999999999997
1658196581,AGLDUSDT,Sell,240,0.4170,ZeroMinusTick,25f774ab-9144-583a-a091-0cb211f24159,1.0008e+10,240,100.08
1658196624,AGLDUSDT,Buy,300,0.4170,ZeroMinusTick,16fa0aae-b1e3-5d95-b291-bdc2730a0c70,1.251e+10,300,125.1
1658196646,AGLDUSDT,Buy,300,0.4165,MinusTick,0142be9f-8a93-5112-bd1d-9311f0a36fe8,1.2494999999999998e+10,300,124.94999999999999
1658196658,AGLDUSDT,Buy,0.5,0.4165,ZeroMinusTick,576f7174-b53d-5593-9af1-e7220939d39c,2.0825e+07,0.5,0.20825
1658196690,AGLDUSDT,Sell,800,0.4160,MinusTick,1f18b02f-681f-56c4-aafd-333b54ea62fe,3.328e+10,800,332.8
1658196690,AGLDUSDT,Sell,240,0.4160,ZeroMinusTick,b9b2781b-ab61-561c-a305-d862b8995307,9.983999999999998e+09,240,99.83999999999999
1658196710,AGLDUSDT,Sell,240,0.4155,MinusTick,584333c0-53c2-5bb6-b939-0d020e1c206b,9.972e+09,240,99.72
1658196710,AGLDUSDT,Sell,300,0.4155,ZeroMinusTick,17c8d70b-06f3-5629-8756-c1539ece267c,1.2465e+10,300,124.64999999999999
1658196710,AGLDUSDT,Sell,800,0.4155,ZeroMinusTick,6720f885-07a4-5457-a6f1-026b35d5bbef,3.3239999999999996e+10,800,332.4
1658196743,AGLDUSDT,Buy,300,0.4155,ZeroMinusTick,7e8ccd98-44b7-54c1-944b-c70edafc00a8,1.2465e+10,300,124.64999999999999
1658196788,AGLDUSDT,Buy,10,0.4165,PlusTick,4928326b-eb58-5627-9b37-1e03cc996bca,4.165e+08,10,4.165
1658196892,AGLDUSDT,Sell,240,0.4155,MinusTick,7125f4af-9e44-5620-b656-cefc5eb23b40,9.972e+09,240,99.72
1658196898,AGLDUSDT,Sell,4,0.4150,MinusTick,4fdbfea6-9479-5e84-a474-de4e978ed655,1.66e+08,4,1.66
1658196948,AGLDUSDT,Buy,0.5,0.4150,ZeroMinusTick,500974b7-83fa-55f7-a822-a2e61384e34c,2.075e+07,0.5,0.2075
1658196960,AGLDUSDT,Sell,0.1,0.4145,MinusTick,64a71840-9385-578d-9ff0-87e8d81e712c,4.145e+06,0.1,0.04145
1658196996,AGLDUSDT,Sell,379.9,0.4145,ZeroMinusTick,59436712-51ee-5740-967f-8856c67c5345,1.5746855e+10,379.9,157.46855
1658196996,AGLDUSDT,Sell,1206.2,0.4145,ZeroMinusTick,3bb2409d-ebd7-5a98-a2ea-4eb04bc78d40,4.999699e+10,1206.2,499.9699
1658196996,AGLDUSDT,Sell,241,0.4145,ZeroMinusTick,2c6cf1dd-1c2d-5532-b8ac-689f1ec2ae79,9.98945e+09,241,99.8945
1658196998,AGLDUSDT,Buy,300,0.4145,ZeroMinusTick,8c187095-faa0-5b98-97a2-840d17c48add,1.2435e+10,300,124.35
1658197029,AGLDUSDT,Buy,300,0.4150,PlusTick,75a53b6b-2006-5fc2-b56a-71ec9fab3a69,1.245e+10,300,124.5
1658197030,AGLDUSDT,Buy,300,0.4155,PlusTick,eb68753f-01fa-53c6-b1aa-afcdb44ae121,1.2465e+10,300,124.64999999999999
1658197148,AGLDUSDT,Sell,0.4,0.4150,MinusTick,e0b04fb0-ea5d-5dc3-9055-aa4ef81c803c,1.66e+07,0.4,0.166
1658197228,AGLDUSDT,Sell,300,0.4155,PlusTick,9c8fd6b2-50d5-5592-81b9-42dba6a8f26c,1.2465e+10,300,124.64999999999999
1658197228,AGLDUSDT,Sell,240,0.4155,ZeroMinusTick,3e609d2d-75e0-54d4-8854-ba5430e208c1,9.972e+09,240,99.72
1658197258,AGLDUSDT,Buy,1.2,0.4155,ZeroMinusTick,7e41ba6e-534c-5935-b1d8-2370959856e9,4.985999999999999e+07,1.2,0.49859999999999993
1658197266,AGLDUSDT,Buy,300,0.4160,PlusTick,7afab2f4-1a90-5b0d-8fe1-0be9272a1e61,1.248e+10,300,124.8
1658197331,AGLDUSDT,Sell,240,0.4165,PlusTick,f2108224-de96-5b46-adce-9078cb24bf9f,9.996e+09,240,99.96
1658197331,AGLDUSDT,Sell,157.5,0.4165,ZeroMinusTick,952d2cd4-e1aa-5e7b-a5fd-5702bb705c5f,6.559875e+09,157.5,65.59875
1658197331,AGLDUSDT,Sell,142.5,0.4165,ZeroMinusTick,6cda9c8d-24bd-5344-b79f-d10e1352496e,5.935125e+09,142.5,59.35125
1658197338,AGLDUSDT,Buy,1,0.4165,ZeroMinusTick,7e4d7c5f-ef0f-5d2b-9bf9-c0fb8637e21e,4.165e+07,1,0.4165
1658197468,AGLDUSDT,Buy,300,0.4170,PlusTick,9152496a-3edd-5cbe-8986-5e844115c41e,1.251e+10,300,125.1
1658197468,AGLDUSDT,Buy,1199,0.4170,ZeroMinusTick,1482617b-c8d8-55a4-8154-f5467bac5fb7,4.99983e+10,1199,499.983
1658197522,AGLDUSDT,Buy,300,0.4170,ZeroMinusTick,96c18f6d-b822-5890-9545-b952a2668ffa,1.251e+10,300,125.1
1658197522,AGLDUSDT,Buy,800,0.4170,ZeroMinusTick,860b358c-3e94-5d8b-a437-5e70f0c6cb98,3.3359999999999996e+10,800,333.59999999999997
1658197558,AGLDUSDT,Buy,1,0.4175,PlusTick,c7dd5519-cc27-5e13-8366-cba2eba183c6,4.175e+07,1,0.4175
1658197616,AGLDUSDT,Buy,800,0.4165,MinusTick,718a43e5-d449-5d46-98e0-bd4435c73ef0,3.332e+10,800,333.2
1658197672,AGLDUSDT,Buy,800,0.4165,ZeroMinusTick,4635d054-666e-54a9-85c9-a28e9d2a8868,3.332e+10,800,333.2
1658197688,AGLDUSDT,Buy,0.1,0.4170,PlusTick,03d264cc-1ac6-5b9b-89e0-eea64b31ecfd,4.17e+06,0.1,0.0417
1658197785,AGLDUSDT,Buy,300,0.4170,ZeroMinusTick,b31f3cbd-4f51-5143-bbce-7fc4b877a296,1.251e+10,300,125.1
1658197787,AGLDUSDT,Buy,800,0.4175,PlusTick,8c12faf4-fe65-50e0-81aa-b1ee5c2caf45,3.34e+10,800,334
1658197809,AGLDUSDT,Buy,1196.1,0.4180,PlusTick,2058dc09-7eb9-5904-b826-ca5f56c182f4,4.999698e+10,1196.1,499.96979999999996
1658197831,AGLDUSDT,Sell,300,0.4180,ZeroMinusTick,ad5b205b-0677-5cca-a552-8dfa84df4e55,1.254e+10,300,125.39999999999999
1658197860,AGLDUSDT,Buy,300,0.4180,ZeroMinusTick,7863fb06-fd5a-5552-a9fe-6b08c2d9452c,1.254e+10,300,125.39999999999999
1658197878,AGLDUSDT,Buy,0.7,0.4185,PlusTick,4219a485-b22d-5a25-a616-3c22e1efdb7c,2.9295e+07,0.7,0.29295
1658198058,AGLDUSDT,Buy,0.1,0.4185,ZeroMinusTick,125aca26-e187-57d0-9a10-bd446e1c8e93,4.185e+06,0.1,0.04185
1658198187,AGLDUSDT,Buy,800,0.4180,MinusTick,72aa320a-ecff-5562-a0cc-e13c150fa36f,3.3439999999999996e+10,800,334.4
1658198230,AGLDUSDT,Buy,800,0.4185,PlusTick,4ff4bdb7-f6cb-5b0c-8a1b-6fb92cd8f859,3.348e+10,800,334.8
1658198238,AGLDUSDT,Buy,0.2,0.4190,PlusTick,946def72-82c7-5ace-99b6-a8684a516bbc,8.38e+06,0.2,0.0838
1658198249,AGLDUSDT,Sell,300,0.4190,ZeroMinusTick,2414b0d7-677f-5c15-b0bd-04ea0209a990,1.2569999999999998e+10,300,125.69999999999999
1658198270,AGLDUSDT,Buy,355.3,0.4185,MinusTick,2477a188-a039-5540-b7d0-7ec3d0feda53,1.4869305e+10,355.3,148.69305
1658198270,AGLDUSDT,Buy,355.3,0.4185,ZeroMinusTick,5efb9b5a-9920-54ff-a2bd-3515bc182309,1.4869305e+10,355.3,148.69305
1658198276,AGLDUSDT,Buy,89.4,0.4185,ZeroMinusTick,70badbe3-0c21-5a90-b682-1c18b6042aaf,3.74139e+09,89.4,37.4139
1658198276,AGLDUSDT,Buy,621.2,0.4185,ZeroMinusTick,db86d124-9946-5db1-8e2d-b6c130dc5717,2.599722e+10,621.2,259.9722
1658198358,AGLDUSDT,Sell,1.2,0.4180,MinusTick,8ddaf3b0-6b22-5a3a-876a-0d279735eb03,5.015999999999999e+07,1.2,0.5015999999999999
1658198459,AGLDUSDT,Sell,300,0.4185,PlusTick,6bcfdd86-2902-59c0-a303-fcfb0220596b,1.2555e+10,300,125.55
1658198459,AGLDUSDT,Sell,800,0.4185,ZeroMinusTick,384cbb56-4d1a-559e-913c-aa947a027b4b,3.348e+10,800,334.8
1658198558,AGLDUSDT,Buy,2,0.4185,ZeroMinusTick,2d2c1233-7516-5e64-b75d-dec8aaa3622b,8.37e+07,2,0.837
1658198648,AGLDUSDT,Buy,0.1,0.4180,MinusTick,773524e8-51bc-5fc8-b330-1c48dc6b69fc,4.1800000000000005e+06,0.1,0.041800000000000004
1658198728,AGLDUSDT,Sell,1.9,0.4190,PlusTick,cdc88ef2-56ba-51ec-b94c-a79b459b70bd,7.960999999999999e+07,1.9,0.7960999999999999
1658198748,AGLDUSDT,Buy,0.1,0.4195,PlusTick,e867a8ba-1f16-51db-8f5b-f07e5bb698db,4.195e+06,0.1,0.04195
1658198812,AGLDUSDT,Sell,298.1,0.4190,MinusTick,ddfcc174-785b-5b7c-979a-4c37823ea253,1.249039e+10,298.1,124.90390000000001
1658198820,AGLDUSDT,Buy,300,0.4190,ZeroMinusTick,6da5d4b0-0e5b-531d-a622-7348edb70aba,1.2569999999999998e+10,300,125.69999999999999
1658198918,AGLDUSDT,Buy,0.4,0.4195,PlusTick,0b974c0e-800b-5967-b56d-6a0fda4654c3,1.678e+07,0.4,0.1678
1658198936,AGLDUSDT,Buy,800,0.4190,MinusTick,f1840c63-58c4-5fae-8adb-95f477bbf539,3.352e+10,800,335.2
1658199128,AGLDUSDT,Sell,1,0.4180,MinusTick,1b46684a-c783-5293-b869-61e4b17a46d6,4.18e+07,1,0.418
1658199183,AGLDUSDT,Sell,300,0.4185,PlusTick,11570dfa-4fd9-571d-b5d4-a3f204ac38d7,1.2555e+10,300,125.55
1658199253,AGLDUSDT,Sell,299,0.4180,MinusTick,1eb050fd-3d51-5d4e-84e8-ab002fb0584e,1.24982e+10,299,124.982
1658199288,AGLDUSDT,Buy,1.6,0.4180,ZeroMinusTick,4717c208-020b-596d-975d-9848cc3098b7,6.688000000000001e+07,1.6,0.6688000000000001
1658199306,AGLDUSDT,Sell,300,0.4170,MinusTick,5ef23979-68e7-53d8-a88c-ab431c6da365,1.251e+10,300,125.1
1658199306,AGLDUSDT,Sell,800,0.4170,ZeroMinusTick,f00bce2b-c912-5fc6-8df7-b73d8d1359c4,3.3359999999999996e+10,800,333.59999999999997
1658199354,AGLDUSDT,Sell,240,0.4170,ZeroMinusTick,689d2642-a622-5f53-a068-c1a056cfb4f1,1.0008e+10,240,100.08
1658199362,AGLDUSDT,Buy,165.4,0.4170,ZeroMinusTick,cf82c0da-7e89-54d3-98dc-a5b363dc9cd3,6.89718e+09,165.4,68.9718
1658199448,AGLDUSDT,Sell,1.2,0.4175,PlusTick,5ca5242a-008b-5da8-b2ac-7ec0a9825d31,5.01e+07,1.2,0.501
1658199485,AGLDUSDT,Sell,239,0.4175,ZeroMinusTick,8fd55e72-4c97-594b-b603-42e70cf4cc2f,9.97825e+09,239,99.7825
1658199570,AGLDUSDT,Sell,300,0.4175,ZeroMinusTick,91a46b87-8ad9-52a3-b34f-c16bd35df1b6,1.2525e+10,300,125.25
1658199570,AGLDUSDT,Sell,239,0.4175,ZeroMinusTick,578e6d45-f2f1-5f31-a343-0e9b21d3b833,9.97825e+09,239,99.7825
1658199570,AGLDUSDT,Sell,800,0.4175,ZeroMinusTick,32492e94-aef5-56fd-af5e-28d934bce983,3.34e+10,800,334
1658199583,AGLDUSDT,Buy,300,0.4180,PlusTick,0db7814d-cb8f-5017-89a3-f218e151626f,1.254e+10,300,125.39999999999999
1658199601,AGLDUSDT,Buy,300,0.4185,PlusTick,9cd90778-d1bd-50f2-88d0-fbadf97bb159,1.2555e+10,300,125.55
1658199601,AGLDUSDT,Buy,799.9,0.4185,ZeroMinusTick,bb9641e5-b6f3-5742-8261-cf499fe503d8,3.3475815e+10,799.9,334.75815
1658199601,AGLDUSDT,Buy,0.1,0.4185,ZeroMinusTick,239610d8-70dd-5c4a-82bc-db059603f283,4.185e+06,0.1,0.04185
1658199607,AGLDUSDT,Buy,300,0.4185,ZeroMinusTick,7446c8a0-41ab-5bd3-bba8-49d4358399e2,1.2555e+10,300,125.55
1658199607,AGLDUSDT,Buy,800,0.4185,ZeroMinusTick,adfed1ac-785f-5ed1-b6b4-bbb21c16dd98,3.348e+10,800,334.8
1658199621,AGLDUSDT,Sell,300,0.4180,MinusTick,4bfb9d10-a971-58b5-992a-26568316ce8b,1.254e+10,300,125.39999999999999
1658199621,AGLDUSDT,Sell,324,0.4180,ZeroMinusTick,bc84b85b-ca35-552a-b331-1737a539e9ec,1.3543199999999998e+10,324,135.432
1658199621,AGLDUSDT,Sell,216,0.4180,ZeroMinusTick,58b91618-f160-511f-9da2-c095a6c9341f,9.0288e+09,216,90.288
1658199621,AGLDUSDT,Sell,800,0.4180,ZeroMinusTick,4ffe72f1-4a85-5f6f-bb3a-8a17fe1fa5f1,3.3439999999999996e+10,800,334.4
1658199648,AGLDUSDT,Sell,1.3,0.4180,ZeroMinusTick,18cb4bf0-22e6-59c1-b8d4-072d2ea0f6fc,5.434e+07,1.3,0.5434
1658199656,AGLDUSDT,Sell,298.7,0.4180,ZeroMinusTick,246cac9d-a3e5-5d11-b604-102fb91823f1,1.2485659999999998e+10,298.7,124.85659999999999
1658199656,AGLDUSDT,Sell,239,0.4180,ZeroMinusTick,b89e07d7-9b48-5906-a58c-d2386a9322fd,9.9902e+09,239,99.902
1658199656,AGLDUSDT,Sell,239,0.4180,ZeroMinusTick,d6f146f2-a3bc-5a41-965c-ebe5c8c3c2ca,9.9902e+09,239,99.902
1658199689,AGLDUSDT,Buy,300,0.4180,ZeroMinusTick,4487f7d1-a955-53ac-9498-edc585df2c61,1.254e+10,300,125.39999999999999
1658199689,AGLDUSDT,Buy,800,0.4180,ZeroMinusTick,b23a7e12-bb0d-5603-a596-57bd85f2ed25,3.3439999999999996e+10,800,334.4
1658199704,AGLDUSDT,Sell,300,0.4175,MinusTick,5307b022-c5ff-52e6-afc5-aa735929dd72,1.2525e+10,300,125.25
1658199706,AGLDUSDT,Buy,300,0.4175,ZeroMinusTick,61772513-f7cd-548c-9904-08d7b64b6e80,1.2525e+10,300,125.25
1658199758,AGLDUSDT,Buy,10,0.4180,PlusTick,0849b6aa-0d8b-5671-89db-618c2a450599,4.18e+08,10,4.18
1658199759,AGLDUSDT,Sell,300,0.4175,MinusTick,402fd84c-070b-52f7-8ee4-60970b481cfd,1.2525e+10,300,125.25
1658199831,AGLDUSDT,Sell,560,0.4170,MinusTick,b34b9111-b1c0-5dd2-8d49-00d33c791657,2.3352e+10,560,233.51999999999998
1658199849,AGLDUSDT,Buy,300,0.4175,PlusTick,686bebf5-8e8b-54e3-b0a6-ade2d53e9f91,1.2525e+10,300,125.25
1658199849,AGLDUSDT,Buy,800,0.4175,ZeroMinusTick,7ce80daa-88a7-5311-bad2-a0c21490f104,3.34e+10,800,334
1658199850,AGLDUSDT,Buy,800,0.4175,ZeroMinusTick,e382b307-47db-592e-ad77-82edeba35cb2,3.34e+10,800,334
1658199850,AGLDUSDT,Buy,800,0.4175,ZeroMinusTick,0121ec74-1e88-507b-9c93-686de336e3f8,3.34e+10,800,334
1658199851,AGLDUSDT,Buy,800,0.4175,ZeroMinusTick,bd818aae-04a4-582c-a2e8-ec6f5a54dfc1,3.34e+10,800,334
1658199888,AGLDUSDT,Buy,1.8,0.4180,PlusTick,36b2f083-75dc-5da3-93a4-71c8a20120c1,7.524e+07,1.8,0.7524
1658199964,AGLDUSDT,Sell,239,0.4185,PlusTick,e9059e56-2690-5fba-aeda-570a9b9e4eda,1.0002149999999998e+10,239,100.02149999999999
1658199964,AGLDUSDT,Sell,300,0.4185,ZeroMinusTick,8dcf676c-8e70-585b-9139-8f1ac09ad657,1.2555e+10,300,125.55
1658199968,AGLDUSDT,Buy,1.7,0.4190,PlusTick,ff9a5a97-fb95-5cf0-bf76-f4778862725f,7.123e+07,1.7,0.7122999999999999
1658199972,AGLDUSDT,Sell,300,0.4180,MinusTick,2a8f118a-82c5-56e1-a5cd-d50160f522d2,1.254e+10,300,125.39999999999999
1658199972,AGLDUSDT,Sell,239,0.4180,ZeroMinusTick,df693328-3221-5c50-9b42-fb2b2657cb5f,9.9902e+09,239,99.902
1658199972,AGLDUSDT,Sell,800,0.4175,MinusTick,b3ee4ac7-16c5-5f64-b370-df2cb1576e51,3.34e+10,800,334
1658199972,AGLDUSDT,Sell,639,0.4170,MinusTick,c713d9e4-3880-5b70-8227-515f95a89ef4,2.6646299999999996e+10,639,266.46299999999997
1658199972,AGLDUSDT,Sell,162.5,0.4170,ZeroMinusTick,72f4d7ba-475b-5f1e-94c4-dba8d00f6997,6.77625e+09,162.5,67.7625
1658199972,AGLDUSDT,Sell,318.8,0.4170,ZeroMinusTick,38b367b6-1069-55b3-8189-f285c990aff0,1.3293960000000002e+10,318.8,132.9396
1658200001,AGLDUSDT,Buy,266.1,0.4175,PlusTick,277a3645-6618-55c6-99e4-8c1533d9a4f1,1.1109675e+10,266.1,111.09675
1658200001,AGLDUSDT,Buy,300,0.4175,ZeroMinusTick,179b5b14-a005-52f9-aa86-230db388a3de,1.2525e+10,300,125.25
1658200001,AGLDUSDT,Buy,124.3,0.4175,ZeroMinusTick,65d71ac5-d211-5af5-9f42-a632deefa947,5.189525e+09,124.3,51.89525
1658200001,AGLDUSDT,Buy,155.9,0.4175,ZeroMinusTick,c78915ef-4b8f-5227-85fe-c45b729e5940,6.508825e+09,155.9,65.08825
1658200041,AGLDUSDT,Sell,300,0.4170,MinusTick,5bd7943e-b10e-54bd-89f2-f411d8d37d3a,1.251e+10,300,125.1
1658200041,AGLDUSDT,Sell,240,0.4170,ZeroMinusTick,ee25888f-101d-5a40-9ba6-51822b4b303e,1.0008e+10,240,100.08
1658200105,AGLDUSDT,Buy,300,0.4165,MinusTick,70db2ad8-e4ae-52c9-8e50-c2e9a870014d,1.2494999999999998e+10,300,124.94999999999999
1658200105,AGLDUSDT,Buy,500,0.4165,ZeroMinusTick,ec07c303-c97a-52fd-9722-c61a55ae3c11,2.0825e+10,500,208.25
1658200107,AGLDUSDT,Buy,300,0.4160,MinusTick,20598b1a-e781-5682-80d9-913df4a834de,1.248e+10,300,124.8
1658200107,AGLDUSDT,Buy,261,0.4160,ZeroMinusTick,582580c1-b1ce-580a-8b29-acd0f2b7901b,1.08576e+10,261,108.576
1658200168,AGLDUSDT,Sell,0.1,0.4160,ZeroMinusTick,63caf4b6-100b-5216-bed1-42f30ab1d2a5,4.16e+06,0.1,0.0416
1658200173,AGLDUSDT,Buy,300,0.4165,PlusTick,d576b0ff-edc7-55f8-81fe-322b12d02c72,1.2494999999999998e+10,300,124.94999999999999
1658200338,AGLDUSDT,Sell,0.1,0.4160,MinusTick,aba44105-5152-5a5c-bca4-43358c3012d3,4.16e+06,0.1,0.0416
1658200378,AGLDUSDT,Buy,300,0.4165,PlusTick,27a79ea5-d8c2-5749-9817-2e6d27422260,1.2494999999999998e+10,300,124.94999999999999
1658200421,AGLDUSDT,Sell,300,0.4170,PlusTick,a0ccfb31-0da3-5c6e-88f8-7c2e8dcf3e39,1.251e+10,300,125.1
1658200468,AGLDUSDT,Buy,0.1,0.4175,PlusTick,1a39271e-c62d-5ba6-a2e3-4451e2c4af87,4.1750000000000005e+06,0.1,0.04175
1658200537,AGLDUSDT,Sell,300,0.4175,ZeroMinusTick,867a507a-0a2a-5033-9042-95d904762570,1.2525e+10,300,125.25
1658200618,AGLDUSDT,Sell,0.1,0.4175,ZeroMinusTick,cb71f5f6-e956-5a96-b86e-32867da6e7aa,4.1750000000000005e+06,0.1,0.04175
1658200680,AGLDUSDT,Buy,300,0.4180,PlusTick,798b75c5-7d30-5d07-acc2-8a37435c0b4f,1.254e+10,300,125.39999999999999
1658200682,AGLDUSDT,Buy,1459.7,0.4185,PlusTick,4034fe6f-75ef-5bfa-8bca-aeffa496c38e,6.1088445e+10,1459.7,610.88445
1658200682,AGLDUSDT,Buy,344.9,0.4185,ZeroMinusTick,9bbcb134-c710-580c-8a6c-4437162d96a9,1.4434064999999998e+10,344.9,144.34064999999998
1658200682,AGLDUSDT,Buy,979.7,0.4185,ZeroMinusTick,8b652f42-2107-501d-8ec8-a59085445c5a,4.1000445e+10,979.7,410.00445
1658200682,AGLDUSDT,Buy,135.1,0.4185,ZeroMinusTick,9e01dce7-205e-5f49-ad82-05e6aaac679c,5.653935e+09,135.1,56.53935
1658200682,AGLDUSDT,Buy,1059.6,0.4185,ZeroMinusTick,79f7192f-3cab-5706-b7b7-bfdeebfd3c4f,4.434426e+10,1059.6,443.44259999999997
1658200690,AGLDUSDT,Buy,1193.3,0.4190,PlusTick,9d454f1f-1e78-5e9b-bbc6-c36b1713db7f,4.999926999999999e+10,1193.3,499.99269999999996
1658200697,AGLDUSDT,Sell,800,0.4190,ZeroMinusTick,ca97efb6-29ec-5054-8151-802793376047,3.352e+10,800,335.2
1658200698,AGLDUSDT,Buy,1.6,0.4195,PlusTick,4f421e12-d2bd-593a-a7bb-98d07fc4e27e,6.712e+07,1.6,0.6712
1658200701,AGLDUSDT,Buy,298.4,0.4195,ZeroMinusTick,8838b5d4-b7f0-55f4-9d93-b754d92099a9,1.2517879999999998e+10,298.4,125.17879999999998
1658200701,AGLDUSDT,Buy,799.9,0.4195,ZeroMinusTick,47249bdf-e320-5d58-aaa6-c32a1076bb4f,3.3555804999999996e+10,799.9,335.55805
1658200726,AGLDUSDT,Sell,800,0.4200,PlusTick,037e4125-e31d-5054-b197-3f792f9d32cc,3.36e+10,800,336
1658200728,AGLDUSDT,Sell,800,0.4195,MinusTick,f8556f2f-a384-5677-89ce-4fc3005262ec,3.3559999999999996e+10,800,335.59999999999997
1658200740,AGLDUSDT,Sell,293.1,0.4195,ZeroMinusTick,6e1fe0cf-d568-5467-93bc-723d113bb006,1.2295545e+10,293.1,122.95545
1658200778,AGLDUSDT,Sell,0.4,0.4200,PlusTick,a1b9dd76-aa4e-51af-b269-548a8cb507a0,1.68e+07,0.4,0.168
1658200812,AGLDUSDT,Buy,300,0.4205,PlusTick,853cd31d-3b57-5aa4-814a-df1f6076db8c,1.2615e+10,300,126.14999999999999
1658200812,AGLDUSDT,Buy,799.9,0.4205,ZeroMinusTick,be69904e-7802-5945-a500-22d3b687e620,3.3635794999999996e+10,799.9,336.35794999999996
1658200868,AGLDUSDT,Buy,0.6,0.4210,PlusTick,ee1542be-848d-53e2-a129-2fed85ffa8ee,2.526e+07,0.6,0.2526
1658200897,AGLDUSDT,Sell,800,0.4205,MinusTick,5e7f77b5-b25d-5f1f-87b6-7c616e996c1e,3.3639999999999996e+10,800,336.4
1658200923,AGLDUSDT,Sell,300,0.4195,MinusTick,1bddad0e-9262-5cdd-b7aa-92ba77672658,1.2585e+10,300,125.85
1658200923,AGLDUSDT,Sell,2268.5,0.4195,ZeroMinusTick,4ff1a204-ecea-5f6a-a6c8-70653d39575f,9.516357499999998e+10,2268.5,951.6357499999999
1658200923,AGLDUSDT,Sell,800,0.4195,ZeroMinusTick,d0f2e1c5-028c-521e-aa86-507cc668ec29,3.3559999999999996e+10,800,335.59999999999997
1658200980,AGLDUSDT,Sell,300,0.4195,ZeroMinusTick,3797c07d-eb26-51b9-9f5b-b110f5d6384a,1.2585e+10,300,125.85
1658200980,AGLDUSDT,Sell,800,0.4195,ZeroMinusTick,da79ba7a-65e8-5608-aa28-9e931287edcd,3.3559999999999996e+10,800,335.59999999999997
1658200987,AGLDUSDT,Buy,800,0.4205,PlusTick,5efa8c37-cc76-5153-8343-09897a4edaf7,3.3639999999999996e+10,800,336.4
1658201018,AGLDUSDT,Sell,800,0.4200,MinusTick,01dd75ac-d339-5a62-8ec7-ffcf6aa72dff,3.36e+10,800,336
1658201018,AGLDUSDT,Buy,1.5,0.4200,ZeroMinusTick,215bb5a8-9c37-5643-aed0-4182cb2f5a5b,6.3e+07,1.5,0.63
