timestamp,symbol,side,size,price,tickDirection,trdMatchID,grossValue,homeNotional,foreignNotional
1658275203,AGLDUSDT,Sell,275,0.4385,ZeroMinusTick,fc2e24fe-3056-5d4e-a5e7-6be0e8d6010b,1.205875e+10,275,120.5875
1658275231,AGLDUSDT,Sell,0.3,0.4370,MinusTick,efd64643-d864-552f-b29e-f14974ce37e6,1.311e+07,0.3,0.1311
1658275260,AGLDUSDT,Sell,800,0.4375,PlusTick,1413ab7d-f594-5d83-8c07-05bc0c041d85,3.5e+10,800,350
1658275267,AGLDUSDT,Sell,800,0.4375,ZeroMinusTick,21976604-61d7-58d6-9f29-501283206bf1,3.5e+10,800,350
1658275362,AGLDUSDT,Buy,626.2,0.4365,MinusTick,d0a06751-4bba-5d83-9145-4f09890a1f76,2.733363e+10,626.2,273.3363
1658275362,AGLDUSDT,Buy,302.8,0.4365,ZeroMinusTick,efedab48-30dd-5a75-9fd0-0589f8d08c8b,1.321722e+10,302.8,132.1722
1658275364,AGLDUSDT,Buy,228.7,0.4370,PlusTick,a2ca3786-d8f2-5b83-853c-eb44b069e198,9.994189999999998e+09,228.7,99.94189999999999
1658275364,AGLDUSDT,Buy,117.9,0.4370,ZeroMinusTick,393c27fd-4414-5c17-80da-d8d60bd4ce65,5.15223e+09,117.9,51.5223
1658275384,AGLDUSDT,Buy,275,0.4375,PlusTick,42b1db06-b16d-5b44-9cf0-3f5421343cef,1.203125e+10,275,120.3125
1658275384,AGLDUSDT,Buy,800,0.4375,ZeroMinusTick,d8768a39-1300-559c-9bd3-95102d8c9db0,3.5e+10,800,350
1658275391,AGLDUSDT,Buy,1.6,0.4380,PlusTick,ac8257a4-a3ac-520b-8b7a-fe62748f59d2,7.008000000000001e+07,1.6,0.7008000000000001
1658275417,AGLDUSDT,Sell,1144.1,0.4370,MinusTick,d4ef43a9-63d7-533a-acbe-f5fc9ae7775b,4.999716999999999e+10,1144.1,499.97169999999994
1658275424,AGLDUSDT,Buy,275,0.4370,ZeroMinusTick,96929de0-94dc-5eb6-bb74-4c3f524de41f,1.20175e+10,275,120.175
1658275431,AGLDUSDT,Sell,228.7,0.4365,MinusTick,db9f111c-6ccc-59f7-bc12-c487c5aec264,9.982754999999998e+09,228.7,99.82754999999999
1658275431,AGLDUSDT,Sell,972.3,0.4365,ZeroMinusTick,378d0f2f-cfff-5de6-abfe-2073ba2b33c3,4.2440895e+10,972.3,424.40895
1658275495,AGLDUSDT,Sell,228.7,0.4365,ZeroMinusTick,81906fb4-7f6f-5b24-8e2d-40720ba63ec6,9.982754999999998e+09,228.7,99.82754999999999
1658275505,AGLDUSDT,Buy,118.4,0.4365,ZeroMinusTick,4a1c39be-ea58-541c-a7e3-40ff32e7120e,5.16816e+09,118.4,51.6816
1658275506,AGLDUSDT,Buy,228.7,0.4370,PlusTick,b6465786-1a2a-5523-82f4-ce6f807a9e75,9.994189999999998e+09,228.7,99.94189999999999
1658275506,AGLDUSDT,Buy,120.1,0.4375,PlusTick,05a4635d-6419-5e6c-9668-02ae37897965,5.254375e+09,120.1,52.543749999999996
1658275534,AGLDUSDT,Buy,136.7,0.4370,MinusTick,df0947f3-5ac5-5400-8210-8155c2195afd,5.97379e+09,136.7,59.737899999999996
1658275534,AGLDUSDT,Buy,196.4,0.4370,ZeroMinusTick,36d933f5-c59a-562b-9c13-12151ef8583b,8.582680000000001e+09,196.4,85.8268
1658275534,AGLDUSDT,Buy,228.7,0.4370,ZeroMinusTick,38c5082d-7146-5462-8b6a-a8c4d0957451,9.994189999999998e+09,228.7,99.94189999999999
1658275581,AGLDUSDT,Buy,0.1,0.4370,ZeroMinusTick,b30d5f79-c80a-58c7-a312-b9d75fefb07b,4.37e+06,0.1,0.0437
1658275607,AGLDUSDT,Buy,275,0.4370,ZeroMinusTick,137551a8-7a5e-5119-8fc3-cd9a83c920a1,1.20175e+10,275,120.175
1658275607,AGLDUSDT,Buy,228.7,0.4370,ZeroMinusTick,08e8cf55-a904-5d82-bd15-a8de005fd5e3,9.994189999999998e+09,228.7,99.94189999999999
1658275671,AGLDUSDT,Sell,0.9,0.4370,ZeroMinusTick,83d86d70-ede9-5ab1-a810-66bee9e0752d,3.933e+07,0.9,0.3933
1658275762,AGLDUSDT,Sell,0.1,0.4365,MinusTick,e9213c88-8407-5aa5-a50d-b9fe02e11d68,4.365e+06,0.1,0.04365
1658275772,AGLDUSDT,Buy,228.7,0.4370,PlusTick,c2f2ca0a-f079-5ad8-a1a1-0f30eef4080d,9.994189999999998e+09,228.7,99.94189999999999
1658275837,AGLDUSDT,Sell,275,0.4365,MinusTick,1e52b489-b5c0-5920-bc26-8e475347754d,1.200375e+10,275,120.0375
1658275845,AGLDUSDT,Sell,1146.7,0.4360,MinusTick,0836da6c-0391-5f07-a90c-cca8ef020005,4.999612e+10,1146.7,499.9612
1658275845,AGLDUSDT,Sell,227.7,0.4355,MinusTick,fedfaaa7-26b0-5d23-ba5e-e3155d1f7701,9.916335e+09,227.7,99.16335
1658275845,AGLDUSDT,Sell,800,0.4355,ZeroMinusTick,825a4b10-17e2-551b-a70a-66d7c95140eb,3.484e+10,800,348.4
1658275861,AGLDUSDT,Buy,275,0.4355,ZeroMinusTick,8c45376c-e30d-5a75-a165-ebc622419129,1.197625e+10,275,119.7625
1658275877,AGLDUSDT,Sell,1055,0.4350,MinusTick,bbac6ce4-5b97-5933-8d6e-1c934af209b3,4.58925e+10,1055,458.925
1658275879,AGLDUSDT,Sell,668.5,0.4350,ZeroMinusTick,b9cdce88-b065-5972-a950-61b32609dc07,2.907975e+10,668.5,290.7975
1658275879,AGLDUSDT,Sell,20.6,0.4345,MinusTick,8868d6c2-ab9f-5a8f-ab65-7dc9a9a85fdf,8.950700000000001e+08,20.6,8.950700000000001
1658275879,AGLDUSDT,Sell,228.7,0.4345,ZeroMinusTick,3a073675-d958-5fd5-ae52-71265db6d6ee,9.937015e+09,228.7,99.37015
1658275897,AGLDUSDT,Sell,228.7,0.4345,ZeroMinusTick,013e0b4b-f700-5453-a119-5b054a61b1f2,9.937015e+09,228.7,99.37015
1658275903,AGLDUSDT,Sell,243.3,0.4340,MinusTick,0382a437-083b-5ef9-9af8-568f1a578927,1.055922e+10,243.3,105.5922
1658275903,AGLDUSDT,Sell,966.8,0.4340,ZeroMinusTick,8c5b5c51-542a-5879-bace-38d0ab872ffd,4.195911999999999e+10,966.8,419.59119999999996
1658275903,AGLDUSDT,Sell,228.7,0.4340,ZeroMinusTick,131b3451-102c-5fe5-b4fd-328392c69e66,9.92558e+09,228.7,99.2558
1658275903,AGLDUSDT,Buy,275,0.4335,MinusTick,8d4b8b98-67e8-5374-8213-4b99cff6f76a,1.192125e+10,275,119.2125
1658275917,AGLDUSDT,Buy,275,0.4340,PlusTick,745d30a4-6ffb-52b2-9d57-1d275926d430,1.1935e+10,275,119.35
1658275935,AGLDUSDT,Sell,275,0.4335,MinusTick,6ae66bd3-9e31-5d96-8305-1e7612221d1e,1.192125e+10,275,119.2125
1658275935,AGLDUSDT,Sell,1153.4,0.4335,ZeroMinusTick,22209f51-7a66-5148-8bb7-eca04fa3b079,4.999989000000001e+10,1153.4,499.99890000000005
1658275935,AGLDUSDT,Sell,228.7,0.4335,ZeroMinusTick,01564c81-22aa-5a47-ab9e-032a1c71720c,9.914145e+09,228.7,99.14144999999999
1658275935,AGLDUSDT,Buy,2359.5,0.4335,ZeroMinusTick,380f23d1-bd6b-59e7-bf31-893d42bdf66c,1.02284325e+11,2359.5,1022.84325
1658275939,AGLDUSDT,Buy,275,0.4330,MinusTick,60442f6a-f2df-5972-aeee-f8ec1c2cc25b,1.19075e+10,275,119.075
1658275941,AGLDUSDT,Sell,228.7,0.4325,MinusTick,a0449d36-edce-55bd-8e2a-290a2f0c6312,9.891274999999998e+09,228.7,98.91274999999999
1658275941,AGLDUSDT,Sell,275,0.4325,ZeroMinusTick,16c55ebc-d3b3-5ed3-a5b3-a9a0d3d73f7b,1.189375e+10,275,118.9375
1658275941,AGLDUSDT,Sell,1846.5,0.4320,MinusTick,5cbee4c1-ec64-5924-8802-41566a46f12a,7.97688e+10,1846.5,797.688
1658275941,AGLDUSDT,Sell,22.2,0.4315,MinusTick,13600c94-f311-5359-8c02-288b28a18422,9.5793e+08,22.2,9.5793
1658275941,AGLDUSDT,Sell,1982.6,0.4315,ZeroMinusTick,fa5d44cb-e19a-55ee-8409-4f7afa25092f,8.554919e+10,1982.6,855.4919
1658275941,AGLDUSDT,Sell,7.3,0.4315,ZeroMinusTick,6b20f424-0b11-5013-b3c8-9bb0a745286f,3.14995e+08,7.3,3.14995
1658275941,AGLDUSDT,Sell,62.6,0.4315,ZeroMinusTick,352c0183-5e10-5950-a666-37d7e7e85f28,2.70119e+09,62.6,27.0119
1658275941,AGLDUSDT,Sell,1890.7,0.4315,ZeroMinusTick,7b61b3aa-12e9-5745-a1e2-6c963cbb44d8,8.1583705e+10,1890.7,815.83705
1658275941,AGLDUSDT,Sell,972.3,0.4315,ZeroMinusTick,7e864170-3616-518f-95b1-2f126d688769,4.1954745e+10,972.3,419.54744999999997
1658275941,AGLDUSDT,Sell,154.2,0.4315,ZeroMinusTick,03e5fbe2-be32-5f87-ba6c-926ae5e92d2e,6.653729999999999e+09,154.2,66.53729999999999
1658275941,AGLDUSDT,Sell,2557.9,0.4315,ZeroMinusTick,0a1ebdc4-562b-5fe7-b793-e4e2ef4967e9,1.10373385e+11,2557.9,1103.73385
1658275941,AGLDUSDT,Sell,313.3,0.4315,ZeroMinusTick,018a56b8-2efa-5022-b3af-9bcf6116343d,1.3518895e+10,313.3,135.18895
1658275941,AGLDUSDT,Sell,298,0.4315,ZeroMinusTick,2c3b60f2-62e4-562b-8d87-f5f0b35c9d8c,1.2858699999999998e+10,298,128.587
1658275941,AGLDUSDT,Sell,1578.8,0.4310,MinusTick,d3adbd57-5788-572c-b606-4072c2eb4eca,6.804628e+10,1578.8,680.4628
1658275942,AGLDUSDT,Buy,1.9,0.4335,PlusTick,da759e70-38c9-58c9-8f51-efe6335d43a5,8.2365e+07,1.9,0.82365
1658276019,AGLDUSDT,Buy,273.1,0.4335,ZeroMinusTick,c19d2e70-c440-5292-bb0b-827afefb5498,1.1838885e+10,273.1,118.38885
1658276019,AGLDUSDT,Buy,228.7,0.4340,PlusTick,1fb942fd-951b-5f7a-a7f3-c743396c9c14,9.92558e+09,228.7,99.2558
1658276019,AGLDUSDT,Buy,451.7,0.4340,ZeroMinusTick,b5cf93c7-c5c6-5ac9-86de-89ce49180492,1.960378e+10,451.7,196.0378
1658276040,AGLDUSDT,Buy,231.3,0.4330,MinusTick,eabb293c-4db5-543d-9eb8-a1357659cf2e,1.001529e+10,231.3,100.1529
1658276042,AGLDUSDT,Buy,0.4,0.4335,PlusTick,1e035420-5cdf-55c1-aefe-acacc125806e,1.734e+07,0.4,0.1734
1658276091,AGLDUSDT,Sell,228.7,0.4325,MinusTick,c74fa6c5-d21b-592a-9f6e-5a3417781b46,9.891274999999998e+09,228.7,98.91274999999999
1658276091,AGLDUSDT,Sell,275,0.4325,ZeroMinusTick,6b498f25-82d8-5166-9020-5b2d2ec6eafc,1.189375e+10,275,118.9375
1658276194,AGLDUSDT,Sell,228.7,0.4320,MinusTick,b526c1ed-6612-5b61-b260-c0272bc6448a,9.87984e+09,228.7,98.7984
1658276194,AGLDUSDT,Sell,514.8,0.4315,MinusTick,0a9635a2-2f10-52fc-aa1d-281d212df90f,2.2213619999999996e+10,514.8,222.13619999999997
1658276194,AGLDUSDT,Sell,228.7,0.4315,ZeroMinusTick,ffbc3e9f-b93d-57c6-8219-b205a9b343e7,9.868405e+09,228.7,98.68405
1658276194,AGLDUSDT,Sell,1158.7,0.4315,ZeroMinusTick,69ef120c-9a49-53a6-9ac3-bc9be182ce1a,4.9997905e+10,1158.7,499.97905000000003
1658276194,AGLDUSDT,Buy,275,0.4320,PlusTick,a3e11e4c-ec45-52ba-ac1b-e89cef08d01c,1.188e+10,275,118.8
1658276222,AGLDUSDT,Sell,0.1,0.4320,ZeroMinusTick,70cb31af-4c17-57b3-b741-5cfe9d63bf89,4.32e+06,0.1,0.0432
1658276231,AGLDUSDT,Buy,275,0.4325,PlusTick,dfb9d2bf-2912-5e2d-b193-85f41f4a6294,1.189375e+10,275,118.9375
1658276239,AGLDUSDT,Sell,275,0.4325,ZeroMinusTick,4939b406-fc54-591b-ad84-a83a9429ff86,1.189375e+10,275,118.9375
1658276239,AGLDUSDT,Sell,800,0.4325,ZeroMinusTick,0ccede21-4fa1-5bb9-b025-807e29de0acd,3.46e+10,800,346
1658276239,AGLDUSDT,Sell,230.9,0.4325,ZeroMinusTick,31fb7294-56a6-54f1-ad7f-e80a30d31961,9.986425e+09,230.9,99.86425
1658276239,AGLDUSDT,Sell,0.1,0.4325,ZeroMinusTick,99519e12-6322-5b5b-8fda-e7ec11af9921,4.325e+06,0.1,0.043250000000000004
1658276244,AGLDUSDT,Buy,228.7,0.4330,PlusTick,4f7fa0fa-f3c3-53f3-8a2c-6d17eafe3376,9.902709999999998e+09,228.7,99.02709999999999
1658276244,AGLDUSDT,Buy,1154.7,0.4330,ZeroMinusTick,74214895-2059-5632-bf42-b1caad2a8033,4.999851e+10,1154.7,499.9851
1658276342,AGLDUSDT,Sell,1.2,0.4330,ZeroMinusTick,d66cfaa3-7ec5-59cb-9321-3850d91fd11c,5.195999999999999e+07,1.2,0.5196
1658276346,AGLDUSDT,Buy,228.7,0.4335,PlusTick,7452a06d-75f2-5e62-88a9-6db8a14a4157,9.914145e+09,228.7,99.14144999999999
1658276347,AGLDUSDT,Buy,228.7,0.4340,PlusTick,df7e0fd6-d1e7-5400-bbcb-755ea60f61e7,9.92558e+09,228.7,99.2558
1658276347,AGLDUSDT,Buy,275,0.4340,ZeroMinusTick,3b918a47-6143-5d51-b2ce-7828f3b994d0,1.1935e+10,275,119.35
1658276347,AGLDUSDT,Sell,2000.3,0.4340,ZeroMinusTick,fea6c5fa-5d23-5cd7-9848-4dc2c4227b68,8.681302e+10,2000.3,868.1302
1658276347,AGLDUSDT,Sell,2542.5,0.4340,ZeroMinusTick,2f361154-a9ec-5a1c-8e83-d7393b2ab8c4,1.103445e+11,2542.5,1103.445
1658276382,AGLDUSDT,Sell,800,0.4340,ZeroMinusTick,96eee58e-9433-5ba4-bd9d-ea448e139558,3.472e+10,800,347.2
1658276386,AGLDUSDT,Sell,275,0.4335,MinusTick,c2979448-37b1-54a5-b79e-a71af7773c1f,1.192125e+10,275,119.2125
1658276522,AGLDUSDT,Sell,0.5,0.4325,MinusTick,9861e8ee-7c2c-5460-96f4-84aa7644de46,2.1625e+07,0.5,0.21625
1658276603,AGLDUSDT,Buy,275,0.4335,PlusTick,0c53f758-98e9-5540-99f3-36b82b4e56cb,1.192125e+10,275,119.2125
1658276622,AGLDUSDT,Buy,1152,0.4340,PlusTick,a42862f9-57c7-59a9-9289-2f1cf90a4d3b,4.99968e+10,1152,499.968
1658276622,AGLDUSDT,Buy,228.7,0.4340,ZeroMinusTick,fca9bf24-dc94-5361-8638-65542e1b1244,9.92558e+09,228.7,99.2558
1658276622,AGLDUSDT,Buy,231.7,0.4340,ZeroMinusTick,37d51774-bfd3-5bcb-a4c6-8278c1a4e13c,1.005578e+10,231.7,100.5578
1658276622,AGLDUSDT,Buy,43.3,0.4340,ZeroMinusTick,cacb1bfb-ed16-5d10-a887-fbb19dbe6728,1.8792199999999998e+09,43.3,18.792199999999998
1658276632,AGLDUSDT,Sell,275,0.4335,MinusTick,76e93f97-3351-5cca-b04b-bb77a3d92d79,1.192125e+10,275,119.2125
1658276672,AGLDUSDT,Sell,1.8,0.4330,MinusTick,d4bbeae9-34a0-56dd-b365-896907cd1284,7.794e+07,1.8,0.7794
1658276685,AGLDUSDT,Sell,275,0.4335,PlusTick,cbc54760-4195-5d70-970d-99e492ae07ff,1.192125e+10,275,119.2125
1658276731,AGLDUSDT,Buy,275,0.4340,PlusTick,d8f5b3de-9355-5f45-8530-cb55883a4c05,1.1935e+10,275,119.35
1658276731,AGLDUSDT,Buy,228.7,0.4345,PlusTick,d4a47cc6-e691-5a7f-91e9-9c72d0d0ee38,9.937015e+09,228.7,99.37015
1658276732,AGLDUSDT,Buy,1150.7,0.4345,ZeroMinusTick,ad2518e0-f69d-54b0-af5e-29ab927298d7,4.9997915e+10,1150.7,499.97915
1658276732,AGLDUSDT,Buy,228.7,0.4350,PlusTick,b392cc9d-cc5e-542f-a2c9-a7f61ae63182,9.94845e+09,228.7,99.4845
1658276742,AGLDUSDT,Sell,228.7,0.4350,ZeroMinusTick,3a997b21-154e-5ed7-856f-82971c7d53be,9.94845e+09,228.7,99.4845
1658276742,AGLDUSDT,Sell,800,0.4350,ZeroMinusTick,f79f6f2b-c09e-5139-81c5-1f05c5a80e87,3.48e+10,800,348
1658276766,AGLDUSDT,Buy,275,0.4350,ZeroMinusTick,a61fbe15-41d5-5c75-81f1-8ec9796d9c03,1.19625e+10,275,119.625
1658276855,AGLDUSDT,Buy,800,0.4350,ZeroMinusTick,786c55ee-4711-56ac-acc1-5e602449d5b0,3.48e+10,800,348
1658276856,AGLDUSDT,Buy,275,0.4355,PlusTick,95405d29-299e-5c7e-87c3-f737213705ad,1.197625e+10,275,119.7625
1658276856,AGLDUSDT,Buy,481.7,0.4355,ZeroMinusTick,921d98f1-1873-52f7-a70a-054b5eb45ba3,2.0978035e+10,481.7,209.78035
1658276856,AGLDUSDT,Buy,666.4,0.4355,ZeroMinusTick,93984da9-582f-532e-b9fc-24570f55381f,2.902172e+10,666.4,290.2172
1658276856,AGLDUSDT,Buy,90.3,0.4355,ZeroMinusTick,442146de-10b7-5cc7-9486-abcc1c33877d,3.9325649999999995e+09,90.3,39.325649999999996
1658276856,AGLDUSDT,Buy,138.4,0.4355,ZeroMinusTick,3c17ebe6-f301-557e-930a-46aac9830ec5,6.02732e+09,138.4,60.2732
1658276857,AGLDUSDT,Buy,228.7,0.4360,PlusTick,bfaf0e66-6498-5f78-bee6-f110d2b8fd9b,9.97132e+09,228.7,99.7132
1658276857,AGLDUSDT,Buy,972.3,0.4360,ZeroMinusTick,e95c33b0-f930-5dc2-bb4e-42934ae91273,4.239228e+10,972.3,423.9228
1658276857,AGLDUSDT,Buy,800,0.4360,ZeroMinusTick,cf19821f-c8f0-5bd3-bdbd-09ba53d93e7d,3.488e+10,800,348.8
1658276857,AGLDUSDT,Buy,1146.7,0.4360,ZeroMinusTick,a8aa275c-fba1-5ad4-a48c-e575e5f7dd32,4.999612e+10,1146.7,499.9612
1658276858,AGLDUSDT,Sell,62.3,0.4360,ZeroMinusTick,b4a67653-a408-5e85-84e8-82d3f75e14a2,2.7162799999999995e+09,62.3,27.162799999999997
1658276859,AGLDUSDT,Sell,737.7,0.4360,ZeroMinusTick,a9485b85-7758-57d1-8cfd-6f5809f529f4,3.216372e+10,737.7,321.6372
1658276872,AGLDUSDT,Buy,0.5,0.4365,PlusTick,0beec2b0-dc6e-5adc-b7d3-e2e239bc2016,2.1825e+07,0.5,0.21825
1658276942,AGLDUSDT,Sell,0.2,0.4355,MinusTick,d752f11b-7f50-55e4-a42b-f4d2035a122a,8.710000000000002e+06,0.2,0.08710000000000001
1658276946,AGLDUSDT,Sell,228.7,0.4355,ZeroMinusTick,a99359d5-ec03-52bc-a8df-f95d6d242d31,9.959885e+09,228.7,99.59885
1658276984,AGLDUSDT,Sell,228.7,0.4355,ZeroMinusTick,43f5ac5e-3888-5513-a87e-feb34bda2e5c,9.959885e+09,228.7,99.59885
1658277037,AGLDUSDT,Sell,275,0.4360,PlusTick,be468918-14ae-5c9a-8c47-f4fe970680f4,1.199e+10,275,119.9
1658277082,AGLDUSDT,Buy,0.2,0.4360,ZeroMinusTick,51500a50-2547-5bf2-9aa0-3632faf8a966,8.72e+06,0.2,0.0872
1658277245,AGLDUSDT,Sell,228.7,0.4350,MinusTick,1f531e6f-d2f2-5fbe-999e-a8c6a80cc8c7,9.94845e+09,228.7,99.4845
1658277245,AGLDUSDT,Sell,1149.4,0.4350,ZeroMinusTick,7da5bf4a-2d90-5f9d-b28b-0be9f8efb67b,4.99989e+10,1149.4,499.98900000000003
1658277245,AGLDUSDT,Buy,1193.7,0.4350,ZeroMinusTick,c3a47ce5-4b66-56a9-8ff7-1bdafeb3a511,5.192595e+10,1193.7,519.2595
1658277245,AGLDUSDT,Buy,1556.2,0.4350,ZeroMinusTick,e795a069-fcc4-5525-b140-821473332785,6.76947e+10,1556.2,676.947
1658277252,AGLDUSDT,Sell,1.9,0.4345,MinusTick,43c5a844-9842-5e6b-b12c-21df6f81b3ec,8.2555e+07,1.9,0.82555
1658277294,AGLDUSDT,Sell,800,0.4345,ZeroMinusTick,6834faa0-e6d6-5127-a10c-862c55ed991e,3.476e+10,800,347.6
1658277337,AGLDUSDT,Sell,275,0.4350,PlusTick,fcb95983-205a-5c8a-95b8-96c62c1a323c,1.19625e+10,275,119.625
1658277337,AGLDUSDT,Sell,228.7,0.4350,ZeroMinusTick,ea9e863d-bf77-57e3-85d9-7c68e5c37fe6,9.94845e+09,228.7,99.4845
1658277337,AGLDUSDT,Sell,233.8,0.4350,ZeroMinusTick,4b5553a3-c76f-57d4-bf6c-c434203e7d66,1.01703e+10,233.8,101.703
1658277337,AGLDUSDT,Sell,566.2,0.4350,ZeroMinusTick,60eeac87-0f4b-5102-9158-bf3380ec1f3c,2.4629700000000004e+10,566.2,246.29700000000003
1658277422,AGLDUSDT,Sell,2,0.4340,MinusTick,48ff6566-d880-5f1f-870b-756b0f9fd985,8.68e+07,2,0.868
1658277427,AGLDUSDT,Sell,226.7,0.4340,ZeroMinusTick,e537d9cf-50f4-5709-ac85-a9cd4f1426d4,9.83878e+09,226.7,98.3878
1658277536,AGLDUSDT,Buy,275,0.4335,MinusTick,0c420840-5a36-5ca8-8552-ac2b0e0b52c6,1.192125e+10,275,119.2125
1658277539,AGLDUSDT,Buy,275,0.4335,ZeroMinusTick,160f754d-1c26-50bb-8b43-b6cddbc3013f,1.192125e+10,275,119.2125
1658277539,AGLDUSDT,Buy,228.7,0.4335,ZeroMinusTick,0ddb441d-2430-5f30-b12b-03424167e7b1,9.914145e+09,228.7,99.14144999999999
1658277611,AGLDUSDT,Sell,212.5,0.4325,MinusTick,d6847ff7-a765-5828-9f23-ffd438d6ed42,9.190625e+09,212.5,91.90625
1658277611,AGLDUSDT,Sell,62.5,0.4325,ZeroMinusTick,4d92dc60-ebb4-546e-87f0-429178479967,2.703125e+09,62.5,27.03125
1658277619,AGLDUSDT,Sell,228.7,0.4320,MinusTick,083844f6-abc9-50b1-b5e1-1cb897dd2986,9.87984e+09,228.7,98.7984
1658277652,AGLDUSDT,Buy,0.1,0.4320,ZeroMinusTick,1401c7e5-a51b-5204-8b53-6559919facdf,4.32e+06,0.1,0.0432
1658277653,AGLDUSDT,Buy,226.7,0.4320,ZeroMinusTick,74295896-6c69-5db5-838c-20b88f48cca4,9.79344e+09,226.7,97.9344
1658277653,AGLDUSDT,Buy,573.2,0.4320,ZeroMinusTick,77b87e34-d75e-5a15-9b24-11b5f7953304,2.4762240000000004e+10,573.2,247.62240000000003
1658277653,AGLDUSDT,Buy,228.7,0.4320,ZeroMinusTick,a821120b-f27f-5a8a-93d6-66ec95fe1f8f,9.87984e+09,228.7,98.7984
1658277657,AGLDUSDT,Sell,800,0.4320,ZeroMinusTick,9ca02a53-1d7a-5bfc-8075-c21cacb8916d,3.456e+10,800,345.6
1658277663,AGLDUSDT,Sell,739.4,0.4315,MinusTick,6ddf912b-829d-5e3c-8d3c-667f10e55ade,3.1905109999999996e+10,739.4,319.05109999999996
1658277663,AGLDUSDT,Sell,419.3,0.4315,ZeroMinusTick,15995d54-676b-522a-8a8d-5e3c527ceb43,1.8092795e+10,419.3,180.92795
1658277669,AGLDUSDT,Sell,1160,0.4310,MinusTick,b1ed7933-9dd1-5523-92fe-5f0b006c648b,4.9996e+10,1160,499.96
1658277669,AGLDUSDT,Sell,275,0.4310,ZeroMinusTick,6ee148a8-be5c-54a2-8069-526d0521b2a3,1.18525e+10,275,118.52499999999999
1658277671,AGLDUSDT,Sell,228.7,0.4305,MinusTick,59e6501f-e64e-5f26-bd02-7431e9c75eb1,9.845535e+09,228.7,98.45535
1658277673,AGLDUSDT,Buy,275,0.4310,PlusTick,f539b5f3-f765-5e4f-9e58-652601e9935d,1.18525e+10,275,118.52499999999999
1658277735,AGLDUSDT,Buy,228.7,0.4320,PlusTick,a7f5d751-04bc-539f-9087-6571826c4548,9.87984e+09,228.7,98.7984
1658277762,AGLDUSDT,Buy,0.1,0.4320,ZeroMinusTick,a2069ad8-c380-541d-832e-0c031a1d1e84,4.32e+06,0.1,0.0432
1658277842,AGLDUSDT,Sell,1.2,0.4310,MinusTick,dd69dc89-b27f-5760-a115-a4439ea1a098,5.172e+07,1.2,0.5172
1658277855,AGLDUSDT,Sell,1160,0.4310,ZeroMinusTick,2c6843fd-8d4c-5529-9da3-f0e7b9111e3b,4.9996e+10,1160,499.96
1658277864,AGLDUSDT,Sell,228.7,0.4305,MinusTick,7127fae0-3b50-5817-ab19-65e129208213,9.845535e+09,228.7,98.45535
1658277864,AGLDUSDT,Sell,6.6,0.4300,MinusTick,0eaabf5f-f2ba-59e2-b866-45c48598b58b,2.8379999999999994e+08,6.6,2.8379999999999996
1658277864,AGLDUSDT,Sell,228.7,0.4300,ZeroMinusTick,31126902-bb6a-5b19-bb99-109d1e20159b,9.8341e+09,228.7,98.341
1658277865,AGLDUSDT,Sell,275,0.4295,MinusTick,bae8d9ab-4040-503d-a228-140e94de56d6,1.181125e+10,275,118.1125
1658277865,AGLDUSDT,Sell,228.7,0.4295,ZeroMinusTick,a7305cad-892f-548b-b0ae-748811c05b1e,9.822665e+09,228.7,98.22664999999999
1658277869,AGLDUSDT,Buy,1164.1,0.4295,ZeroMinusTick,6813bf47-0c78-5af4-aafc-74614fe223f2,4.999809499999999e+10,1164.1,499.98094999999995
1658277876,AGLDUSDT,Sell,275,0.4295,ZeroMinusTick,d698a2c1-8f4d-5c18-9405-56e99643d320,1.181125e+10,275,118.1125
1658277882,AGLDUSDT,Sell,228.7,0.4290,MinusTick,ee44df45-7142-58b3-8055-3774b93adf95,9.81123e+09,228.7,98.11229999999999
1658277883,AGLDUSDT,Buy,800,0.4290,ZeroMinusTick,2a89ead4-f7bd-56b2-a415-9b8c14ba10a9,3.432e+10,800,343.2
1658277906,AGLDUSDT,Sell,0.1,0.4285,MinusTick,fadf1613-61e5-5662-bdb4-490a99378ae5,4.285e+06,0.1,0.04285
1658277906,AGLDUSDT,Sell,228.6,0.4285,ZeroMinusTick,eeb67b13-1cf9-519e-b303-24de90904d88,9.79551e+09,228.6,97.9551
1658277906,AGLDUSDT,Sell,446.9,0.4285,ZeroMinusTick,68b677c4-d427-5453-bd80-d088782b76ce,1.9149665e+10,446.9,191.49665
1658277906,AGLDUSDT,Sell,619.5,0.4285,ZeroMinusTick,3c0ce95f-5a13-5686-93d1-617378429b14,2.6545575000000004e+10,619.5,265.45575
1658277906,AGLDUSDT,Sell,154.3,0.4285,ZeroMinusTick,98432f18-062c-551c-943a-2761f3df2ebb,6.611755000000001e+09,154.3,66.11755000000001
1658277907,AGLDUSDT,Sell,708.5,0.4285,ZeroMinusTick,5b0d644a-b4b3-5a96-97cd-871821ace703,3.0359224999999996e+10,708.5,303.59225
1658277908,AGLDUSDT,Buy,708.5,0.4285,ZeroMinusTick,b337173a-ecea-5e81-b7a3-c7f344b2b2be,3.0359224999999996e+10,708.5,303.59225
1658277908,AGLDUSDT,Buy,275,0.4285,ZeroMinusTick,00b6ccdb-3cc7-5c7e-9e9d-7b745b29ccbf,1.178375e+10,275,117.83749999999999
1658277908,AGLDUSDT,Buy,233,0.4285,ZeroMinusTick,62055175-5ed3-5511-855d-0222a06ddb59,9.98405e+09,233,99.84049999999999
1658277917,AGLDUSDT,Sell,445,0.4295,PlusTick,bea4b38a-43de-590b-940c-c6acc7d9de00,1.911275e+10,445,191.1275
1658277917,AGLDUSDT,Sell,780.3,0.4295,ZeroMinusTick,a27a1809-b3c8-5a54-8a51-48260c65e82e,3.3513885e+10,780.3,335.13885
1658277917,AGLDUSDT,Sell,166.9,0.4295,ZeroMinusTick,eb4ee9bb-00ae-5b01-a76b-9871211a8367,7.168355e+09,166.9,71.68355
1658277923,AGLDUSDT,Buy,228.7,0.4300,PlusTick,e4cc7763-6fad-589c-965c-3d9e164d8149,9.8341e+09,228.7,98.341
1658277944,AGLDUSDT,Buy,1161.4,0.4305,PlusTick,ad3795ef-31ee-5613-b342-34d85f6074eb,4.999827e+10,1161.4,499.9827
1658277944,AGLDUSDT,Buy,800,0.4305,ZeroMinusTick,2ca283cc-ec0f-58a4-8358-7f7b7d4d804c,3.444e+10,800,344.4
1658277970,AGLDUSDT,Buy,800,0.4305,ZeroMinusTick,45ba9aed-49f5-55c3-a34b-e69b91d8b7bb,3.444e+10,800,344.4
1658277974,AGLDUSDT,Buy,228.7,0.4310,PlusTick,8f16d9e6-b3ba-5782-be4c-42343fa13c61,9.85697e+09,228.7,98.5697
1658277974,AGLDUSDT,Buy,591.1,0.4310,ZeroMinusTick,313f59dc-4bab-5ab5-994b-7ed1344572ab,2.547641e+10,591.1,254.7641
1658277974,AGLDUSDT,Buy,208.9,0.4310,ZeroMinusTick,5c6f0bf7-ddd7-539d-a36a-2538ac951ef8,9.00359e+09,208.9,90.0359
1658277975,AGLDUSDT,Sell,275,0.4310,ZeroMinusTick,3a9d1d72-6503-57ca-9671-3f5f81db2f6c,1.18525e+10,275,118.52499999999999
1658277975,AGLDUSDT,Sell,122.8,0.4310,ZeroMinusTick,0b997e8f-65c8-597a-b8c4-b2c224b8ed29,5.29268e+09,122.8,52.9268
1658277975,AGLDUSDT,Sell,275.8,0.4310,ZeroMinusTick,bf6cb580-4997-533f-88ba-028b0e1ea00d,1.188698e+10,275.8,118.8698
1658277992,AGLDUSDT,Buy,0.1,0.4310,ZeroMinusTick,48ac2b22-3fe2-5719-b8a4-65928c40c1f5,4.31e+06,0.1,0.0431
1658278002,AGLDUSDT,Sell,210.8,0.4305,MinusTick,b649dfb9-3736-5443-ad40-1f1010e8ba96,9.07494e+09,210.8,90.74940000000001
1658278002,AGLDUSDT,Sell,64.2,0.4305,ZeroMinusTick,08b707d1-29c8-5355-a946-88261de877e0,2.76381e+09,64.2,27.6381
1658278002,AGLDUSDT,Sell,146.6,0.4305,ZeroMinusTick,957f9f25-1924-5f8c-8aa8-d1f206f9e703,6.31113e+09,146.6,63.1113
1658278002,AGLDUSDT,Sell,82.1,0.4305,ZeroMinusTick,66502416-edc3-5d2f-b20b-079df3db4f59,3.5344049999999995e+09,82.1,35.344049999999996
1658278002,AGLDUSDT,Sell,128.7,0.4305,ZeroMinusTick,2510b4d9-5af6-58d5-9eec-6e9192459343,5.540534999999999e+09,128.7,55.40534999999999
1658278052,AGLDUSDT,Buy,0.2,0.4310,PlusTick,649dacc4-29b0-5f50-a38d-3a76fdb38e82,8.62e+06,0.2,0.0862
1658278072,AGLDUSDT,Buy,800,0.4310,ZeroMinusTick,17101b8a-d28d-5864-b647-8d9200f24133,3.448e+10,800,344.8
1658278108,AGLDUSDT,Buy,275,0.4315,PlusTick,7a198ece-ee62-5531-81af-66bc80eb978c,1.186625e+10,275,118.6625
1658278108,AGLDUSDT,Buy,228.7,0.4315,ZeroMinusTick,496f5fe5-f2c2-588d-a187-9ee36b6d289f,9.868405e+09,228.7,98.68405
1658278108,AGLDUSDT,Buy,800,0.4315,ZeroMinusTick,44974b77-baaf-5f23-856e-87fc1e6f842c,3.452e+10,800,345.2
1658278108,AGLDUSDT,Buy,232,0.4315,ZeroMinusTick,9bf1f145-dea5-5356-b07d-708764766e2d,1.00108e+10,232,100.108
1658278108,AGLDUSDT,Sell,1220.6,0.4315,ZeroMinusTick,dcf703d1-2114-5ef0-b149-3a83ac6358ad,5.266889e+10,1220.6,526.6889
1658278109,AGLDUSDT,Sell,275,0.4315,ZeroMinusTick,813f05f6-e005-58ee-bbda-762a84bf6e3d,1.186625e+10,275,118.6625
1658278109,AGLDUSDT,Sell,1836.3,0.4315,ZeroMinusTick,d6465c8d-01bb-598f-8184-1e5ad23b2ee3,7.9236345e+10,1836.3,792.36345
1658278109,AGLDUSDT,Sell,228.7,0.4315,ZeroMinusTick,943b43e6-1788-5abc-b325-08fd8960b847,9.868405e+09,228.7,98.68405
1658278122,AGLDUSDT,Sell,1.9,0.4315,ZeroMinusTick,7e2ec396-a546-5336-ac04-63d749092237,8.1985e+07,1.9,0.81985
1658278159,AGLDUSDT,Buy,20,0.4320,PlusTick,db314e2a-355d-5a76-8c71-a306cf4f9dc4,8.64e+08,20,8.64
1658278173,AGLDUSDT,Buy,1157.4,0.4320,ZeroMinusTick,65706429-e7f9-5301-b1e2-f3afcf7703d2,4.999968e+10,1157.4,499.9968
1658278173,AGLDUSDT,Buy,800,0.4320,ZeroMinusTick,6b834a48-2773-5e61-ade5-10a7b53fa79a,3.456e+10,800,345.6
1658278173,AGLDUSDT,Buy,232,0.4320,ZeroMinusTick,5f14c958-f5fc-58e0-8f99-e3f451e9d83e,1.00224e+10,232,100.224
1658278173,AGLDUSDT,Buy,1157.4,0.4320,ZeroMinusTick,12c033f9-faef-5e07-8e9e-2c56304b2eea,4.999968e+10,1157.4,499.9968
1658278199,AGLDUSDT,Sell,175.5,0.4315,MinusTick,b0686240-8529-58d2-99f2-a9aea931cc1a,7.572825e+09,175.5,75.72825
1658278257,AGLDUSDT,Sell,275,0.4310,MinusTick,058ca948-6608-5b56-a438-4abc4ab0d1e7,1.18525e+10,275,118.52499999999999
1658278290,AGLDUSDT,Buy,800,0.4315,PlusTick,e7969337-eba0-56c8-b1a0-23729c3ef75b,3.452e+10,800,345.2
1658278322,AGLDUSDT,Buy,1.1,0.4320,PlusTick,41281a6d-1085-5b73-a87d-b70633890381,4.752e+07,1.1,0.4752
1658278328,AGLDUSDT,Sell,275,0.4310,MinusTick,b2601d9a-4152-5cf2-8955-7148544648d5,1.18525e+10,275,118.52499999999999
1658278328,AGLDUSDT,Sell,228.7,0.4310,ZeroMinusTick,8518d36a-fe0a-5ab7-87d3-72e0eaaf2ef9,9.85697e+09,228.7,98.5697
1658278328,AGLDUSDT,Sell,228.7,0.4305,MinusTick,0251194d-02e6-5643-af5d-7e4eebb59b17,9.845535e+09,228.7,98.45535
1658278328,AGLDUSDT,Sell,275,0.4305,ZeroMinusTick,25321ef4-87df-572f-bc3a-cec91bf4bf7f,1.183875e+10,275,118.3875
1658278328,AGLDUSDT,Sell,228.7,0.4300,MinusTick,0aabee6a-a11c-5131-9cd1-3c92d3a2d8e7,9.8341e+09,228.7,98.341
1658278344,AGLDUSDT,Sell,1162.7,0.4300,ZeroMinusTick,99557f10-5017-5d34-a66f-fb426bd7877b,4.99961e+10,1162.7,499.961
1658278415,AGLDUSDT,Buy,275,0.4300,ZeroMinusTick,213506bc-bebb-5774-af53-42c807f5e9d4,1.1825e+10,275,118.25
1658278452,AGLDUSDT,Sell,0.8,0.4295,MinusTick,dc4446b0-05af-5761-9111-11295df0d755,3.436e+07,0.8,0.3436
1658278453,AGLDUSDT,Sell,227.9,0.4295,ZeroMinusTick,3140b11e-adce-54f2-9d35-51bdd1754009,9.788305e+09,227.9,97.88305
1658278453,AGLDUSDT,Sell,1164.1,0.4295,ZeroMinusTick,61658968-36ce-51af-ab98-ee7e936c345e,4.999809499999999e+10,1164.1,499.98094999999995
1658278468,AGLDUSDT,Sell,309.6,0.4295,ZeroMinusTick,62c8c60d-3ef2-5613-8c7d-dd1dedd297fa,1.3297320000000002e+10,309.6,132.97320000000002
1658278468,AGLDUSDT,Sell,137.7,0.4295,ZeroMinusTick,36f38d3d-9e39-529f-9822-c1e0be2b2112,5.914214999999999e+09,137.7,59.142149999999994
1658278481,AGLDUSDT,Buy,275,0.4295,ZeroMinusTick,48f58072-33cd-5378-919e-51e2fedbbfb3,1.181125e+10,275,118.1125
1658278506,AGLDUSDT,Sell,0.1,0.4295,ZeroMinusTick,05b73495-23c3-574c-8451-9844923cdf49,4.295e+06,0.1,0.04295
1658278506,AGLDUSDT,Sell,799.9,0.4295,ZeroMinusTick,9cb1adf9-03a4-5ab6-a3bb-f4e8746c772b,3.4355705e+10,799.9,343.55705
1658278506,AGLDUSDT,Sell,228.7,0.4290,MinusTick,9629422c-9ad9-5130-90e8-63dbd9acd56b,9.81123e+09,228.7,98.11229999999999
1658278506,AGLDUSDT,Sell,1165.5,0.4290,ZeroMinusTick,4f6bdbba-b8e2-5ac1-99d2-184d8babd89e,4.999995e+10,1165.5,499.9995
1658278506,AGLDUSDT,Sell,275,0.4290,ZeroMinusTick,a7b4dc06-aee7-5475-84c5-450d484230fe,1.17975e+10,275,117.975
1658278506,AGLDUSDT,Sell,1000,0.4285,MinusTick,00ac4f99-48b7-5fae-95f4-9724346a19e4,4.285e+10,1000,428.5
1658278506,AGLDUSDT,Sell,228.7,0.4285,ZeroMinusTick,e1cc1b7f-2d2b-5637-b164-6a983cf53538,9.799794999999998e+09,228.7,97.99794999999999
1658278506,AGLDUSDT,Sell,208,0.4280,MinusTick,63bcda34-9a14-5349-adfc-4bf9e22c7d3a,8.9024e+09,208,89.024
1658278506,AGLDUSDT,Sell,33.5,0.4285,PlusTick,ecb8e92f-4e70-52a5-8c75-74eb82bf7e85,1.435475e+09,33.5,14.35475
1658278506,AGLDUSDT,Sell,1133.3,0.4285,ZeroMinusTick,573503e2-229e-5dd1-a16e-30b8fb6b7a1f,4.856190499999999e+10,1133.3,485.61904999999996
1658278525,AGLDUSDT,Sell,608.7,0.4280,MinusTick,e3a93f79-fc3c-52b8-81f4-8851bbfba75f,2.605236e+10,608.7,260.5236
1658278525,AGLDUSDT,Sell,559.5,0.4280,ZeroMinusTick,8ed7bb5b-f14d-57b7-b279-6edc53b78021,2.39466e+10,559.5,239.466
1658278542,AGLDUSDT,Buy,0.1,0.4280,ZeroMinusTick,37699463-eb64-5655-90e6-89b63604876d,4.280000000000001e+06,0.1,0.042800000000000005
1658278569,AGLDUSDT,Sell,800,0.4280,ZeroMinusTick,445b91fe-35ba-5371-8f7c-7977b65f0687,3.4239999999999996e+10,800,342.4
1658278569,AGLDUSDT,Sell,232.6,0.4275,MinusTick,102c6f6b-8c6d-5432-810a-04109c4b7523,9.94365e+09,232.6,99.4365
1658278569,AGLDUSDT,Sell,246.3,0.4275,ZeroMinusTick,dbb95e4a-7042-5e80-99c2-1cf73f8e981f,1.0529325e+10,246.3,105.29325
1658278569,AGLDUSDT,Sell,298,0.4275,ZeroMinusTick,d7f6e5dd-a273-5b55-a3b1-737e74980612,1.27395e+10,298,127.395
1658278569,AGLDUSDT,Sell,387.3,0.4270,MinusTick,7b4942a4-8a0b-54ec-bd72-f66885747422,1.6537710000000002e+10,387.3,165.3771
1658278569,AGLDUSDT,Sell,232.6,0.4270,ZeroMinusTick,28340bde-66b9-5cf1-be41-7a6e64930b65,9.93202e+09,232.6,99.3202
1658278569,AGLDUSDT,Sell,479.9,0.4270,ZeroMinusTick,6aae035c-5a45-547b-9905-e3589ebad8f1,2.049173e+10,479.9,204.91729999999998
1658278569,AGLDUSDT,Sell,691,0.4270,ZeroMinusTick,54f8e5c5-8be8-5a1a-9b1f-8200d507c9f9,2.95057e+10,691,295.057
1658278569,AGLDUSDT,Sell,1172.3,0.4265,MinusTick,49951bfe-5fe1-503d-9ac4-d4cc36fbb4cd,4.999859499999999e+10,1172.3,499.98594999999995
1658278569,AGLDUSDT,Buy,275,0.4265,ZeroMinusTick,d2d128e2-1be4-5c89-ae5f-749c4d552b01,1.172875e+10,275,117.2875
1658278569,AGLDUSDT,Sell,0.1,0.4265,ZeroMinusTick,4e78f576-66f2-562e-8a94-5cabd194eec6,4.265e+06,0.1,0.04265
1658278569,AGLDUSDT,Sell,1172.3,0.4265,ZeroMinusTick,e659a042-470f-5b10-b091-111b62d49087,4.999859499999999e+10,1172.3,499.98594999999995
1658278570,AGLDUSDT,Sell,20,0.4260,MinusTick,e87211e3-2dbc-54cd-9c8c-fdcd5cf1c336,8.52e+08,20,8.52
1658278606,AGLDUSDT,Sell,0.1,0.4260,ZeroMinusTick,d9bea44c-b702-5297-94ff-8283e8ec5ec6,4.26e+06,0.1,0.0426
1658278606,AGLDUSDT,Sell,254.9,0.4260,ZeroMinusTick,f2f553c5-0f77-57cd-ae58-74d2d272e08a,1.085874e+10,254.9,108.5874
1658278606,AGLDUSDT,Sell,117.5,0.4260,ZeroMinusTick,c2ff44ca-40aa-58be-9d23-5c407372f71f,5.0055e+09,117.5,50.055
1658278606,AGLDUSDT,Sell,342.2,0.4260,ZeroMinusTick,27cf9f15-a982-5630-800b-20c9c49e715b,1.457772e+10,342.2,145.7772
1658278606,AGLDUSDT,Sell,473.7,0.4260,ZeroMinusTick,719ff2a4-d5cb-5488-b05e-ed1b5996894a,2.017962e+10,473.7,201.7962
1658278606,AGLDUSDT,Sell,232.6,0.4255,MinusTick,201156c4-ee79-5073-bd53-d44a3bd994b3,9.89713e+09,232.6,98.9713
1658278612,AGLDUSDT,Sell,582.5,0.4250,MinusTick,e4283213-f5eb-55fa-9afc-bfbb72379921,2.475625e+10,582.5,247.5625
1658278612,AGLDUSDT,Sell,1225.9,0.4250,ZeroMinusTick,a51ac175-e6f2-5d0d-896c-b40651f0a065,5.210075000000001e+10,1225.9,521.0075
1658278612,AGLDUSDT,Sell,227.4,0.4250,ZeroMinusTick,36590064-9b60-53d2-a760-de12c8d970ae,9.6645e+09,227.4,96.645
1658278612,AGLDUSDT,Sell,232.6,0.4250,ZeroMinusTick,1cc086da-4028-544a-a423-e5686f4cf5c7,9.885499999999998e+09,232.6,98.85499999999999
1658278613,AGLDUSDT,Buy,1175,0.4255,PlusTick,7f9e0843-6e42-5bbc-a14b-9ec572746981,4.999625e+10,1175,499.9625
1658278630,AGLDUSDT,Buy,275,0.4260,PlusTick,6a3ca784-b241-5445-a0da-dbf6f5d81f74,1.1715e+10,275,117.14999999999999
1658278630,AGLDUSDT,Buy,800,0.4260,ZeroMinusTick,e0992daf-f963-51f2-b734-dc80c92d88dd,3.408e+10,800,340.8
1658278630,AGLDUSDT,Buy,232.6,0.4265,PlusTick,33e4ed9b-b254-5968-9799-106958238492,9.920389999999998e+09,232.6,99.20389999999999
1658278630,AGLDUSDT,Buy,232.6,0.4270,PlusTick,efd20d47-70cc-5b18-a132-0eb9ad9390b3,9.93202e+09,232.6,99.3202
1658278630,AGLDUSDT,Buy,1999.2,0.4270,ZeroMinusTick,d7061ac9-2ec7-59aa-896f-33acfdde1559,8.536584e+10,1999.2,853.6584
1658278630,AGLDUSDT,Buy,1056.9,0.4270,ZeroMinusTick,6cfceb3f-4d2c-5fa6-b924-8f9c47f54b89,4.512963e+10,1056.9,451.29630000000003
1658278630,AGLDUSDT,Buy,1814.3,0.4270,ZeroMinusTick,3da52fdf-9a1b-5deb-bf83-205bd46ee33b,7.747061e+10,1814.3,774.7061
1658278630,AGLDUSDT,Buy,20.1,0.4270,ZeroMinusTick,8dc08727-9bbd-58a8-859d-fc3922ee3c34,8.582700000000001e+08,20.1,8.5827
1658278630,AGLDUSDT,Buy,9.4,0.4270,ZeroMinusTick,6c93c320-4e57-5059-99a1-088675f0db36,4.0138e+08,9.4,4.0138
1658278630,AGLDUSDT,Buy,1372.4,0.4270,ZeroMinusTick,af2fe860-188d-5a63-9601-3d6a9f84ed28,5.860148e+10,1372.4,586.0148
1658278630,AGLDUSDT,Buy,275,0.4275,PlusTick,f78b6356-b227-54d4-ae72-4bdaf6493205,1.175625e+10,275,117.5625
1658278630,AGLDUSDT,Buy,48.8,0.4275,ZeroMinusTick,a42904a7-4396-5324-a798-1133009d55e5,2.0861999999999998e+09,48.8,20.862
1658278630,AGLDUSDT,Buy,186.2,0.4275,ZeroMinusTick,5bb2c908-64da-5c28-aaf9-19d87cdd1422,7.96005e+09,186.2,79.6005
1658278630,AGLDUSDT,Buy,137.6,0.4275,ZeroMinusTick,1c86fb21-ce47-5cb6-9706-90903dce2092,5.8824e+09,137.6,58.824
1658278630,AGLDUSDT,Buy,0.1,0.4275,ZeroMinusTick,4c38b7ef-91ad-5637-9a29-d12d3b92eb07,4.275e+06,0.1,0.04275
1658278630,AGLDUSDT,Buy,323.8,0.4275,ZeroMinusTick,2b26928c-2ea6-51a1-b94b-f42ebc1b4053,1.384245e+10,323.8,138.4245
1658278630,AGLDUSDT,Buy,323.8,0.4275,ZeroMinusTick,b2cc8550-fb1e-5344-8d7d-7c06fa450ad0,1.384245e+10,323.8,138.4245
1658278630,AGLDUSDT,Buy,323.8,0.4275,ZeroMinusTick,98f73d13-e854-5739-8b62-2c9be7146cb3,1.384245e+10,323.8,138.4245
1658278630,AGLDUSDT,Buy,60.4,0.4275,ZeroMinusTick,879e65d8-4ff2-5185-aa19-f030f92f584b,2.5821e+09,60.4,25.820999999999998
1658278630,AGLDUSDT,Buy,4896.9,0.4280,PlusTick,b8fad098-e05b-5f4a-b425-f68febb053cb,2.0958732e+11,4896.9,2095.8732
1658278630,AGLDUSDT,Buy,168,0.4285,PlusTick,ad4f5e50-7a04-55a3-88e5-d316bacd39a1,7.1988e+09,168,71.988
1658278630,AGLDUSDT,Buy,506,0.4285,ZeroMinusTick,2201e7e4-2cd3-51ea-9362-3fcf1b404807,2.16821e+10,506,216.821
1658278630,AGLDUSDT,Buy,660.8,0.4285,ZeroMinusTick,179479b2-a1f9-5832-90cd-8d653f295dd9,2.8315279999999996e+10,660.8,283.15279999999996
1658278630,AGLDUSDT,Buy,232.6,0.4290,PlusTick,cfe38d78-45f0-50b9-b3e0-73895b019912,9.97854e+09,232.6,99.7854
1658278630,AGLDUSDT,Buy,232.6,0.4295,PlusTick,b4ec5023-9ecc-5ac9-9145-c1424637036f,9.99017e+09,232.6,99.90169999999999
1658278630,AGLDUSDT,Sell,275,0.4295,ZeroMinusTick,e91da1fe-9904-51d3-b1f8-02e68ae4c7f8,1.181125e+10,275,118.1125
1658278631,AGLDUSDT,Sell,1027,0.4295,ZeroMinusTick,a08510e5-b29c-58fc-a081-1536332b2092,4.410965e+10,1027,441.0965
1658278631,AGLDUSDT,Sell,488.1,0.4295,ZeroMinusTick,3eedea7b-8492-5602-a44e-907245b4cdec,2.0963895e+10,488.1,209.63895
1658278639,AGLDUSDT,Sell,275,0.4290,MinusTick,969cfd6d-ed3c-5541-b38b-4288403c8071,1.17975e+10,275,117.975
1658278639,AGLDUSDT,Sell,232.6,0.4290,ZeroMinusTick,860219b1-ed41-5a8e-accf-29ef8d8b4f43,9.97854e+09,232.6,99.7854
1658278639,AGLDUSDT,Sell,196.1,0.4290,ZeroMinusTick,88f3d16f-c4f5-5de3-864c-f3193ed1439a,8.412689999999999e+09,196.1,84.12689999999999
1658278639,AGLDUSDT,Sell,539.2,0.4290,ZeroMinusTick,33ae52c7-320c-505a-a8b5-1de8280a04c2,2.3131680000000004e+10,539.2,231.31680000000003
1658278639,AGLDUSDT,Sell,1134.5,0.4290,ZeroMinusTick,9a3af182-2043-52cc-8f96-b12e73d3268a,4.867005e+10,1134.5,486.7005
1658278666,AGLDUSDT,Buy,1746.3,0.4295,PlusTick,3d392a6d-0360-589e-aef5-281e2c11ac48,7.5003585e+10,1746.3,750.03585
1658278666,AGLDUSDT,Buy,274.6,0.4295,ZeroMinusTick,698a648e-a6a3-54f1-9603-277a447e4066,1.179407e+10,274.6,117.9407
1658278672,AGLDUSDT,Buy,0.3,0.4295,ZeroMinusTick,30ab5240-ba78-5adb-9d58-6a20dc376e58,1.2885e+07,0.3,0.12885
1658278672,AGLDUSDT,Sell,275,0.4290,MinusTick,b9afb360-a9ad-5577-90ba-c89dee4a0aa8,1.17975e+10,275,117.975
1658278672,AGLDUSDT,Sell,184.7,0.4290,ZeroMinusTick,b454e806-550c-5a08-bd41-39a6434e334e,7.92363e+09,184.7,79.2363
1658278692,AGLDUSDT,Sell,232.6,0.4285,MinusTick,a309b777-e59d-5390-88a6-35d1a94b65b0,9.96691e+09,232.6,99.6691
1658278692,AGLDUSDT,Sell,275,0.4285,ZeroMinusTick,57e686e6-e6d5-5743-b3ea-af9b9bb466af,1.178375e+10,275,117.83749999999999
1658278692,AGLDUSDT,Sell,149.4,0.4285,ZeroMinusTick,13662695-d02a-5932-bd3e-d5c1db23a910,6.40179e+09,149.4,64.0179
1658278692,AGLDUSDT,Buy,2483.6,0.4285,ZeroMinusTick,d01e0bc8-57a7-55dc-b36e-f01e2c7740f3,1.0642225999999998e+11,2483.6,1064.2225999999998
1658278692,AGLDUSDT,Buy,2430,0.4285,ZeroMinusTick,f5f99a5d-0885-5598-bfff-1c5f0ea4aba0,1.0412549999999998e+11,2430,1041.2549999999999
1658278697,AGLDUSDT,Sell,275,0.4285,ZeroMinusTick,ac5f8148-e6f0-5a28-a40b-921186521c12,1.178375e+10,275,117.83749999999999
1658278704,AGLDUSDT,Buy,241.4,0.4290,PlusTick,7563de27-bf93-5860-a2ba-e13aaeb17d51,1.035606e+10,241.4,103.5606
1658278720,AGLDUSDT,Buy,232.6,0.4290,ZeroMinusTick,cd2e8888-139f-5c13-a92d-9a565ac24d67,9.97854e+09,232.6,99.7854
1658278720,AGLDUSDT,Buy,1748.6,0.4290,ZeroMinusTick,2926d555-94a5-5519-8151-c1b7fc972692,7.501493999999998e+10,1748.6,750.1493999999999
1658278720,AGLDUSDT,Buy,176.4,0.4290,ZeroMinusTick,96b2f066-d5d5-534d-b24f-805a7ecc5d4d,7.56756e+09,176.4,75.6756
1658278720,AGLDUSDT,Buy,774.6,0.4295,PlusTick,9b96a236-bcbe-56b1-9347-1c91fe15e164,3.326907e+10,774.6,332.6907
1658278720,AGLDUSDT,Buy,232.6,0.4295,ZeroMinusTick,b3f40618-7bb2-528a-91f2-0ca73fc8960b,9.99017e+09,232.6,99.90169999999999
1658278720,AGLDUSDT,Buy,800,0.4295,ZeroMinusTick,a11ca9b8-bc9c-50d5-aac8-b4e8315ace4f,3.436e+10,800,343.6
1658278720,AGLDUSDT,Buy,830.5,0.4295,ZeroMinusTick,d1fa1c0c-f62b-535e-b063-e3a6d56e03ef,3.5669975e+10,830.5,356.69975
1658278720,AGLDUSDT,Buy,333.6,0.4295,ZeroMinusTick,8c0ad3fd-b83e-5a01-9224-d3520b6e3275,1.4328120000000002e+10,333.6,143.2812
1658278721,AGLDUSDT,Sell,800,0.4295,ZeroMinusTick,fbcf435c-e74b-58b2-a67d-a9fa00ec2c39,3.436e+10,800,343.6
1658278721,AGLDUSDT,Sell,275,0.4295,ZeroMinusTick,09821b20-8a2c-5f54-9a94-f91c1984752a,1.181125e+10,275,118.1125
1658278721,AGLDUSDT,Sell,233,0.4295,ZeroMinusTick,93f6cff0-9ebc-5ff1-b73f-47a2fcfb0fe0,1.000735e+10,233,100.0735
1658278742,AGLDUSDT,Buy,232.6,0.4300,PlusTick,cb501654-8679-5155-bb82-560f3595e319,1.00018e+10,232.6,100.018
1658278742,AGLDUSDT,Buy,741.8,0.4300,ZeroMinusTick,42fb6547-c236-5410-b980-12378704a523,3.18974e+10,741.8,318.974
1658278742,AGLDUSDT,Buy,420.9,0.4300,ZeroMinusTick,6d3c123e-4ce1-5557-8a5b-5a4b6cc066f0,1.80987e+10,420.9,180.987
1658278742,AGLDUSDT,Buy,232.6,0.4305,PlusTick,8e307125-78a4-5da4-a048-3f82667dde68,1.001343e+10,232.6,100.1343
1658278742,AGLDUSDT,Buy,320.9,0.4305,ZeroMinusTick,eb6598d8-9e39-5b52-a331-130ab076f3b2,1.3814745e+10,320.9,138.14745
1658278742,AGLDUSDT,Buy,974.4,0.4305,ZeroMinusTick,071dcb65-c00d-51be-96ea-501857db97f8,4.194792e+10,974.4,419.4792
1658278752,AGLDUSDT,Buy,232.6,0.4310,PlusTick,93d7661e-195f-5a43-87cc-906da10154f2,1.002506e+10,232.6,100.25059999999999
1658278769,AGLDUSDT,Buy,1110.3,0.4315,PlusTick,4e9f1bfe-b93c-5a0a-9e8d-cd89c1b6409d,4.7909445e+10,1110.3,479.09445
1658278783,AGLDUSDT,Sell,275,0.4315,ZeroMinusTick,83c59294-4b37-5008-847a-96335d48ddce,1.186625e+10,275,118.6625
1658278783,AGLDUSDT,Buy,547.8,0.4315,ZeroMinusTick,9c3c75e1-154b-519e-b0d8-3f6a66866f83,2.3637569999999996e+10,547.8,236.37569999999997
1658278783,AGLDUSDT,Buy,252.2,0.4315,ZeroMinusTick,4ca6eac5-3d00-513b-a5e9-e7af34ac5dd5,1.088243e+10,252.2,108.8243
1658278785,AGLDUSDT,Buy,800,0.4315,ZeroMinusTick,18210c1c-517b-537d-aca3-4ef619d45471,3.452e+10,800,345.2
1658278803,AGLDUSDT,Sell,275,0.4315,ZeroMinusTick,98d7c86a-4d8d-5e71-b52d-229137864319,1.186625e+10,275,118.6625
1658278803,AGLDUSDT,Sell,232.6,0.4315,ZeroMinusTick,5a4f2acc-3d82-5bdd-9812-c3bb1b71971f,1.003669e+10,232.6,100.3669
1658278838,AGLDUSDT,Sell,232.6,0.4310,MinusTick,591542af-cc85-5bc1-a85e-47caa059d34c,1.002506e+10,232.6,100.25059999999999
1658278838,AGLDUSDT,Sell,800,0.4310,ZeroMinusTick,54b13eec-2e4f-5979-bc07-d449e47aa685,3.448e+10,800,344.8
1658278850,AGLDUSDT,Buy,1158.7,0.4315,PlusTick,e46a952a-143b-5a94-ac1e-ed195ff87927,4.9997905e+10,1158.7,499.97905000000003
1658278851,AGLDUSDT,Buy,232.6,0.4320,PlusTick,50f5f5eb-f1b8-5c5b-a50a-0708e95701af,1.004832e+10,232.6,100.4832
1658278852,AGLDUSDT,Buy,10,0.4325,PlusTick,f0a6f337-69b9-5264-b853-48892d2d6a51,4.325e+08,10,4.325
1658278865,AGLDUSDT,Sell,275,0.4320,MinusTick,e6ddb736-f000-50af-8f2d-178188375d68,1.188e+10,275,118.8
1658278932,AGLDUSDT,Sell,0.6,0.4320,ZeroMinusTick,3295e7ca-8e03-5ff2-a268-06078ce7e0d4,2.592e+07,0.6,0.2592
1658278940,AGLDUSDT,Sell,275,0.4315,MinusTick,57c9f069-0007-5a46-8c6b-f5d5ff020c93,1.186625e+10,275,118.6625
1658278940,AGLDUSDT,Sell,232.6,0.4315,ZeroMinusTick,5de20d87-e8ae-59b8-9362-8ade6582df44,1.003669e+10,232.6,100.3669
1658279051,AGLDUSDT,Sell,232.6,0.4315,ZeroMinusTick,b89e9f20-30cc-50e1-acc0-9038259efcf2,1.003669e+10,232.6,100.3669
1658279051,AGLDUSDT,Sell,275,0.4315,ZeroMinusTick,cfc5b278-b91b-5910-b245-9e55f1040cf6,1.186625e+10,275,118.6625
1658279051,AGLDUSDT,Sell,800,0.4315,ZeroMinusTick,9481dde4-0c10-51bf-b1a7-a87edfdcbfb1,3.452e+10,800,345.2
1658279052,AGLDUSDT,Buy,275,0.4315,ZeroMinusTick,f9d12d7d-c0c5-5193-b62d-2fee187b6fb4,1.186625e+10,275,118.6625
1658279052,AGLDUSDT,Buy,649,0.4315,ZeroMinusTick,b6a66c6f-39c6-5218-96fb-d6298969d4e5,2.800435e+10,649,280.0435
1658279052,AGLDUSDT,Buy,151,0.4315,ZeroMinusTick,d446da7c-b9d7-5dbb-b3c2-76d47da09526,6.515649999999999e+09,151,65.1565
1658279062,AGLDUSDT,Buy,0.8,0.4320,PlusTick,2a07b7bc-1fc2-5bfe-818c-6ba39d8f1c2a,3.456e+07,0.8,0.3456
1658279085,AGLDUSDT,Sell,800,0.4315,MinusTick,d2f2552d-b66e-5329-84c1-f8887dc78b59,3.452e+10,800,345.2
1658279087,AGLDUSDT,Buy,275,0.4315,ZeroMinusTick,9f3ad498-2133-5777-ab26-7457f4e223f6,1.186625e+10,275,118.6625
1658279105,AGLDUSDT,Sell,1160,0.4310,MinusTick,649d7098-6614-5396-a094-574eb8c14715,4.9996e+10,1160,499.96
1658279105,AGLDUSDT,Sell,232.6,0.4310,ZeroMinusTick,8d0b4443-e228-5db0-8ef5-91e5c11b93b1,1.002506e+10,232.6,100.25059999999999
1658279132,AGLDUSDT,Sell,0.5,0.4315,PlusTick,e032ad3f-f164-56fa-b815-97bc0e5760d2,2.1575e+07,0.5,0.21575
1658279197,AGLDUSDT,Buy,374,0.4325,PlusTick,3b9717a2-51f9-566b-987b-78bc04e8908d,1.61755e+10,374,161.755
1658279197,AGLDUSDT,Buy,374,0.4325,ZeroMinusTick,eaf5cff8-005c-5f84-9e43-1cbc5e0cae97,1.61755e+10,374,161.755
1658279197,AGLDUSDT,Buy,52,0.4325,ZeroMinusTick,e2501eee-dca4-57be-8de7-e6053b67d7ee,2.249e+09,52,22.49
1658279225,AGLDUSDT,Sell,232.6,0.4320,MinusTick,3995a735-2ce9-5620-bf6d-0056e1199d54,1.004832e+10,232.6,100.4832
1658279225,AGLDUSDT,Sell,800,0.4320,ZeroMinusTick,c9293e58-19cc-5c4f-8659-a9659b14f5b2,3.456e+10,800,345.6
1658279226,AGLDUSDT,Sell,232.6,0.4315,MinusTick,d0623e4d-adf5-567e-ad7d-d6f73643560b,1.003669e+10,232.6,100.3669
1658279237,AGLDUSDT,Sell,232.6,0.4310,MinusTick,a0e3047f-f60f-520e-bafd-8c284d01d96f,1.002506e+10,232.6,100.25059999999999
1658279267,AGLDUSDT,Buy,275,0.4315,PlusTick,1fac0093-92a3-5943-afa5-03f671771729,1.186625e+10,275,118.6625
1658279302,AGLDUSDT,Buy,1.9,0.4315,ZeroMinusTick,6964b3fe-c88b-5f52-8d57-656716587d89,8.1985e+07,1.9,0.81985
1658279338,AGLDUSDT,Buy,800,0.4315,ZeroMinusTick,af3f662f-386a-5f2f-a8df-d9b42a7b5852,3.452e+10,800,345.2
1658279338,AGLDUSDT,Buy,275,0.4320,PlusTick,315e6d4a-d9df-5bf3-875b-0c4e620251b8,1.188e+10,275,118.8
1658279338,AGLDUSDT,Buy,232.6,0.4320,ZeroMinusTick,f63580c4-078e-57c2-9c61-8a8770d841b4,1.004832e+10,232.6,100.4832
1658279338,AGLDUSDT,Buy,232.6,0.4325,PlusTick,d1e03c91-73cc-5e39-842a-aae87742a2f6,1.005995e+10,232.6,100.59949999999999
1658279338,AGLDUSDT,Buy,331.6,0.4325,ZeroMinusTick,94eddc57-0895-56fa-b657-c373122a0a20,1.43417e+10,331.6,143.417
1658279338,AGLDUSDT,Sell,56.6,0.4320,MinusTick,994dda9b-aad5-554a-928e-f9eaa2bc4584,2.44512e+09,56.6,24.4512
1658279338,AGLDUSDT,Sell,56.6,0.4320,ZeroMinusTick,2befbb30-b1ad-5e11-acdc-5f8641a13c54,2.44512e+09,56.6,24.4512
1658279338,AGLDUSDT,Sell,56.6,0.4320,ZeroMinusTick,27bde342-21bf-51e7-b214-f42414b80d50,2.44512e+09,56.6,24.4512
1658279338,AGLDUSDT,Buy,231,0.4325,PlusTick,e760f641-fbd5-56b1-94dc-45fc2dd59939,9.99075e+09,231,99.9075
1658279342,AGLDUSDT,Sell,232.6,0.4330,PlusTick,77be7360-79cd-5660-adb0-919627f91746,1.007158e+10,232.6,100.7158
1658279379,AGLDUSDT,Buy,1153.4,0.4335,PlusTick,ea9047d7-77c7-5cf1-8cd4-aed3a7a0fb4b,4.999989000000001e+10,1153.4,499.99890000000005
1658279380,AGLDUSDT,Buy,1152,0.4340,PlusTick,37240c66-15f9-510d-a6c8-e0b68d0d0c71,4.99968e+10,1152,499.968
1658279428,AGLDUSDT,Buy,110.6,0.4350,PlusTick,4ede0ddd-4bad-52fb-a13b-b618f28f2299,4.8111e+09,110.6,48.111
1658279429,AGLDUSDT,Buy,689.4,0.4350,ZeroMinusTick,4cc8e4fb-bbed-5d10-981e-63ae0f994e9f,2.99889e+10,689.4,299.889
1658279452,AGLDUSDT,Sell,0.9,0.4345,MinusTick,744b998f-e3fa-519b-a3e7-c9181977ea43,3.9105e+07,0.9,0.39105
1658279494,AGLDUSDT,Sell,274.1,0.4345,ZeroMinusTick,489b2e96-d0de-5281-a6bf-341e6ae697ba,1.1909645e+10,274.1,119.09645
1658279494,AGLDUSDT,Sell,232.6,0.4345,ZeroMinusTick,58cc87b5-d08c-5a11-85cb-cbc9d395dbad,1.010647e+10,232.6,101.0647
1658279572,AGLDUSDT,Sell,0.5,0.4335,MinusTick,c800bbf5-c26e-5cf6-ae7d-4593d69e0a33,2.1675e+07,0.5,0.21675
1658279629,AGLDUSDT,Buy,800,0.4340,PlusTick,8e143703-1715-5334-961b-085ee96faaf1,3.472e+10,800,347.2
1658279661,AGLDUSDT,Sell,275,0.4350,PlusTick,7561161f-0fac-5e68-a9fb-23bd74ef88e7,1.19625e+10,275,119.625
1658279661,AGLDUSDT,Sell,96,0.4350,ZeroMinusTick,8655b6cb-c592-58bf-a4d8-93efca28aa31,4.176e+09,96,41.76
1658279662,AGLDUSDT,Sell,1.4,0.4345,MinusTick,9aa3c75b-6657-5091-9a23-02b7a7fd299c,6.082999999999999e+07,1.4,0.6083
1658279690,AGLDUSDT,Buy,0.1,0.4360,PlusTick,abe64df5-098b-58b0-bc61-2a4dc352d133,4.36e+06,0.1,0.0436
1658279690,AGLDUSDT,Buy,232.5,0.4360,ZeroMinusTick,40959b60-8ac2-5241-80b0-546004f931b1,1.0137e+10,232.5,101.37
1658279709,AGLDUSDT,Sell,232.6,0.4355,MinusTick,260f30f9-6cd1-52f7-b823-093fe1948c91,1.012973e+10,232.6,101.29729999999999
1658279709,AGLDUSDT,Sell,1148.1,0.4355,ZeroMinusTick,3b9a5981-690f-58fc-ad31-c6ac5a001167,4.999975499999999e+10,1148.1,499.99754999999993
1658279718,AGLDUSDT,Buy,800,0.4355,ZeroMinusTick,0f84cd32-5297-5617-b0f3-1a66850357cf,3.484e+10,800,348.4
1658279718,AGLDUSDT,Buy,275,0.4355,ZeroMinusTick,52564d92-320e-52e9-886f-b73d5b97f387,1.197625e+10,275,119.7625
1658279720,AGLDUSDT,Sell,275,0.4355,ZeroMinusTick,0d83d280-90ea-5c5e-9dac-5c7f8657700b,1.197625e+10,275,119.7625
1658279721,AGLDUSDT,Sell,0.1,0.4350,MinusTick,3e0a2b98-517b-54a5-89a3-98ef47da112e,4.35e+06,0.1,0.043500000000000004
1658279721,AGLDUSDT,Sell,232.5,0.4350,ZeroMinusTick,ca075862-1460-50d3-a962-e65f2e3244a4,1.011375e+10,232.5,101.1375
1658279721,AGLDUSDT,Sell,10,0.4350,ZeroMinusTick,6db964f7-662b-5246-84ce-d4a0474db216,4.3499999999999994e+08,10,4.35
1658279777,AGLDUSDT,Buy,275,0.4355,PlusTick,8d02df90-7199-5c1b-9dd1-53d941c14704,1.197625e+10,275,119.7625
1658279777,AGLDUSDT,Buy,229,0.4355,ZeroMinusTick,b85eb398-0923-504d-b4a5-c1460eef2793,9.97295e+09,229,99.7295
1658279778,AGLDUSDT,Buy,172.7,0.4360,PlusTick,5bc15a71-e06c-5992-a67a-67dcca7119b7,7.529719999999999e+09,172.7,75.29719999999999
1658279778,AGLDUSDT,Buy,59.9,0.4360,ZeroMinusTick,6acc09f2-2a3b-57f0-927a-189ae939903e,2.61164e+09,59.9,26.1164
1658279778,AGLDUSDT,Buy,112.8,0.4360,ZeroMinusTick,115c7efe-094d-53b8-bb16-a00216338e8c,4.91808e+09,112.8,49.1808
1658279778,AGLDUSDT,Buy,162.2,0.4360,ZeroMinusTick,0ff82639-75a3-5d98-b4a0-dbb72c6289fb,7.07192e+09,162.2,70.7192
1658279795,AGLDUSDT,Buy,275,0.4370,PlusTick,4b33432f-8be9-5922-acf8-0626f2c7e75a,1.20175e+10,275,120.175
1658279798,AGLDUSDT,Sell,275,0.4375,PlusTick,76659c77-5680-5836-94ed-dc2b5f905225,1.203125e+10,275,120.3125
1658279807,AGLDUSDT,Buy,122.1,0.4375,ZeroMinusTick,38e536ea-3dec-5965-bbbc-9b3596b9e995,5.341875e+09,122.1,53.418749999999996
1658279812,AGLDUSDT,Sell,1.6,0.4370,MinusTick,7242dee9-1f01-5973-8237-dc6f486ae7ab,6.992e+07,1.6,0.6992
1658279834,AGLDUSDT,Buy,800,0.4375,PlusTick,6c20b2c1-46f4-5ac5-b861-cabecaf2f250,3.5e+10,800,350
1658279834,AGLDUSDT,Buy,240.9,0.4375,ZeroMinusTick,bbd91afd-4443-56a1-aa00-246cd3024fe8,1.0539375e+10,240.9,105.39375
1658279842,AGLDUSDT,Buy,800,0.4375,ZeroMinusTick,258915be-dd4b-5ab2-b6ab-0eefe508b36d,3.5e+10,800,350
1658279852,AGLDUSDT,Sell,800,0.4375,ZeroMinusTick,4389a2e3-52df-5955-8c39-43e317a307eb,3.5e+10,800,350
1658279852,AGLDUSDT,Sell,800,0.4375,ZeroMinusTick,dca6a639-f03d-51c2-854a-48afcf580cee,3.5e+10,800,350
1658279852,AGLDUSDT,Sell,275,0.4375,ZeroMinusTick,52b84bd9-1e75-5b0a-94a0-c573dd40a664,1.203125e+10,275,120.3125
1658279918,AGLDUSDT,Buy,800,0.4375,ZeroMinusTick,a8d94e43-3cb5-5770-8951-d50c471be3d2,3.5e+10,800,350
1658280012,AGLDUSDT,Sell,1.4,0.4370,MinusTick,e29d99ea-1812-512d-9b1f-581c91a078f5,6.118e+07,1.4,0.6118
1658280018,AGLDUSDT,Sell,273.6,0.4370,ZeroMinusTick,6f244e93-123e-512a-8c59-4369fee34067,1.195632e+10,273.6,119.56320000000001
1658280018,AGLDUSDT,Sell,232.6,0.4365,MinusTick,3c0dd1b1-c2fc-5eb8-ad1f-1fdfb6e6a93f,1.015299e+10,232.6,101.5299
1658280018,AGLDUSDT,Sell,1564.3,0.4365,ZeroMinusTick,fed75904-acf3-54dd-bd45-1d9352ee4d31,6.8281695e+10,1564.3,682.81695
1658280232,AGLDUSDT,Sell,1.4,0.4365,ZeroMinusTick,326cd28a-bb65-5277-8f9f-7dfa1d39c4a8,6.111e+07,1.4,0.6111
1658280322,AGLDUSDT,Sell,1.5,0.4365,ZeroMinusTick,bd3532f3-204e-5437-8bd8-cff51f97a96c,6.547499999999999e+07,1.5,0.6547499999999999
1658280347,AGLDUSDT,Buy,275,0.4370,PlusTick,05f0350a-189e-5b0d-b4c5-68113bf4d90d,1.20175e+10,275,120.175
1658280360,AGLDUSDT,Sell,800,0.4370,ZeroMinusTick,bc97360a-fdb4-5bb6-b043-c46ddf4f43f9,3.496e+10,800,349.6
1658280361,AGLDUSDT,Sell,229.7,0.4365,MinusTick,8f68ecdc-e6ac-51cb-a071-97ad4d10e43f,1.0026405e+10,229.7,100.26405
1658280374,AGLDUSDT,Buy,800,0.4365,ZeroMinusTick,56e96065-26aa-51c0-96f3-da4eee6d8bbd,3.492e+10,800,349.2
1658280375,AGLDUSDT,Buy,275,0.4370,PlusTick,785ceca7-757f-5236-9719-83c1275415ad,1.20175e+10,275,120.175
1658280400,AGLDUSDT,Sell,232.6,0.4365,MinusTick,9fddd39f-2a40-58cd-94fe-2b8a6867d6fc,1.015299e+10,232.6,101.5299
1658280477,AGLDUSDT,Buy,275,0.4365,ZeroMinusTick,57ed0ce3-c1bf-51b7-9172-4c56a4553447,1.200375e+10,275,120.0375
1658280478,AGLDUSDT,Buy,422.7,0.4370,PlusTick,843a4568-e080-535a-b148-3e1011430162,1.847199e+10,422.7,184.7199
1658280478,AGLDUSDT,Buy,422.7,0.4370,ZeroMinusTick,c45368f6-71ea-51a5-9f4b-b83c3d098a52,1.847199e+10,422.7,184.7199
1658280478,AGLDUSDT,Buy,298.7,0.4370,ZeroMinusTick,4e5881ac-bae8-5d3f-ab7e-ef9bc218c863,1.305319e+10,298.7,130.5319
1658280478,AGLDUSDT,Buy,124,0.4370,ZeroMinusTick,2d82bf89-fc22-535d-8dba-f776df75f841,5.4188e+09,124,54.188
1658280521,AGLDUSDT,Sell,232.6,0.4365,MinusTick,d78b2d0b-b649-5882-93db-333c008c63fa,1.015299e+10,232.6,101.5299
1658280522,AGLDUSDT,Sell,232.6,0.4360,MinusTick,292566e0-b2ac-5792-8170-1d4f4978b117,1.014136e+10,232.6,101.4136
1658280542,AGLDUSDT,Sell,1.6,0.4350,MinusTick,38b2f1b7-6d14-56bc-b918-b51906ba6c0c,6.96e+07,1.6,0.6960000000000001
1658280646,AGLDUSDT,Sell,1146.7,0.4360,PlusTick,0973588d-11c4-5341-885e-86b7969ccaa6,4.999612e+10,1146.7,499.9612
1658280648,AGLDUSDT,Sell,1146.7,0.4360,ZeroMinusTick,8d15f95d-32e1-5c90-9931-29e5f4c42184,4.999612e+10,1146.7,499.9612
1658280655,AGLDUSDT,Sell,275,0.4355,MinusTick,e9a37c39-4bc3-5913-924c-9ea06315e86f,1.197625e+10,275,119.7625
1658280655,AGLDUSDT,Sell,232.6,0.4355,ZeroMinusTick,584dd4db-367d-53a8-bd30-6a869cfc2a14,1.012973e+10,232.6,101.29729999999999
1658280655,AGLDUSDT,Sell,1148.1,0.4355,ZeroMinusTick,c3791486-753d-506c-b6ec-39a718c80b9e,4.999975499999999e+10,1148.1,499.99754999999993
1658280692,AGLDUSDT,Buy,1.4,0.4355,ZeroMinusTick,712da36d-29d6-583f-b2cf-7a4749bd1626,6.096999999999999e+07,1.4,0.6096999999999999
1658280694,AGLDUSDT,Sell,1149.4,0.4350,MinusTick,3010a8e3-2035-5b8a-ae54-a1ee19af7c07,4.99989e+10,1149.4,499.98900000000003
1658280782,AGLDUSDT,Buy,0.4,0.4355,PlusTick,c835a72d-047a-5db4-a630-c662d566b607,1.7420000000000004e+07,0.4,0.17420000000000002
1658280828,AGLDUSDT,Buy,273.2,0.4355,ZeroMinusTick,3f3e334a-a0f4-5ab2-a6ca-8df8451f07ec,1.189786e+10,273.2,118.9786
1658280864,AGLDUSDT,Sell,275,0.4350,MinusTick,aa63b9b1-f6ff-52b1-8a47-bfba67930649,1.19625e+10,275,119.625
1658280864,AGLDUSDT,Sell,230.2,0.4350,ZeroMinusTick,125c7fe6-1a29-5429-9f01-a96a2f1e1884,1.00137e+10,230.2,100.137
1658280878,AGLDUSDT,Sell,275,0.4355,PlusTick,557b8cf2-afde-5814-97d0-66249aafe105,1.197625e+10,275,119.7625
1658280885,AGLDUSDT,Buy,800,0.4355,ZeroMinusTick,b4ae39ee-6e9f-5e48-9e35-a4fc2ebbbba6,3.484e+10,800,348.4
1658280885,AGLDUSDT,Buy,229,0.4355,ZeroMinusTick,b3f52c23-78e5-5b14-8634-bdf2975da0dd,9.97295e+09,229,99.7295
1658280891,AGLDUSDT,Buy,248.3,0.4360,PlusTick,14a172ee-3168-5cdb-ab4e-1f570c9bc3f5,1.082588e+10,248.3,108.25880000000001
1658280891,AGLDUSDT,Buy,26.7,0.4360,ZeroMinusTick,1768c974-4c35-5475-a183-c006f6b4326d,1.16412e+09,26.7,11.6412
1658280926,AGLDUSDT,Buy,275,0.4360,ZeroMinusTick,28a168ff-52a2-5608-8075-99121fcb0b8a,1.199e+10,275,119.9
1658280942,AGLDUSDT,Buy,1.9,0.4365,PlusTick,b1e4840a-21e7-59c7-8050-45efbb37a206,8.293499999999999e+07,1.9,0.8293499999999999
1658281049,AGLDUSDT,Sell,275,0.4365,ZeroMinusTick,3d1ac03f-cfd7-5ac6-9f1e-f479c57db680,1.200375e+10,275,120.0375
1658281092,AGLDUSDT,Sell,1.6,0.4360,MinusTick,adca7d75-a0a4-57c9-9991-c20bb7f453de,6.976e+07,1.6,0.6976
1658281106,AGLDUSDT,Sell,273.4,0.4360,ZeroMinusTick,c304ec54-f56d-5b82-aaa5-a8303f4bf44e,1.1920239999999998e+10,273.4,119.20239999999998
1658281115,AGLDUSDT,Buy,521.7,0.4360,ZeroMinusTick,b8ebbe9e-6b56-5dd0-900d-53939c4473eb,2.2746120000000004e+10,521.7,227.46120000000002
1658281115,AGLDUSDT,Buy,278.3,0.4360,ZeroMinusTick,1caa9c11-6c83-5fa6-a6aa-5f353692cfa0,1.213388e+10,278.3,121.3388
1658281292,AGLDUSDT,Buy,2,0.4365,PlusTick,b7daa9ef-b5d8-5c83-b214-c59e3798ba38,8.73e+07,2,0.873
1658281322,AGLDUSDT,Sell,800,0.4365,ZeroMinusTick,e3e3c356-ec0b-5d7b-ab26-bb0041ac5408,3.492e+10,800,349.2
1658281368,AGLDUSDT,Sell,275,0.4360,MinusTick,1e858b04-99c3-51f7-87ed-bb970aae5c88,1.199e+10,275,119.9
1658281371,AGLDUSDT,Sell,232.6,0.4355,MinusTick,9bef6cc6-c0c1-53a8-a9ae-51181306c53c,1.012973e+10,232.6,101.29729999999999
1658281371,AGLDUSDT,Sell,1148.1,0.4355,ZeroMinusTick,020311c4-2fd0-5663-a074-b3819c36e5b7,4.999975499999999e+10,1148.1,499.99754999999993
1658281371,AGLDUSDT,Sell,800,0.4355,ZeroMinusTick,452554ee-9f2d-5baa-bf55-852537ce86ac,3.484e+10,800,348.4
1658281371,AGLDUSDT,Sell,275,0.4355,ZeroMinusTick,6797dec3-a78c-582e-a351-97a1c9a7910b,1.197625e+10,275,119.7625
1658281371,AGLDUSDT,Buy,275,0.4355,ZeroMinusTick,8171038a-8f63-52f7-8d2d-b5c570bf8e8c,1.197625e+10,275,119.7625
1658281385,AGLDUSDT,Buy,275,0.4360,PlusTick,4cd4b150-08d4-5c43-b52e-04a614d560b7,1.199e+10,275,119.9
1658281385,AGLDUSDT,Buy,232.6,0.4360,ZeroMinusTick,509fabec-bb56-5a2c-899f-a623d8672460,1.014136e+10,232.6,101.4136
1658281430,AGLDUSDT,Buy,275,0.4355,MinusTick,ce7f565f-1907-5fa5-90a7-91d139fc3665,1.197625e+10,275,119.7625
1658281431,AGLDUSDT,Buy,275,0.4355,ZeroMinusTick,3259454f-f560-5b57-8142-a5fd6b6bd6f9,1.197625e+10,275,119.7625
1658281445,AGLDUSDT,Buy,230,0.4355,ZeroMinusTick,2bc16a60-5191-5cff-b4df-75732e8b572a,1.00165e+10,230,100.165
1658281445,AGLDUSDT,Buy,275,0.4360,PlusTick,0d424ace-5a79-5e2c-90e1-8895b2d40ce1,1.199e+10,275,119.9
1658281457,AGLDUSDT,Buy,275,0.4365,PlusTick,f719f329-417a-5a46-9e7a-c92ee06c381e,1.200375e+10,275,120.0375
1658281457,AGLDUSDT,Buy,339.8,0.4365,ZeroMinusTick,c96101d7-892a-55c4-a216-48e188b2447d,1.483227e+10,339.8,148.3227
1658281457,AGLDUSDT,Buy,614.8,0.4365,ZeroMinusTick,39b81d57-1c4d-5838-b5c6-6140975219c8,2.6836019999999996e+10,614.8,268.36019999999996
1658281457,AGLDUSDT,Buy,190.8,0.4365,ZeroMinusTick,85fd7399-aef3-5bd8-8d80-275fb50a7fc1,8.32842e+09,190.8,83.2842
1658281457,AGLDUSDT,Buy,424,0.4365,ZeroMinusTick,51081836-bbef-51f5-82dd-45d0d307624d,1.85076e+10,424,185.076
1658281457,AGLDUSDT,Buy,376,0.4365,ZeroMinusTick,ceb8c950-5607-5f33-90e2-bdd25374bede,1.64124e+10,376,164.124
1658281457,AGLDUSDT,Buy,232.6,0.4365,ZeroMinusTick,853be466-c5d3-5706-b606-e5659bccb94a,1.015299e+10,232.6,101.5299
1658281458,AGLDUSDT,Buy,232.6,0.4370,PlusTick,bc6b0c78-d547-5b24-9898-12e6721a785d,1.016462e+10,232.6,101.6462
1658281458,AGLDUSDT,Buy,1144.1,0.4370,ZeroMinusTick,b1750a0e-bd23-5fc5-8a5b-7efc4bbcca9e,4.999716999999999e+10,1144.1,499.97169999999994
1658281459,AGLDUSDT,Sell,275,0.4370,ZeroMinusTick,d180e742-b91a-580c-a6fd-a284e86d7292,1.20175e+10,275,120.175
1658281461,AGLDUSDT,Sell,800,0.4370,ZeroMinusTick,189de8b0-0b7b-597f-b2c5-02a8487b30c4,3.496e+10,800,349.6
1658281462,AGLDUSDT,Buy,2,0.4375,PlusTick,550c11a9-3a25-5e86-92fa-da840d4cfc28,8.75e+07,2,0.875
1658281476,AGLDUSDT,Sell,275,0.4370,MinusTick,d6407b18-d020-5829-afff-04933ed97ecf,1.20175e+10,275,120.175
1658281477,AGLDUSDT,Sell,232.6,0.4365,MinusTick,636b06f8-27ec-50a1-83a9-dfca7fa8211a,1.015299e+10,232.6,101.5299
1658281518,AGLDUSDT,Sell,275,0.4365,ZeroMinusTick,dd7f42e5-1161-5626-9bf3-0cfe36561af1,1.200375e+10,275,120.0375
1658281518,AGLDUSDT,Sell,800,0.4365,ZeroMinusTick,06520130-c875-500b-a4cb-11434f2aa27e,3.492e+10,800,349.2
1658281607,AGLDUSDT,Buy,275,0.4375,PlusTick,a846ec90-ee40-568b-b781-13df5fbc1afb,1.203125e+10,275,120.3125
1658281607,AGLDUSDT,Buy,229,0.4375,ZeroMinusTick,e26e7cd2-9fa2-5c72-8bce-bf886fcf26e1,1.001875e+10,229,100.1875
1658281609,AGLDUSDT,Buy,232.6,0.4380,PlusTick,0eefa923-99e6-56d2-bfff-23d733da6fa8,1.018788e+10,232.6,101.8788
1658281609,AGLDUSDT,Sell,275,0.4380,ZeroMinusTick,0a048139-1848-5823-9b39-562b4ecab410,1.2045e+10,275,120.45
1658281622,AGLDUSDT,Sell,1.3,0.4375,MinusTick,0840a30f-e663-50e8-91fd-623b0d4b3e95,5.6875e+07,1.3,0.56875
1658281680,AGLDUSDT,Buy,800,0.4375,ZeroMinusTick,0807dce3-8285-5baf-b77e-01a710864eef,3.5e+10,800,350
1658281689,AGLDUSDT,Sell,275,0.4375,ZeroMinusTick,3f2d59e3-f9b0-5dcd-9a76-6da1239fcf65,1.203125e+10,275,120.3125
1658281742,AGLDUSDT,Buy,1.3,0.4375,ZeroMinusTick,c225cbb3-1761-5157-acd7-cef851b50c2d,5.6875e+07,1.3,0.56875
1658281815,AGLDUSDT,Buy,273.7,0.4375,ZeroMinusTick,58b1a123-c3fc-5d30-8671-aec2f77a183a,1.1974375e+10,273.7,119.74374999999999
1658281844,AGLDUSDT,Sell,800,0.4375,ZeroMinusTick,7dc755ed-8a15-5709-91f7-8ef1fcf44366,3.5e+10,800,350
1658281844,AGLDUSDT,Sell,275,0.4375,ZeroMinusTick,c113f127-ba4f-5637-96e1-eaa3ee48339b,1.203125e+10,275,120.3125
1658281881,AGLDUSDT,Buy,275,0.4375,ZeroMinusTick,f590c389-7f73-5b2d-8764-4115e035937e,1.203125e+10,275,120.3125
1658281932,AGLDUSDT,Buy,0.2,0.4380,PlusTick,3d0cace7-c4e1-56d1-9da2-e51bb2ab306a,8.760000000000002e+06,0.2,0.08760000000000001
1658281936,AGLDUSDT,Buy,275,0.4380,ZeroMinusTick,606cadd3-f9e2-5bc5-b46c-b389659c086e,1.2045e+10,275,120.45
1658281954,AGLDUSDT,Sell,1141.5,0.4380,ZeroMinusTick,abe552cb-779a-5b34-ade7-3ea48646f0f8,4.99977e+10,1141.5,499.977
1658282122,AGLDUSDT,Sell,1.3,0.4375,MinusTick,a9713b48-cd4d-5b0a-b74c-afa63112378e,5.6875e+07,1.3,0.56875
1658282165,AGLDUSDT,Sell,800,0.4375,ZeroMinusTick,333b13b0-4d1b-5e6e-a7ab-fe63ec49e7af,3.5e+10,800,350
1658282170,AGLDUSDT,Sell,800,0.4375,ZeroMinusTick,9e83f0ce-8abd-5d9a-9ddf-f684da426375,3.5e+10,800,350
1658282172,AGLDUSDT,Sell,800,0.4375,ZeroMinusTick,974e12f3-165a-51ec-a19c-dd7250452c6e,3.5e+10,800,350
1658282173,AGLDUSDT,Sell,800,0.4375,ZeroMinusTick,0b679419-13ac-5985-9342-712ebc79ac85,3.5e+10,800,350
1658282175,AGLDUSDT,Sell,800,0.4375,ZeroMinusTick,4a509df5-363a-503e-b2e1-1362081292b1,3.5e+10,800,350
1658282183,AGLDUSDT,Sell,232.6,0.4370,MinusTick,740c9b2c-010c-502c-8c83-ebb0d15f295c,1.016462e+10,232.6,101.6462
1658282183,AGLDUSDT,Sell,275,0.4370,ZeroMinusTick,d115129d-cd12-5b35-b2ac-ef75cb33ef01,1.20175e+10,275,120.175
1658282183,AGLDUSDT,Sell,800,0.4370,ZeroMinusTick,7a10db41-127f-5290-9f34-edbf7dad4ced,3.496e+10,800,349.6
1658282183,AGLDUSDT,Sell,719,0.4370,ZeroMinusTick,0129ec2d-f249-57a6-b6e7-12f305cabac3,3.1420299999999996e+10,719,314.203
1658282183,AGLDUSDT,Sell,81,0.4370,ZeroMinusTick,2e8c33bb-5e26-58ff-a811-3e505ea38c95,3.5397e+09,81,35.397
1658282259,AGLDUSDT,Sell,232.6,0.4365,MinusTick,1e2c7f8f-dd0c-55ee-9678-8ba8c135022e,1.015299e+10,232.6,101.5299
1658282259,AGLDUSDT,Sell,800,0.4365,ZeroMinusTick,00b3ce1b-27a4-5613-9d23-b19c6f2afa07,3.492e+10,800,349.2
1658282262,AGLDUSDT,Sell,10,0.4365,ZeroMinusTick,166cea07-c552-5b0d-b048-881c0a557d1a,4.365e+08,10,4.365
1658282279,AGLDUSDT,Sell,275,0.4365,ZeroMinusTick,414b6bcf-0fe4-5136-bc7c-e297867a3822,1.200375e+10,275,120.0375
1658282279,AGLDUSDT,Sell,800,0.4365,ZeroMinusTick,0702599c-3fe5-5e25-b8ff-4228ccf85673,3.492e+10,800,349.2
1658282279,AGLDUSDT,Sell,232.6,0.4360,MinusTick,88639aab-5416-592c-a81a-8600bb8d5e03,1.014136e+10,232.6,101.4136
1658282279,AGLDUSDT,Buy,275,0.4360,ZeroMinusTick,34011663-ed3c-5974-ba73-1d27922005cc,1.199e+10,275,119.9
1658282282,AGLDUSDT,Sell,232.6,0.4355,MinusTick,d9ecab3e-c3b0-5c78-9c39-845e6378bd29,1.012973e+10,232.6,101.29729999999999
1658282282,AGLDUSDT,Sell,1721.1,0.4355,ZeroMinusTick,4d54a1ac-0460-5758-bae8-c4da0e23a452,7.4953905e+10,1721.1,749.53905
1658282282,AGLDUSDT,Sell,1890.7,0.4350,MinusTick,5ca8a46a-2947-5c79-83b2-e6687f5f9eac,8.224545e+10,1890.7,822.4545
1658282282,AGLDUSDT,Sell,323.5,0.4350,ZeroMinusTick,6fac568c-4e59-541b-931c-1057d0491776,1.407225e+10,323.5,140.7225
1658282282,AGLDUSDT,Buy,2856.8,0.4350,ZeroMinusTick,55ccbb4f-90d7-5370-988b-bb277e04afb0,1.2427080000000002e+11,2856.8,1242.708
1658282282,AGLDUSDT,Buy,387.8,0.4350,ZeroMinusTick,17bb0cf1-1770-553e-b827-16f6d0f82b72,1.6869300000000002e+10,387.8,168.693
1658282282,AGLDUSDT,Sell,1150.7,0.4345,MinusTick,16bdf63e-29f4-52aa-9a9e-37913d163b56,4.9997915e+10,1150.7,499.97915
1658282282,AGLDUSDT,Sell,668.6,0.4345,ZeroMinusTick,cd1d3ecf-9be4-57cb-ae93-8b8e9b712ae4,2.9050670000000004e+10,668.6,290.5067
1658282282,AGLDUSDT,Sell,482.1,0.4345,ZeroMinusTick,0668f185-09e3-5db7-8155-4fa529c5916a,2.0947245e+10,482.1,209.47245
1658282282,AGLDUSDT,Sell,189,0.4345,ZeroMinusTick,315f2184-1f69-5368-a411-607a80ccceb8,8.212049999999999e+09,189,82.12049999999999
1658282282,AGLDUSDT,Sell,39.3,0.4345,ZeroMinusTick,8bc8df4c-3413-54a9-9658-d8f1f064e509,1.707585e+09,39.3,17.07585
1658282282,AGLDUSDT,Sell,1798.7,0.4345,ZeroMinusTick,9cc2a6d2-ff18-5985-81ec-ddd1f5738492,7.8153515e+10,1798.7,781.53515
1658282322,AGLDUSDT,Sell,0.6,0.4345,ZeroMinusTick,775c6843-2d23-563a-8193-8683d52feb3a,2.607e+07,0.6,0.2607
1658282337,AGLDUSDT,Sell,800,0.4350,PlusTick,6c7cf4a1-8d11-5dfc-b35c-7d537366adc7,3.48e+10,800,348
1658282412,AGLDUSDT,Sell,0.1,0.4350,ZeroMinusTick,8ef58eb3-c032-53e0-9bc5-40a67cfda0a4,4.35e+06,0.1,0.043500000000000004
1658282528,AGLDUSDT,Sell,800,0.4355,PlusTick,dfa10c80-7a51-5cc0-bd25-e4f54e65f506,3.484e+10,800,348.4
1658282642,AGLDUSDT,Sell,1.1,0.4355,ZeroMinusTick,0c2caada-90dc-5f8e-9db1-821d2b4b6d36,4.7905e+07,1.1,0.47905000000000003
1658282658,AGLDUSDT,Sell,273.9,0.4355,ZeroMinusTick,95bb0290-f6e4-52ab-ba73-52589485f749,1.1928344999999998e+10,273.9,119.28344999999999
1658282658,AGLDUSDT,Sell,800,0.4355,ZeroMinusTick,6d06e69f-0542-502e-9450-6b5f9836764a,3.484e+10,800,348.4
1658282658,AGLDUSDT,Sell,275,0.4350,MinusTick,a9193134-9b62-5e9c-84ef-741b7d97d679,1.19625e+10,275,119.625
1658282658,AGLDUSDT,Sell,166.8,0.4350,ZeroMinusTick,f589f326-d216-548b-8a31-777acfbd52b9,7.255800000000001e+09,166.8,72.558
1658282668,AGLDUSDT,Buy,228.3,0.4360,PlusTick,a96c3fa8-4d4f-5179-9e92-1f7f2b356583,9.95388e+09,228.3,99.53880000000001
1658282668,AGLDUSDT,Buy,275,0.4360,ZeroMinusTick,eed009a0-76c8-5e6b-87d0-0092a907bcf7,1.199e+10,275,119.9
1658282668,AGLDUSDT,Sell,2394.7,0.4360,ZeroMinusTick,5564b422-03da-5c23-91ea-5d347ff1cbd5,1.0440891999999998e+11,2394.7,1044.0892
1658282792,AGLDUSDT,Buy,0.1,0.4365,PlusTick,ff627977-a295-5e56-a970-5ee439e29469,4.365e+06,0.1,0.04365
1658282832,AGLDUSDT,Sell,275,0.4360,MinusTick,d8b1b112-1487-5900-9861-8de091c01ece,1.199e+10,275,119.9
1658282832,AGLDUSDT,Sell,800,0.4360,ZeroMinusTick,b5a2f326-7eef-5af5-8a6c-ea9abe0f04ac,3.488e+10,800,348.8
1658282882,AGLDUSDT,Sell,1.4,0.4360,ZeroMinusTick,3337c814-144e-53e7-9911-e175f73c1fe1,6.103999999999999e+07,1.4,0.6103999999999999
1658283071,AGLDUSDT,Buy,323.5,0.4370,PlusTick,47ae39f3-4c60-5b77-b616-ab3cb0ea41c4,1.4136949999999998e+10,323.5,141.3695
1658283071,AGLDUSDT,Buy,275,0.4370,ZeroMinusTick,aaf88124-38fe-5726-8e15-0be3cbbf3b88,1.20175e+10,275,120.175
1658283081,AGLDUSDT,Buy,275,0.4375,PlusTick,72bbc348-e14a-5f36-baeb-3bfd5f53e0fe,1.203125e+10,275,120.3125
1658283132,AGLDUSDT,Sell,0.6,0.4370,MinusTick,58bd2d1f-5bf5-5c4d-aaba-556ba4802497,2.622e+07,0.6,0.2622
1658283222,AGLDUSDT,Sell,1.3,0.4370,ZeroMinusTick,604a4975-f4b4-5b88-a6ea-0c7cbbe288a8,5.681000000000001e+07,1.3,0.5681
1658283302,AGLDUSDT,Sell,1.1,0.4370,ZeroMinusTick,ccdb1ed5-786f-56d8-8fce-bd3a3936634f,4.807e+07,1.1,0.4807
1658283326,AGLDUSDT,Buy,275,0.4380,PlusTick,f701d38e-9b0e-5ab3-835f-2d33ce5bb03b,1.2045e+10,275,120.45
1658283495,AGLDUSDT,Sell,275,0.4375,MinusTick,58d2bfd4-01b1-5de8-8e4c-666a03df1a68,1.203125e+10,275,120.3125
1658283502,AGLDUSDT,Sell,0.1,0.4375,ZeroMinusTick,dcbcbce1-64bf-5e54-8a41-b0404a14fa3a,4.375e+06,0.1,0.043750000000000004
1658283588,AGLDUSDT,Sell,800,0.4375,ZeroMinusTick,6aa3a4b2-3cf9-5044-8b9e-d9a76d5d4f6a,3.5e+10,800,350
1658283604,AGLDUSDT,Buy,275,0.4375,ZeroMinusTick,83d884f2-a35c-5df6-8a2b-0c26c07be489,1.203125e+10,275,120.3125
1658283604,AGLDUSDT,Buy,228.3,0.4375,ZeroMinusTick,1c30f418-016b-5ef3-aeaa-8058f723d7cb,9.988125e+09,228.3,99.88125000000001
1658283642,AGLDUSDT,Sell,1.9,0.4370,MinusTick,0290d137-e8a2-5858-bb87-a84a7de5ebf0,8.303e+07,1.9,0.8302999999999999
1658283729,AGLDUSDT,Buy,228.3,0.4380,PlusTick,95f1ab50-3442-53c6-85f1-150faedf07ec,9.99954e+09,228.3,99.9954
1658283729,AGLDUSDT,Buy,228.3,0.4385,PlusTick,28f165c7-95b5-5916-b28c-376f142d0c11,1.0010955e+10,228.3,100.10955
1658283729,AGLDUSDT,Buy,1890.7,0.4385,ZeroMinusTick,76e6b1c7-aea3-5a0a-9879-3966754e10af,8.2907195e+10,1890.7,829.07195
1658283729,AGLDUSDT,Buy,577.5,0.4385,ZeroMinusTick,1cd246f3-e38d-5b00-aedd-a37f3a5ca3b4,2.5323375e+10,577.5,253.23375
1658283812,AGLDUSDT,Sell,0.2,0.4375,MinusTick,a4bca515-6cea-5a4a-a30f-52b89a96de06,8.75e+06,0.2,0.08750000000000001
1658283836,AGLDUSDT,Buy,228.3,0.4380,PlusTick,932eb7ad-75c0-533a-9610-d383d6d81136,9.99954e+09,228.3,99.9954
1658283842,AGLDUSDT,Buy,46.7,0.4385,PlusTick,49b8b59c-60ff-52c9-bd7b-802e2f987194,2.047795e+09,46.7,20.47795
1658283873,AGLDUSDT,Buy,1093.5,0.4385,ZeroMinusTick,27b39bae-e880-56e8-9ecb-56227b85c1a0,4.7949975e+10,1093.5,479.49975
1658283873,AGLDUSDT,Buy,228.3,0.4385,ZeroMinusTick,3e818fa3-932d-5e4d-ac30-c01a58e80a70,1.0010955e+10,228.3,100.10955
1658283942,AGLDUSDT,Sell,0.6,0.4380,MinusTick,9bfc5bee-cfca-5fb2-9596-6a1b3151b6dd,2.6279999999999996e+07,0.6,0.2628
1658283993,AGLDUSDT,Sell,228.3,0.4380,ZeroMinusTick,04a2de34-d40f-5806-adc4-ea09b53d220b,9.99954e+09,228.3,99.9954
1658284002,AGLDUSDT,Buy,0.1,0.4385,PlusTick,a75c7536-d8b0-597a-a188-36cc7442eef0,4.385e+06,0.1,0.04385
1658284162,AGLDUSDT,Sell,1.3,0.4375,MinusTick,c1f38f6e-332b-58d7-84b9-4a7a4a6eae15,5.6875e+07,1.3,0.56875
1658284203,AGLDUSDT,Buy,228.3,0.4380,PlusTick,e411d5ee-a30f-5921-a327-45edcff9a5ad,9.99954e+09,228.3,99.9954
1658284282,AGLDUSDT,Buy,1.8,0.4390,PlusTick,0825fc21-b0d4-500a-9c19-5150254c30f9,7.902e+07,1.8,0.7902
1658284400,AGLDUSDT,Buy,230.8,0.4390,ZeroMinusTick,e89dda16-ecf0-5cc6-899c-2282aaae83f6,1.013212e+10,230.8,101.3212
1658284400,AGLDUSDT,Buy,1138.9,0.4390,ZeroMinusTick,2a847036-7445-5618-b7f0-0c645295ba01,4.999771000000001e+10,1138.9,499.97710000000006
1658284400,AGLDUSDT,Buy,800,0.4390,ZeroMinusTick,1547e927-c8ab-513b-a0df-eb3a374c9927,3.512e+10,800,351.2
1658284400,AGLDUSDT,Buy,228.3,0.4395,PlusTick,1cb3a855-0897-5c6a-8b04-71ea4f583d61,1.0033785e+10,228.3,100.33785
1658284400,AGLDUSDT,Buy,972.3,0.4395,ZeroMinusTick,f6afd725-e2d8-5310-aab2-96c9bad12211,4.2732585e+10,972.3,427.32585
1658284458,AGLDUSDT,Buy,228.3,0.4400,PlusTick,3d53022a-85d6-59e9-b6c1-c3be5eb30b0c,1.0045200000000002e+10,228.3,100.45200000000001
1658284476,AGLDUSDT,Buy,228.3,0.4405,PlusTick,8b228300-13d2-5be3-9866-96df8424e80c,1.0056615e+10,228.3,100.56615000000001
1658284476,AGLDUSDT,Buy,800,0.4405,ZeroMinusTick,15e2acbb-f859-5311-a315-73bc9d3ebd38,3.524e+10,800,352.4
1658284492,AGLDUSDT,Buy,10,0.4405,ZeroMinusTick,db97928b-07b9-5e7b-98e3-24c5e74d181b,4.405e+08,10,4.405
1658284553,AGLDUSDT,Buy,228.3,0.4405,ZeroMinusTick,5cf35e97-444c-5d5f-8780-63bb6545b0d0,1.0056615e+10,228.3,100.56615000000001
1658284572,AGLDUSDT,Buy,0.1,0.4405,ZeroMinusTick,0b55f034-612f-5148-9c2a-81f34b9caa61,4.405000000000001e+06,0.1,0.044050000000000006
1658284602,AGLDUSDT,Sell,0.1,0.4400,MinusTick,8e14a2c6-bccc-510f-b35a-3781f9e16c64,4.4e+06,0.1,0.044000000000000004
1658284672,AGLDUSDT,Sell,1,0.4400,ZeroMinusTick,05374a50-c728-58a8-a8f6-061a10e597c7,4.4e+07,1,0.44
1658284716,AGLDUSDT,Sell,275,0.4395,MinusTick,2473ea1a-e69f-5f46-ab08-cc718e8a8ac0,1.208625e+10,275,120.8625
1658284762,AGLDUSDT,Buy,0.2,0.4400,PlusTick,8d80ec7d-5e6c-5fd5-ace6-533d3ddebf1f,8.8e+06,0.2,0.08800000000000001
1658284789,AGLDUSDT,Buy,274.8,0.4400,ZeroMinusTick,b9602b21-3a49-5aa3-ba13-085c1f8eca8e,1.20912e+10,274.8,120.912
1658284789,AGLDUSDT,Buy,228.3,0.4400,ZeroMinusTick,9c3d39cb-09ac-5f9b-a0f2-93e360c52c60,1.0045200000000002e+10,228.3,100.45200000000001
1658284789,AGLDUSDT,Buy,800,0.4400,ZeroMinusTick,68cb94f8-2162-5724-bf86-58a5a5c46be2,3.52e+10,800,352
1658284789,AGLDUSDT,Buy,228,0.4400,ZeroMinusTick,89d4509b-8904-5a4a-8f99-824fbe788150,1.0032e+10,228,100.32000000000001
1658284789,AGLDUSDT,Buy,77.7,0.4405,PlusTick,10c004a2-a87e-55fe-8600-83dd50dd12f1,3.422685e+09,77.7,34.22685
1658284870,AGLDUSDT,Sell,275,0.4400,MinusTick,76138b28-9853-5a30-9827-cc193d4fe66e,1.21e+10,275,121
1658284870,AGLDUSDT,Sell,327.2,0.4400,ZeroMinusTick,ed01e093-5ad6-52aa-ad0b-cef032d591da,1.4396799999999998e+10,327.2,143.968
1658284892,AGLDUSDT,Buy,0.1,0.4405,PlusTick,fbb2b258-8737-57f9-bbc8-cf8750e90f88,4.405000000000001e+06,0.1,0.044050000000000006
1658284955,AGLDUSDT,Sell,129.5,0.4395,MinusTick,63e002e4-4454-5646-b21c-55b9603f22ca,5.691525e+09,129.5,56.91525
1658284961,AGLDUSDT,Buy,129.5,0.4400,PlusTick,94132ae6-cbe6-5ba0-b926-432eb6f90541,5.698e+09,129.5,56.98
1658285082,AGLDUSDT,Sell,1.6,0.4395,MinusTick,ac63e738-56cf-5fef-8097-81f6021168eb,7.032e+07,1.6,0.7032
1658285179,AGLDUSDT,Buy,275,0.4400,PlusTick,dea6701b-9678-56c7-9eb6-478bed6d9efe,1.21e+10,275,121
1658285182,AGLDUSDT,Buy,1.9,0.4405,PlusTick,8cf15fd0-0f47-5b7e-825f-3c75af52ec15,8.3695e+07,1.9,0.83695
1658285272,AGLDUSDT,Sell,1.8,0.4395,MinusTick,b725f77c-48ab-5a3c-b2db-b8030cc76708,7.911e+07,1.8,0.7911
1658285392,AGLDUSDT,Sell,1.6,0.4390,MinusTick,8d2b4843-52a8-5aeb-a86d-c59e3d9fceca,7.024e+07,1.6,0.7024
1658285550,AGLDUSDT,Sell,1207.8,0.4390,ZeroMinusTick,5d16dc78-bb5e-5031-854b-14e9ea5e1cea,5.302242e+10,1207.8,530.2242
1658285582,AGLDUSDT,Sell,0.6,0.4385,MinusTick,be3a772a-e9ca-5338-af32-208334c408bd,2.631e+07,0.6,0.2631
1658285703,AGLDUSDT,Buy,228.3,0.4395,PlusTick,cee824d5-1962-5bb0-9951-2e8bc8010f18,1.0033785e+10,228.3,100.33785
1658285711,AGLDUSDT,Buy,228.3,0.4400,PlusTick,0b8586cc-cdf2-5892-9805-f0103aaef50a,1.0045200000000002e+10,228.3,100.45200000000001
1658285712,AGLDUSDT,Sell,800,0.4400,ZeroMinusTick,f4f5b17a-44ba-5084-8ae5-a1fabae8aa5f,3.52e+10,800,352
1658285734,AGLDUSDT,Sell,275,0.4400,ZeroMinusTick,510608ed-4674-5862-ae51-5df7a7f0ea33,1.21e+10,275,121
1658285762,AGLDUSDT,Sell,0.4,0.4395,MinusTick,432b4fd7-1b5f-59ff-9737-a5135e04609b,1.758e+07,0.4,0.1758
1658285870,AGLDUSDT,Sell,274.6,0.4395,ZeroMinusTick,51056b02-768e-5d5a-9aad-36f307038861,1.2068670000000002e+10,274.6,120.68670000000002
1658285870,AGLDUSDT,Sell,800,0.4395,ZeroMinusTick,4f860955-278b-5c25-b6bf-451fb1272c03,3.516e+10,800,351.6
1658285871,AGLDUSDT,Sell,800,0.4395,ZeroMinusTick,7540764c-9d45-50f0-9fcb-ec6fb2fb6f58,3.516e+10,800,351.6
1658285879,AGLDUSDT,Sell,800,0.4395,ZeroMinusTick,848df89c-37b9-5653-85ca-42c2fa7b4f8b,3.516e+10,800,351.6
1658285879,AGLDUSDT,Sell,275,0.4395,ZeroMinusTick,14a67846-c45b-52ac-9c11-4b73b48e073e,1.208625e+10,275,120.8625
1658285879,AGLDUSDT,Sell,800,0.4395,ZeroMinusTick,e0ea6422-de1c-535f-b628-74f08d6412d3,3.516e+10,800,351.6
1658285879,AGLDUSDT,Sell,387.2,0.4395,ZeroMinusTick,a96ef046-a4d5-56c2-a82a-3ea94f5e388c,1.701744e+10,387.2,170.1744
1658285879,AGLDUSDT,Sell,387.2,0.4395,ZeroMinusTick,8dcb7f83-cdec-50db-9465-4c01f0f19579,1.701744e+10,387.2,170.1744
1658285879,AGLDUSDT,Sell,25.6,0.4395,ZeroMinusTick,fe99c123-a3d3-57ed-a93e-32ed2767f7c4,1.12512e+09,25.6,11.2512
1658285884,AGLDUSDT,Sell,800,0.4390,MinusTick,4267967e-00d8-5c36-aeb5-987e599e1786,3.512e+10,800,351.2
1658285899,AGLDUSDT,Sell,800,0.4385,MinusTick,9a114974-f152-52f5-9804-4095d5f80786,3.508e+10,800,350.8
1658285909,AGLDUSDT,Buy,227.9,0.4385,ZeroMinusTick,f0c01d07-0ca3-5fb6-bbe1-82f4ad304faa,9.993415e+09,227.9,99.93415
1658285945,AGLDUSDT,Buy,227.9,0.4390,PlusTick,8a7b96e7-2c3d-5d59-baac-00bf89b32496,1.000481e+10,227.9,100.0481
1658285945,AGLDUSDT,Buy,1138.9,0.4390,ZeroMinusTick,c44a2a8f-448a-5f72-a8c1-c27acedddb11,4.999771000000001e+10,1138.9,499.97710000000006
1658285955,AGLDUSDT,Buy,227.9,0.4395,PlusTick,10bc3f7d-f4b5-53d3-a638-654072328928,1.0016205e+10,227.9,100.16205000000001
1658285955,AGLDUSDT,Buy,1406.1,0.4395,ZeroMinusTick,d2a77354-7f4d-594b-b626-099cbb2e2158,6.1798095e+10,1406.1,617.98095
1658285955,AGLDUSDT,Buy,1137.6,0.4395,ZeroMinusTick,1d10bdd2-78bd-58b1-bfce-e2de4ec87f4e,4.999752e+10,1137.6,499.9752
1658285961,AGLDUSDT,Buy,1706.7,0.4395,ZeroMinusTick,e2354011-0274-5541-a378-2606b53d0c36,7.5009465e+10,1706.7,750.09465
1658285961,AGLDUSDT,Buy,227.9,0.4400,PlusTick,df433055-f4ba-5eed-9550-85d06ad82c8a,1.00276e+10,227.9,100.276
1658285961,AGLDUSDT,Buy,1136.3,0.4400,ZeroMinusTick,972d0433-ee6c-57b6-b5c5-859ed47b1f1f,4.99972e+10,1136.3,499.972
1658285962,AGLDUSDT,Buy,0.6,0.4405,PlusTick,d75d67b8-dab8-576b-a983-004d52c08e7b,2.6429999999999996e+07,0.6,0.2643
1658286047,AGLDUSDT,Buy,1137.6,0.4395,MinusTick,24521317-b738-5b54-a080-4d1904202fc7,4.999752e+10,1137.6,499.9752
1658286047,AGLDUSDT,Buy,227.9,0.4395,ZeroMinusTick,a6db892a-40db-5389-9977-4b66fd400e23,1.0016205e+10,227.9,100.16205000000001
1658286057,AGLDUSDT,Sell,275,0.4390,MinusTick,2fa368d0-3d80-502a-b02b-a02774cf5021,1.20725e+10,275,120.725
1658286058,AGLDUSDT,Sell,227.9,0.4385,MinusTick,7118f207-3c50-5736-820e-38c692aea3e7,9.993415e+09,227.9,99.93415
1658286058,AGLDUSDT,Sell,800,0.4385,ZeroMinusTick,ae4e89ec-5449-5138-b4ea-561690c4ecb4,3.508e+10,800,350.8
1658286058,AGLDUSDT,Sell,275,0.4385,ZeroMinusTick,7023c3ab-4148-5609-a81f-fdc571f7f74c,1.205875e+10,275,120.5875
1658286072,AGLDUSDT,Buy,227.9,0.4390,PlusTick,7d5b0483-5037-56ae-b8f2-8ada135dabe1,1.000481e+10,227.9,100.0481
1658286072,AGLDUSDT,Sell,2533.9,0.4390,ZeroMinusTick,5a9191b6-2353-5c84-a903-aeb738b3d4b5,1.1123821e+11,2533.9,1112.3821
1658286079,AGLDUSDT,Buy,275,0.4395,PlusTick,38d8fa5a-0cb0-532f-8aa7-6e15346c43df,1.208625e+10,275,120.8625
1658286079,AGLDUSDT,Buy,227.9,0.4395,ZeroMinusTick,063d1230-7d02-5e76-9396-6609e4c12bc4,1.0016205e+10,227.9,100.16205000000001
1658286100,AGLDUSDT,Buy,227.9,0.4400,PlusTick,80656074-940c-571e-a7de-8772c71d0eff,1.00276e+10,227.9,100.276
1658286100,AGLDUSDT,Buy,1136.3,0.4400,ZeroMinusTick,ea3a03f2-4806-535f-95b4-77eb305f4c35,4.99972e+10,1136.3,499.972
1658286107,AGLDUSDT,Buy,148,0.4405,PlusTick,24853a48-7591-5330-9cdf-5534fbfa1a5d,6.5194e+09,148,65.194
1658286107,AGLDUSDT,Buy,800,0.4405,ZeroMinusTick,363ce897-e7bd-58df-849a-df0bbfdcacc4,3.524e+10,800,352.4
1658286132,AGLDUSDT,Sell,1.4,0.4405,ZeroMinusTick,96102767-ed8f-5bb6-b0db-72b809d7495b,6.166999999999999e+07,1.4,0.6166999999999999
1658286150,AGLDUSDT,Sell,275,0.4400,MinusTick,749d471f-7f1d-56b6-b158-bb1229fcea66,1.21e+10,275,121
1658286150,AGLDUSDT,Sell,275,0.4395,MinusTick,e28728f6-9124-59e0-acb6-9957dce598e6,1.208625e+10,275,120.8625
1658286150,AGLDUSDT,Sell,227.9,0.4395,ZeroMinusTick,589405ad-cdd5-568e-af71-cd1977a47890,1.0016205e+10,227.9,100.16205000000001
1658286150,AGLDUSDT,Sell,800,0.4395,ZeroMinusTick,09fdf1d5-9b8a-58bd-b7bc-3b68a733ae75,3.516e+10,800,351.6
1658286173,AGLDUSDT,Buy,275,0.4395,ZeroMinusTick,96ad0905-7e77-596b-a779-2225b608f49a,1.208625e+10,275,120.8625
1658286173,AGLDUSDT,Buy,227.9,0.4395,ZeroMinusTick,acd85431-7ce7-51f2-8e3f-0a213575f871,1.0016205e+10,227.9,100.16205000000001
1658286252,AGLDUSDT,Buy,1.3,0.4395,ZeroMinusTick,564fc649-7019-5e4c-a239-7aaf0bf326a2,5.7135e+07,1.3,0.57135
1658286315,AGLDUSDT,Buy,275,0.4390,MinusTick,1864bd20-6ad0-5da0-811b-7153ee6f940a,1.20725e+10,275,120.725
1658286327,AGLDUSDT,Buy,227.9,0.4395,PlusTick,bb48e0ba-2535-5c2f-afe9-c93b1e32d1d3,1.0016205e+10,227.9,100.16205000000001
1658286327,AGLDUSDT,Buy,972.3,0.4395,ZeroMinusTick,15fc932b-68ca-521f-989f-5ea735e1e4c2,4.2732585e+10,972.3,427.32585
1658286340,AGLDUSDT,Buy,227.9,0.4400,PlusTick,8ec8344c-0a65-5d64-8bd9-902d9d23e46a,1.00276e+10,227.9,100.276
1658286340,AGLDUSDT,Buy,238.8,0.4400,ZeroMinusTick,f58d57f9-a175-5c5b-af12-923713cdf119,1.05072e+10,238.8,105.072
1658286340,AGLDUSDT,Buy,36.2,0.4400,ZeroMinusTick,0d4be8b8-d875-5bbd-932b-b607837c1e74,1.5928e+09,36.2,15.928
1658286340,AGLDUSDT,Buy,972.3,0.4405,PlusTick,2276afda-f4aa-5763-bc9f-08d83f62d84b,4.2829815e+10,972.3,428.29814999999996
1658286340,AGLDUSDT,Buy,227.9,0.4405,ZeroMinusTick,4859f054-ef2b-5227-98b1-3b7eff93444c,1.0038995e+10,227.9,100.38995
1658286351,AGLDUSDT,Sell,275,0.4405,ZeroMinusTick,6168bbc6-d90a-5825-94e9-571daae9b5d8,1.211375e+10,275,121.1375
1658286380,AGLDUSDT,Sell,275,0.4400,MinusTick,ac08b9b5-d4ea-5e79-9e38-0d867d006a84,1.21e+10,275,121
1658286380,AGLDUSDT,Sell,800,0.4400,ZeroMinusTick,2c8df7c1-f8b7-52cb-80a3-e962bd1ec013,3.52e+10,800,352
1658286396,AGLDUSDT,Sell,275,0.4400,ZeroMinusTick,1bd70ecd-725a-5f15-9ece-2506dfb1485d,1.21e+10,275,121
1658286396,AGLDUSDT,Sell,800,0.4400,ZeroMinusTick,9adc6531-caee-5154-a3b1-2c36aea6ea64,3.52e+10,800,352
1658286431,AGLDUSDT,Sell,275,0.4395,MinusTick,43548340-8861-5bbd-bfc7-4ebfeaf9ea8c,1.208625e+10,275,120.8625
1658286448,AGLDUSDT,Buy,227.9,0.4400,PlusTick,c9e21fe9-f992-5e59-9313-43b47da60738,1.00276e+10,227.9,100.276
1658286452,AGLDUSDT,Sell,1,0.4395,MinusTick,ff70de49-8e41-5829-bf4e-95ce76e37fd1,4.395e+07,1,0.4395
1658286525,AGLDUSDT,Buy,275,0.4400,PlusTick,f9b9a61a-e58d-508d-96e4-f2431e5a0c22,1.21e+10,275,121
1658286525,AGLDUSDT,Buy,800,0.4400,ZeroMinusTick,7c79f906-c874-5d24-85f6-790eb806f2e5,3.52e+10,800,352
1658286612,AGLDUSDT,Sell,1.5,0.4400,ZeroMinusTick,b537ba88-8de3-5b5c-a093-89ab05ce8f25,6.6e+07,1.5,0.66
1658286632,AGLDUSDT,Buy,0.1,0.4400,ZeroMinusTick,ec257cab-b8a3-53b8-86ce-6ef90aa3149b,4.4e+06,0.1,0.044000000000000004
1658286636,AGLDUSDT,Sell,1137.6,0.4395,MinusTick,695ca770-bac7-5eee-a621-ee6b25138df0,4.999752e+10,1137.6,499.9752
1658286636,AGLDUSDT,Sell,227.9,0.4395,ZeroMinusTick,db6b4916-f73e-5977-90a6-782054af97c8,1.0016205e+10,227.9,100.16205000000001
1658286636,AGLDUSDT,Sell,800,0.4395,ZeroMinusTick,bb37e40b-fde8-59ca-9c45-55dfae29a4b2,3.516e+10,800,351.6
1658286666,AGLDUSDT,Sell,275,0.4395,ZeroMinusTick,890aa3b2-fb05-53ea-858f-cc1dfae9355a,1.208625e+10,275,120.8625
1658286666,AGLDUSDT,Sell,800,0.4395,ZeroMinusTick,4e2af2e9-25ed-5352-a3f7-5375011384b2,3.516e+10,800,351.6
1658286788,AGLDUSDT,Buy,275,0.4395,ZeroMinusTick,326b7d73-44b8-56d5-84a8-af654fa3cbb2,1.208625e+10,275,120.8625
1658286792,AGLDUSDT,Sell,10,0.4395,ZeroMinusTick,01dad5fc-6dee-5ca0-b400-f2732cb5d434,4.3949999999999994e+08,10,4.395
1658286818,AGLDUSDT,Sell,275,0.4395,ZeroMinusTick,2b0181d3-517a-5ecd-af88-650f9cbf58b6,1.208625e+10,275,120.8625
1658286818,AGLDUSDT,Sell,382.5,0.4395,ZeroMinusTick,872c4fa9-2d01-57a1-8677-82dd951f051a,1.6810875000000002e+10,382.5,168.10875000000001
1658286818,AGLDUSDT,Sell,417.5,0.4395,ZeroMinusTick,1e80c9c8-460a-5f83-ad08-6f3622654ad0,1.8349125e+10,417.5,183.49125
1658286842,AGLDUSDT,Buy,275,0.4395,ZeroMinusTick,1742c4c3-32eb-53c9-816d-e7532fe047e7,1.208625e+10,275,120.8625
1658286947,AGLDUSDT,Buy,275,0.4395,ZeroMinusTick,3922644b-280d-5691-b936-cc2567ad8b41,1.208625e+10,275,120.8625
1658286953,AGLDUSDT,Buy,275,0.4395,ZeroMinusTick,a5de1ee8-8df6-5e58-a772-8ad385b82e17,1.208625e+10,275,120.8625
1658286962,AGLDUSDT,Sell,1,0.4395,ZeroMinusTick,4958335a-81af-5c71-92b3-51ff5aca1425,4.395e+07,1,0.4395
1658287046,AGLDUSDT,Buy,275,0.4395,ZeroMinusTick,1241edfa-81d7-5ad5-928e-f2552c8cdef9,1.208625e+10,275,120.8625
1658287074,AGLDUSDT,Buy,275,0.4400,PlusTick,722c03b3-1469-5773-9b5d-c6c8de650277,1.21e+10,275,121
1658287074,AGLDUSDT,Buy,227.9,0.4400,ZeroMinusTick,08f2af06-6752-5cdf-8d84-5ac957579dee,1.00276e+10,227.9,100.276
1658287074,AGLDUSDT,Buy,800,0.4400,ZeroMinusTick,9b4588c0-7949-5df4-844d-d7d404519017,3.52e+10,800,352
1658287074,AGLDUSDT,Buy,227.9,0.4405,PlusTick,67e3ce63-89be-5290-aaa2-40f52a4cac63,1.0038995e+10,227.9,100.38995
1658287074,AGLDUSDT,Buy,2000,0.4405,ZeroMinusTick,1b5692a2-4560-59e2-a339-0bac26156f7a,8.81e+10,2000,881
1658287074,AGLDUSDT,Buy,227.9,0.4410,PlusTick,01e76b84-b092-528f-b197-0c5ca6b73a86,1.005039e+10,227.9,100.5039
1658287074,AGLDUSDT,Buy,275,0.4410,ZeroMinusTick,d000e98c-ccf9-5c89-82f2-65b8a22dba47,1.21275e+10,275,121.275
1658287074,AGLDUSDT,Buy,1133.7,0.4410,ZeroMinusTick,25bb98e9-fa8d-52be-952f-820d1d5faf38,4.999617e+10,1133.7,499.9617
1658287074,AGLDUSDT,Buy,16.8,0.4420,PlusTick,b26d0045-fda6-5132-bea6-625501ae147e,7.4256e+08,16.8,7.4256
1658287074,AGLDUSDT,Buy,183.2,0.4420,ZeroMinusTick,e1ec9900-92ef-52e1-9a3f-afc4a15fe138,8.097439999999999e+09,183.2,80.97439999999999
1658287074,AGLDUSDT,Buy,348,0.4420,ZeroMinusTick,81a037ca-5de0-56f6-81af-94a52c1bec83,1.53816e+10,348,153.816
1658287074,AGLDUSDT,Buy,4218.7,0.4420,ZeroMinusTick,2caa351f-36ec-5d2f-856d-416b1b354cbd,1.8646654e+11,4218.7,1864.6653999999999
1658287074,AGLDUSDT,Buy,1132.5,0.4415,MinusTick,43c5f4d7-37d7-5ed0-82e3-1dc24f37ce70,4.9999875e+10,1132.5,499.99875000000003
1658287080,AGLDUSDT,Sell,800,0.4420,PlusTick,f5e96fe3-ecc8-5368-93d7-eaef0075e40f,3.536e+10,800,353.6
1658287084,AGLDUSDT,Buy,275,0.4425,PlusTick,7738d407-dd5a-57ba-81da-71955a602445,1.216875e+10,275,121.6875
1658287106,AGLDUSDT,Buy,157.2,0.4435,PlusTick,4bc65fb1-51b7-591d-a3e5-90e7a720cf9c,6.97182e+09,157.2,69.7182
1658287107,AGLDUSDT,Buy,70.7,0.4435,ZeroMinusTick,653ce865-bfc7-5e2d-8e61-45982808a5d3,3.135545e+09,70.7,31.35545
1658287107,AGLDUSDT,Buy,275,0.4435,ZeroMinusTick,056cbcf8-36bd-536b-9123-e7497063bc8d,1.219625e+10,275,121.9625
1658287110,AGLDUSDT,Buy,227.9,0.4440,PlusTick,2db24220-97c2-5aa3-9853-501d33e0a952,1.011876e+10,227.9,101.1876
1658287110,AGLDUSDT,Buy,275,0.4440,ZeroMinusTick,e1cf9f61-90fc-569b-8619-3ad26451ef45,1.221e+10,275,122.10000000000001
1658287122,AGLDUSDT,Buy,0.1,0.4440,ZeroMinusTick,15fec245-e627-5081-9adc-b5bd321f7f93,4.44e+06,0.1,0.0444
1658287234,AGLDUSDT,Buy,142.7,0.4440,ZeroMinusTick,9598978c-51e4-5211-9519-83017c2e609a,6.335879999999999e+09,142.7,63.358799999999995
1658287234,AGLDUSDT,Buy,1418.5,0.4445,PlusTick,0910d88d-802d-5b92-9e9b-bf4a2dba32af,6.305232499999999e+10,1418.5,630.52325
1658287234,AGLDUSDT,Buy,227.9,0.4445,ZeroMinusTick,f323069d-2cbd-5105-b0b2-b127c56122ac,1.0130155e+10,227.9,101.30155
1658287235,AGLDUSDT,Sell,275,0.4445,ZeroMinusTick,7d53a296-20be-5df9-be0a-51351aed71a9,1.222375e+10,275,122.2375
1658287256,AGLDUSDT,Buy,358.6,0.4445,ZeroMinusTick,32806fad-2325-52e0-8cb3-208ca1e321e7,1.5939770000000002e+10,358.6,159.39770000000001
1658287256,AGLDUSDT,Buy,189.6,0.4445,ZeroMinusTick,de1c2ef5-13e8-5674-b749-af4495b9901c,8.427719999999999e+09,189.6,84.2772
1658287264,AGLDUSDT,Buy,337.5,0.4445,ZeroMinusTick,c5e5c941-762a-51f0-9954-a01b4590baf8,1.5001875000000002e+10,337.5,150.01875
1658287286,AGLDUSDT,Buy,235.8,0.4445,ZeroMinusTick,c05d2189-0340-5dbf-8149-f701fc8893f3,1.048131e+10,235.8,104.8131
1658287286,AGLDUSDT,Buy,141.2,0.4445,ZeroMinusTick,f7fb6ca7-432f-5584-9b36-50df0add1cea,6.27634e+09,141.2,62.7634
1658287286,AGLDUSDT,Buy,249.4,0.4445,ZeroMinusTick,e45925b7-13b0-5495-b5bb-5ee04f486e21,1.108583e+10,249.4,110.8583
1658287316,AGLDUSDT,Buy,705.1,0.4445,ZeroMinusTick,321c3f4f-74d5-5145-8403-76944aafe473,3.1341695000000004e+10,705.1,313.41695000000004
1658287321,AGLDUSDT,Buy,126.4,0.4445,ZeroMinusTick,8b375f24-3a3e-5262-af49-be78b806276e,5.61848e+09,126.4,56.1848
1658287321,AGLDUSDT,Buy,56.6,0.4445,ZeroMinusTick,96240148-4bdf-5f27-86aa-911b9993a3e7,2.51587e+09,56.6,25.1587
1658287321,AGLDUSDT,Buy,218.4,0.4445,ZeroMinusTick,f29aa1ab-8695-5e74-830b-7cddb076189a,9.70788e+09,218.4,97.0788
1658287321,AGLDUSDT,Buy,129.6,0.4445,ZeroMinusTick,843b9d9a-9a9f-5003-9ba0-ddabee66a4a6,5.76072e+09,129.6,57.6072
1658287321,AGLDUSDT,Buy,43.5,0.4445,ZeroMinusTick,53887579-5902-5106-a1a2-f05e157497ea,1.933575e+09,43.5,19.33575
1658287321,AGLDUSDT,Buy,188.5,0.4445,ZeroMinusTick,9641b887-0727-5441-8bde-9884ecb257ca,8.378825000000001e+09,188.5,83.78825
1658287321,AGLDUSDT,Buy,227.9,0.4450,PlusTick,75192181-8ba2-5dae-a81a-eead8bcb912f,1.014155e+10,227.9,101.41550000000001
1658287321,AGLDUSDT,Buy,275,0.4450,ZeroMinusTick,de89b35c-3426-5bcc-a436-067e480f0ef8,1.22375e+10,275,122.375
1658287321,AGLDUSDT,Buy,800,0.4450,ZeroMinusTick,9a8d0ee7-53f7-58e8-acda-d51a164f04d6,3.56e+10,800,356
1658287321,AGLDUSDT,Buy,229.3,0.4455,PlusTick,61b5f1ca-692f-5bfa-b921-41d57f4120d5,1.0215315000000002e+10,229.3,102.15315000000001
1658287321,AGLDUSDT,Buy,1799.7,0.4460,PlusTick,c742e28c-2b3f-51e2-a7a2-a0475b8cc0c0,8.026662e+10,1799.7,802.6662
1658287321,AGLDUSDT,Buy,604.3,0.4460,ZeroMinusTick,f7e436c9-d6d3-5429-90ee-14b5c618c67d,2.6951779999999996e+10,604.3,269.51779999999997
1658287322,AGLDUSDT,Buy,0.1,0.4450,MinusTick,85700e1f-936f-56a7-92c7-9c4bf77cd56f,4.450000000000001e+06,0.1,0.044500000000000005
1658287336,AGLDUSDT,Sell,1124.8,0.4445,MinusTick,1c960971-983d-57b7-b6e9-c7783b5e92f6,4.999736e+10,1124.8,499.9736
1658287336,AGLDUSDT,Sell,800,0.4445,ZeroMinusTick,c646e498-54d2-5619-816b-eaa4f7695151,3.556e+10,800,355.6
1658287349,AGLDUSDT,Buy,275,0.4445,ZeroMinusTick,d4d03172-616e-507b-b160-e18dc03d3bee,1.222375e+10,275,122.2375
1658287349,AGLDUSDT,Buy,227.9,0.4450,PlusTick,71895f60-4a25-541c-9e2a-a64162b25cf4,1.014155e+10,227.9,101.41550000000001
1658287349,AGLDUSDT,Buy,800,0.4450,ZeroMinusTick,9268fc5f-d231-58bd-aea0-f73257c4655c,3.56e+10,800,356
1658287379,AGLDUSDT,Sell,227.9,0.4445,MinusTick,494cbe53-239f-5b37-b389-3224f600d9f3,1.0130155e+10,227.9,101.30155
1658287392,AGLDUSDT,Buy,131.9,0.4450,PlusTick,a6e84bd7-bcbe-5a0d-9128-9fe365e13a91,5.86955e+09,131.9,58.6955
1658287392,AGLDUSDT,Buy,601.8,0.4450,ZeroMinusTick,c2f15c75-34ab-5398-9ed8-75a94b77f19f,2.67801e+10,601.8,267.801
1658287392,AGLDUSDT,Buy,288.3,0.4450,ZeroMinusTick,4ab36240-2e7e-581f-b0fe-7193197adb4c,1.282935e+10,288.3,128.2935
1658287395,AGLDUSDT,Buy,227.9,0.4455,PlusTick,716df978-b825-5dd8-98cf-c6c814006044,1.0152945e+10,227.9,101.52945
1658287395,AGLDUSDT,Buy,275,0.4455,ZeroMinusTick,f479c62c-58b1-5b7b-a690-41986e20ed21,1.225125e+10,275,122.5125
1658287395,AGLDUSDT,Buy,537.5,0.4455,ZeroMinusTick,b594313a-dee2-5ac9-885e-c07529867bf7,2.3945625e+10,537.5,239.45625
1658287395,AGLDUSDT,Buy,6.4,0.4455,ZeroMinusTick,75809e31-d26c-52c4-bd63-6e77f88d9854,2.8512000000000006e+08,6.4,2.8512000000000004
1658287395,AGLDUSDT,Buy,431.2,0.4455,ZeroMinusTick,44c3145d-00b7-55b8-9347-8f3eaa11d90f,1.920996e+10,431.2,192.0996
1658287395,AGLDUSDT,Buy,227.9,0.4460,PlusTick,30bdb33f-929e-5374-ac53-6b4b00bdc5b7,1.016434e+10,227.9,101.6434
1658287395,AGLDUSDT,Buy,800,0.4460,ZeroMinusTick,7ebdc741-9322-5519-88f6-6990764b9a90,3.568e+10,800,356.8
1658287412,AGLDUSDT,Buy,0.5,0.4470,PlusTick,d7b90c54-263f-575e-97aa-576e6be491e3,2.235e+07,0.5,0.2235
1658287414,AGLDUSDT,Buy,15.6,0.4470,ZeroMinusTick,02ef9cf1-e1be-59bf-bded-8011db41779d,6.9732e+08,15.6,6.9732
1658287417,AGLDUSDT,Sell,800,0.4470,ZeroMinusTick,040eb8bb-7a5d-5ad6-9c9a-264a753a107e,3.576e+10,800,357.6
1658287422,AGLDUSDT,Sell,800,0.4470,ZeroMinusTick,5ec566b7-bd1b-5f63-80f3-282b4bdf5752,3.576e+10,800,357.6
1658287426,AGLDUSDT,Sell,800,0.4465,MinusTick,a95a6c3b-6d2f-52a7-aef5-087564a29cc1,3.572e+10,800,357.2
1658287426,AGLDUSDT,Sell,227.9,0.4460,MinusTick,3ed324ed-d47c-5d21-9f6c-4c6d20644295,1.016434e+10,227.9,101.6434
1658287426,AGLDUSDT,Sell,227.9,0.4460,ZeroMinusTick,412ab3b1-a1cd-5d1f-9c67-6e2e87a0e0ee,1.016434e+10,227.9,101.6434
1658287426,AGLDUSDT,Sell,572.1,0.4460,ZeroMinusTick,f8804ee4-1a78-5fb7-83a0-482e62c4b608,2.5515660000000004e+10,572.1,255.15660000000003
1658287519,AGLDUSDT,Sell,275,0.4455,MinusTick,7374df59-8182-5553-8641-92800f6ab9cb,1.225125e+10,275,122.5125
1658287519,AGLDUSDT,Sell,1685.2,0.4450,MinusTick,9d2affe0-4145-5f6b-b022-853c2f54e75f,7.49914e+10,1685.2,749.914
1658287519,AGLDUSDT,Sell,17.9,0.4450,ZeroMinusTick,b1739ba2-e30e-55d4-9ab5-e21f1aa53c30,7.9655e+08,17.9,7.9655
1658287519,AGLDUSDT,Sell,210,0.4450,ZeroMinusTick,6d56f30c-8754-58ba-90bd-4be69dad84ad,9.345e+09,210,93.45
1658287519,AGLDUSDT,Sell,65,0.4450,ZeroMinusTick,24d9c6bc-5e65-577e-aab1-1b1b32e07e59,2.8925e+09,65,28.925
1658287519,AGLDUSDT,Sell,1620.2,0.4450,ZeroMinusTick,4a2614dc-7bfa-5a35-ba61-6acf0594c7bc,7.20989e+10,1620.2,720.989
1658287519,AGLDUSDT,Sell,1792.3,0.4445,MinusTick,7e318463-9c87-5e15-be34-e09c3d1f8d6c,7.9667735e+10,1792.3,796.67735
1658287519,AGLDUSDT,Sell,227.9,0.4445,ZeroMinusTick,0c7e3fc4-dae9-5dbb-b647-d56aca1e2118,1.0130155e+10,227.9,101.30155
1658287519,AGLDUSDT,Sell,227.9,0.4440,MinusTick,8a1031c2-9f7e-52a4-bda8-1e887df37085,1.011876e+10,227.9,101.1876
1658287519,AGLDUSDT,Sell,800,0.4440,ZeroMinusTick,7def2657-7611-560a-9617-0e5d44fe06a7,3.552e+10,800,355.2
1658287520,AGLDUSDT,Sell,227.9,0.4435,MinusTick,5cef5d0d-f9ee-5d81-b205-7f780f3a05ac,1.0107365e+10,227.9,101.07365
1658287520,AGLDUSDT,Sell,640.3,0.4435,ZeroMinusTick,99eca674-ff35-5ee3-951f-829b4aaa081a,2.8397305e+10,640.3,283.97305
1658287520,AGLDUSDT,Sell,227.9,0.4430,MinusTick,164a187b-a6f3-5400-be84-da8eb299dc4f,1.009597e+10,227.9,100.9597
1658287520,AGLDUSDT,Sell,800,0.4440,PlusTick,59c862a3-82eb-553d-ad3c-b70d16162745,3.552e+10,800,355.2
1658287520,AGLDUSDT,Sell,800,0.4435,MinusTick,9a94c262-90e2-5e92-b581-b8ebf9ab3c82,3.548e+10,800,354.8
1658287522,AGLDUSDT,Sell,1.8,0.4430,MinusTick,fbd104bc-e352-5cc2-94a3-6b2e7abac996,7.974e+07,1.8,0.7974
1658287533,AGLDUSDT,Sell,227.9,0.4430,ZeroMinusTick,fede506c-7712-5b3c-8c12-0fd0f669a316,1.009597e+10,227.9,100.9597
1658287585,AGLDUSDT,Buy,275,0.4435,PlusTick,02912406-9dab-537f-850e-8007f19ef2e2,1.219625e+10,275,121.9625
1658287585,AGLDUSDT,Buy,799.9,0.4435,ZeroMinusTick,dc05eac2-3f2f-5e01-a1ee-b07f65cd50ce,3.5475565e+10,799.9,354.75565
1658287585,AGLDUSDT,Buy,227.9,0.4440,PlusTick,79b57e23-e428-5463-a14a-ba5dfd6f7983,1.011876e+10,227.9,101.1876
1658287611,AGLDUSDT,Buy,200.2,0.4450,PlusTick,70466b79-4427-59f8-9369-f0bc07280b9f,8.9089e+09,200.2,89.089
1658287611,AGLDUSDT,Sell,800,0.4450,ZeroMinusTick,cff06690-bf75-5ad6-a04d-16c9aafebbd8,3.56e+10,800,356
1658287624,AGLDUSDT,Buy,502.9,0.4450,ZeroMinusTick,79849949-a4da-5003-bf29-11177c53022a,2.2379049999999996e+10,502.9,223.79049999999998
1658287624,AGLDUSDT,Buy,279.1,0.4450,ZeroMinusTick,ec018b52-bf2d-5ef6-a380-edab0b332114,1.2419950000000002e+10,279.1,124.19950000000001
1658287628,AGLDUSDT,Buy,466,0.4450,ZeroMinusTick,83e159c6-e3c3-505d-b181-30c198ee0e20,2.0737e+10,466,207.37
1658287642,AGLDUSDT,Buy,128.9,0.4455,PlusTick,ee6dc411-080b-5ce8-bd8f-78571eb93b04,5.742495e+09,128.9,57.42495
1658287642,AGLDUSDT,Buy,116,0.4455,ZeroMinusTick,388c0f94-f42c-5045-8274-9f2aa55b6fb9,5.1678e+09,116,51.678
1658287652,AGLDUSDT,Sell,96.6,0.4455,ZeroMinusTick,44862253-b612-5a5a-a1c5-0bccf26065f1,4.30353e+09,96.6,43.0353
1658287659,AGLDUSDT,Sell,178.4,0.4455,ZeroMinusTick,cf855123-4a4c-5c1a-885b-b203d4c389a4,7.947720000000001e+09,178.4,79.47720000000001
1658287659,AGLDUSDT,Sell,227.9,0.4455,ZeroMinusTick,25c9d8bf-8ab0-5655-a173-8dc9dcc1ed98,1.0152945e+10,227.9,101.52945
1658287710,AGLDUSDT,Buy,275,0.4455,ZeroMinusTick,7f3b0f32-40d9-5638-9efe-4c9b05467d09,1.225125e+10,275,122.5125
1658287710,AGLDUSDT,Buy,800,0.4455,ZeroMinusTick,d99f8f0e-1e6c-5710-aa14-60b6d925f758,3.564e+10,800,356.4
1658287742,AGLDUSDT,Buy,800,0.4460,PlusTick,00279b9b-8375-5143-ae45-69071a848303,3.568e+10,800,356.8
1658287742,AGLDUSDT,Buy,1.8,0.4465,PlusTick,80084e67-8016-5000-b302-42029605620e,8.037000000000001e+07,1.8,0.8037000000000001
1658287775,AGLDUSDT,Buy,1182.1,0.4470,PlusTick,a6316fe3-3353-58cd-bfb7-9dcd8ddf268c,5.283987e+10,1182.1,528.3987
1658287775,AGLDUSDT,Buy,498.1,0.4470,ZeroMinusTick,69ae4080-9b91-569d-86b0-5effcf6a2695,2.226507e+10,498.1,222.6507
1658287775,AGLDUSDT,Buy,684,0.4470,ZeroMinusTick,ddc862fe-4308-50c2-82b5-4c76de673201,3.05748e+10,684,305.748
1658287775,AGLDUSDT,Buy,434.5,0.4470,ZeroMinusTick,ddef54c6-8e5f-520b-9081-9e4935af4e18,1.942215e+10,434.5,194.2215
1658287782,AGLDUSDT,Buy,0.1,0.4470,ZeroMinusTick,bcd385a9-15e9-5032-9065-923c8d3607bf,4.47e+06,0.1,0.044700000000000004
1658287809,AGLDUSDT,Sell,59.7,0.4465,MinusTick,5d530080-c895-5726-8422-b82aa0b9bb48,2.665605e+09,59.7,26.65605
1658287809,AGLDUSDT,Sell,168.2,0.4465,ZeroMinusTick,28a0a0d0-deb9-5383-94e7-13bdaa25fa74,7.510129999999999e+09,168.2,75.1013
1658287843,AGLDUSDT,Buy,800,0.4465,ZeroMinusTick,1d491dd9-a608-5662-9332-f224336ee407,3.572e+10,800,357.2
1658287843,AGLDUSDT,Buy,213.4,0.4465,ZeroMinusTick,4be57f27-18a5-5143-93fc-2cd2bd35f331,9.52831e+09,213.4,95.2831
1658287843,AGLDUSDT,Buy,321.4,0.4465,ZeroMinusTick,debd8e75-1185-5fcd-a9e6-8c651ad4efef,1.435051e+10,321.4,143.5051
1658287848,AGLDUSDT,Sell,0.1,0.4460,MinusTick,a1e51aca-2a6d-5ced-b198-94ec60a3570f,4.46e+06,0.1,0.0446
1658287848,AGLDUSDT,Sell,227.8,0.4460,ZeroMinusTick,704fe465-29a5-5781-bc1d-27d8ed98c95c,1.0159880000000002e+10,227.8,101.59880000000001
1658287848,AGLDUSDT,Sell,275,0.4460,ZeroMinusTick,a61332c3-7c85-5e74-939c-fcd509d5f5d2,1.2265e+10,275,122.65
1658287862,AGLDUSDT,Buy,0.1,0.4460,ZeroMinusTick,b265ddd3-e712-5843-8cb7-1d1862191af9,4.46e+06,0.1,0.0446
1658287876,AGLDUSDT,Buy,800,0.4460,ZeroMinusTick,55423ead-8eba-5571-acc9-b9f09fe135f7,3.568e+10,800,356.8
1658287881,AGLDUSDT,Sell,227.9,0.4455,MinusTick,02a06b22-aba4-569f-af4a-8a734dca601a,1.0152945e+10,227.9,101.52945
1658287881,AGLDUSDT,Sell,1682.1,0.4455,ZeroMinusTick,6d5d0cf2-85e9-5312-a452-351c27115d92,7.4937555e+10,1682.1,749.37555
1658287881,AGLDUSDT,Sell,1122.3,0.4455,ZeroMinusTick,291be7d6-5276-5723-9b67-501879beb25e,4.9998465e+10,1122.3,499.98465
1658287912,AGLDUSDT,Sell,1130.5,0.4455,ZeroMinusTick,0791974d-ebbe-5500-af98-d4d11c55720a,5.0363775e+10,1130.5,503.63775
1658287912,AGLDUSDT,Sell,227.9,0.4455,ZeroMinusTick,9341530e-42c3-50d9-9642-936084c2b7ff,1.0152945e+10,227.9,101.52945
1658287912,AGLDUSDT,Sell,227.9,0.4450,MinusTick,3e506bbc-ff27-5fa1-80ff-e3c27b5e8365,1.014155e+10,227.9,101.41550000000001
1658287920,AGLDUSDT,Sell,227.9,0.4445,MinusTick,0a109b3a-ddc1-5655-a5e3-c68192c75f03,1.0130155e+10,227.9,101.30155
1658287920,AGLDUSDT,Sell,1124.8,0.4445,ZeroMinusTick,8cece9b2-f1b1-575d-befe-010926319548,4.999736e+10,1124.8,499.9736
1658287952,AGLDUSDT,Buy,244.6,0.4445,ZeroMinusTick,052a3fda-b93b-5182-8b0f-ab474491c129,1.087247e+10,244.6,108.7247
1658287952,AGLDUSDT,Buy,30.4,0.4445,ZeroMinusTick,02e686ef-f1c1-5548-826c-f96958c418b4,1.35128e+09,30.4,13.5128
1658287992,AGLDUSDT,Sell,1.1,0.4445,ZeroMinusTick,38427d45-e12e-5829-83cf-b5dad59498de,4.889500000000001e+07,1.1,0.48895000000000005
1658288067,AGLDUSDT,Sell,226.8,0.4445,ZeroMinusTick,554c85eb-bf1f-56c0-905a-f8d3e2864cfe,1.008126e+10,226.8,100.8126
1658288067,AGLDUSDT,Sell,275,0.4445,ZeroMinusTick,cccdf0ad-8fd0-5608-9965-01b76559c876,1.222375e+10,275,122.2375
1658288128,AGLDUSDT,Sell,800,0.4440,MinusTick,61f4cc8a-db61-567f-8ae1-27a6c65a3a65,3.552e+10,800,355.2
1658288134,AGLDUSDT,Buy,45.7,0.4445,PlusTick,8307b949-bd89-5c16-8db7-3e3aaa723af2,2.0313650000000002e+09,45.7,20.313650000000003
1658288162,AGLDUSDT,Buy,1.9,0.4445,ZeroMinusTick,e7fd063e-150a-5d91-89f8-9889710438c0,8.4455e+07,1.9,0.84455
1658288164,AGLDUSDT,Buy,227.4,0.4445,ZeroMinusTick,88f6120b-7785-5ded-bda7-e60ba4ce4e90,1.010793e+10,227.4,101.0793
1658288198,AGLDUSDT,Buy,630.6,0.4450,PlusTick,5ee4bbae-ab29-5237-bcc5-acbdd18efaa4,2.80617e+10,630.6,280.617
1658288209,AGLDUSDT,Sell,275,0.4450,ZeroMinusTick,188f559b-63d5-5dd5-92fe-655e3a216ca5,1.22375e+10,275,122.375
1658288209,AGLDUSDT,Sell,323.5,0.4450,ZeroMinusTick,a6594c44-b095-529e-ad30-80dffefd1a81,1.4395750000000002e+10,323.5,143.9575
1658288209,AGLDUSDT,Buy,1123.5,0.4450,ZeroMinusTick,8835e4c8-7ea0-545b-b8fd-fbca4a3d7388,4.999575e+10,1123.5,499.9575
1658288232,AGLDUSDT,Sell,1.2,0.4445,MinusTick,35582cc1-7501-5f90-8722-332bd8882c8b,5.334e+07,1.2,0.5334
1658288342,AGLDUSDT,Sell,0.1,0.4440,MinusTick,feec388f-83a1-546c-8ceb-71ccac206a91,4.44e+06,0.1,0.0444
1658288359,AGLDUSDT,Sell,1124.8,0.4445,PlusTick,3525d1d1-890a-5bc5-9a6a-c4005507333f,4.999736e+10,1124.8,499.9736
1658288436,AGLDUSDT,Sell,1123.5,0.4450,PlusTick,a44b776b-076d-5c06-ab4a-1820736a2a53,4.999575e+10,1123.5,499.9575
1658288468,AGLDUSDT,Buy,275,0.4450,ZeroMinusTick,430bdac4-c3c5-5699-b48a-89533d3ed3fc,1.22375e+10,275,122.375
1658288472,AGLDUSDT,Buy,0.1,0.4455,PlusTick,1fb7527d-94c6-569b-bd64-b71df9360255,4.455000000000001e+06,0.1,0.044550000000000006
1658288505,AGLDUSDT,Sell,0.1,0.4450,MinusTick,c85f839f-5f7a-501a-b2b3-8f5a849ed8df,4.450000000000001e+06,0.1,0.044500000000000005
1658288506,AGLDUSDT,Sell,1123.4,0.4450,ZeroMinusTick,c2d3f5c0-b639-5fdd-9d3a-60cf1d47fdce,4.999130000000001e+10,1123.4,499.91300000000007
1658288515,AGLDUSDT,Sell,1124.8,0.4445,MinusTick,e43af063-3c71-5cf0-b867-bead9b7e6264,4.999736e+10,1124.8,499.9736
1658288516,AGLDUSDT,Buy,800,0.4445,ZeroMinusTick,37a5eac4-c657-5ce1-9b4c-d4677aa56af0,3.556e+10,800,355.6
1658288516,AGLDUSDT,Buy,275,0.4445,ZeroMinusTick,8126fd51-f146-5d60-988f-7e08fcaced95,1.222375e+10,275,122.2375
1658288552,AGLDUSDT,Buy,275,0.4445,ZeroMinusTick,7af1933b-175d-5741-b7e6-c4586c757d25,1.222375e+10,275,122.2375
1658288612,AGLDUSDT,Buy,0.4,0.4435,MinusTick,af72065e-d3f7-555b-beee-986cc7eb42fe,1.774e+07,0.4,0.1774
1658288732,AGLDUSDT,Sell,10,0.4430,MinusTick,b7ce3a3c-d5fb-54b4-9114-e6bb7de40f33,4.43e+08,10,4.43
1658288753,AGLDUSDT,Buy,275,0.4435,PlusTick,fced0232-4bc0-5dfc-b522-1e560058f1bd,1.219625e+10,275,121.9625
1658288796,AGLDUSDT,Sell,275,0.4430,MinusTick,ebb9ed5f-60bb-536a-ab8a-1b484399f4b1,1.21825e+10,275,121.825
1658288842,AGLDUSDT,Sell,800,0.4420,MinusTick,7e4b2f14-7486-5e35-962b-b0384fd9f7ae,3.536e+10,800,353.6
1658288853,AGLDUSDT,Sell,800,0.4420,ZeroMinusTick,07ab586c-449c-5223-bc54-b68d37a8a54b,3.536e+10,800,353.6
1658288853,AGLDUSDT,Sell,275,0.4415,MinusTick,af371d64-1933-5f7c-8281-3206318d1993,1.214125e+10,275,121.4125
1658288858,AGLDUSDT,Sell,275,0.4410,MinusTick,d9ade2f3-0699-5c7e-96b1-6fb70a3dab95,1.21275e+10,275,121.275
1658288896,AGLDUSDT,Buy,275,0.4410,ZeroMinusTick,c5f13290-8de9-505f-bdaa-45fcf1f726e6,1.21275e+10,275,121.275
1658288912,AGLDUSDT,Buy,1.7,0.4415,PlusTick,a95a50bb-0f16-56d4-98f4-eaf1b0fea5ce,7.5055e+07,1.7,0.7505499999999999
1658289072,AGLDUSDT,Sell,0.1,0.4410,MinusTick,1fa2d0db-481d-58c8-b827-aeda02cd7e77,4.41e+06,0.1,0.0441
1658289137,AGLDUSDT,Buy,275,0.4415,PlusTick,f53d7536-b338-5785-b1b2-455d83b435ef,1.214125e+10,275,121.4125
1658289137,AGLDUSDT,Buy,800,0.4415,ZeroMinusTick,0c7de4b5-75fb-5765-9381-1584d33305a9,3.532e+10,800,353.2
1658289137,AGLDUSDT,Buy,1131.2,0.4420,PlusTick,a9f2654b-e51d-526f-8084-5c7c1ce9e402,4.999904e+10,1131.2,499.9904
1658289262,AGLDUSDT,Sell,0.9,0.4415,MinusTick,21f3f714-c06e-5b3d-9a1a-da077b8e3e4b,3.9735e+07,0.9,0.39735000000000004
1658289268,AGLDUSDT,Sell,274.1,0.4415,ZeroMinusTick,61a7c88b-137b-54d7-8264-d3cab01330e9,1.2101515e+10,274.1,121.01515
1658289314,AGLDUSDT,Sell,275,0.4420,PlusTick,480c670b-1a6a-53c1-b241-9c887f4cfe34,1.2155e+10,275,121.55
1658289353,AGLDUSDT,Buy,226.1,0.4425,PlusTick,f4a184d0-cede-5f04-9106-367d1fc91c80,1.0004925e+10,226.1,100.04925
1658289392,AGLDUSDT,Buy,10,0.4425,ZeroMinusTick,e15fbd30-c065-5baa-bb91-b8b6f063c234,4.425e+08,10,4.425
1658289522,AGLDUSDT,Sell,0.3,0.4420,MinusTick,eb6df4ce-f20e-5255-bb8c-bbba4072247c,1.326e+07,0.3,0.1326
1658289612,AGLDUSDT,Sell,275,0.4415,MinusTick,55afc503-7cb6-505c-998e-2127a6b34fb1,1.214125e+10,275,121.4125
1658289617,AGLDUSDT,Buy,792.2,0.4415,ZeroMinusTick,9dd952ba-7ff5-5671-b7a0-e7e5d28e3d08,3.497563e+10,792.2,349.7563
1658289617,AGLDUSDT,Buy,7.8,0.4415,ZeroMinusTick,3fb7aced-e33e-516e-b6d5-9d0b567743ec,3.4437e+08,7.8,3.4436999999999998
1658289647,AGLDUSDT,Buy,275,0.4420,PlusTick,6d4b7ff5-b33b-5da2-a898-5d42e4d97547,1.2155e+10,275,121.55
1658289647,AGLDUSDT,Buy,800,0.4420,ZeroMinusTick,8a4a851d-f60f-58a7-8eac-cdfea40c108e,3.536e+10,800,353.6
1658289722,AGLDUSDT,Buy,1.9,0.4425,PlusTick,41289b1b-8f61-543e-92b2-341db33d5f1f,8.4075e+07,1.9,0.84075
1658289842,AGLDUSDT,Buy,275,0.4420,MinusTick,a15ef8a5-c4d0-5010-aff6-c63f1d434e26,1.2155e+10,275,121.55
1658289862,AGLDUSDT,Buy,0.6,0.4425,PlusTick,0d60bc58-63e0-5149-a714-745c7bfede61,2.655e+07,0.6,0.2655
1658289962,AGLDUSDT,Sell,0.8,0.4420,MinusTick,85369355-7fbf-5535-9730-d3c7761254f6,3.536e+07,0.8,0.3536
1658289994,AGLDUSDT,Sell,274.2,0.4420,ZeroMinusTick,bf02df3b-8f6c-5115-b6ad-a77305a35ae8,1.211964e+10,274.2,121.1964
1658289994,AGLDUSDT,Sell,226.1,0.4420,ZeroMinusTick,94f9d625-2bb2-596f-81c4-9c4b5184704b,9.99362e+09,226.1,99.9362
1658290042,AGLDUSDT,Buy,0.7,0.4420,ZeroMinusTick,20ce325d-f70e-522b-8d9d-347d7880b9e4,3.094e+07,0.7,0.3094
