timestamp,symbol,side,size,price,tickDirection,trdMatchID,grossValue,homeNotional,foreignNotional
1658102433,AGLDUSDT,Sell,800,0.3960,ZeroMinusTick,69a33afd-e514-512a-a523-2ca475a97236,3.168e+10,800,316.8
1658102435,AGLDUSDT,Sell,300,0.3955,MinusTick,2bdfaff1-2853-504c-89cf-0d70e68563d7,1.1865e+10,300,118.65
1658102459,AGLDUSDT,Sell,7.9,0.3955,ZeroMinusTick,55c00e2f-27c9-551b-997a-9f8427949919,3.1244500000000006e+08,7.9,3.1244500000000004
1658102473,AGLDUSDT,Buy,800,0.3960,PlusTick,1c1aa945-5818-56bb-85d1-5e6f6d3a656c,3.168e+10,800,316.8
1658102473,AGLDUSDT,Buy,1866,0.3965,PlusTick,859dc524-dd2a-5831-91f5-fc8350aa9944,7.39869e+10,1866,739.869
1658102473,AGLDUSDT,Buy,408.4,0.3965,ZeroMinusTick,79336db5-fb30-5ff9-abc4-04fe4f16b12a,1.619306e+10,408.4,161.9306
1658102473,AGLDUSDT,Buy,558.6,0.3965,ZeroMinusTick,675b3196-ce6c-50cc-8f70-26bb0741d7f3,2.214849e+10,558.6,221.4849
1658102473,AGLDUSDT,Buy,300,0.3965,ZeroMinusTick,04c9f029-4d49-5ecf-bd79-aa66fdbcdc04,1.1895e+10,300,118.95
1658102473,AGLDUSDT,Buy,800,0.3965,ZeroMinusTick,cd25477e-0ebf-5c4d-b343-3e4cec95766a,3.172e+10,800,317.2
1658102522,AGLDUSDT,Buy,800,0.3965,ZeroMinusTick,8d63c8b3-be0e-5f20-806f-1a09039f3a1d,3.172e+10,800,317.2
1658102543,AGLDUSDT,Buy,800,0.3970,PlusTick,e2b85737-9e71-5b7b-b00f-c8d01b71f579,3.1760000000000004e+10,800,317.6
1658102550,AGLDUSDT,Buy,800,0.3970,ZeroMinusTick,c77d6944-20d7-5981-ae6d-f60a205a3e35,3.1760000000000004e+10,800,317.6
1658102553,AGLDUSDT,Sell,1.6,0.3965,MinusTick,c94928e0-d3ee-50d8-a2c0-beff3d312e21,6.344000000000001e+07,1.6,0.6344000000000001
1658102581,AGLDUSDT,Buy,800,0.3970,PlusTick,2a97583f-1720-5558-8ccc-b9bc91a493c4,3.1760000000000004e+10,800,317.6
1658102603,AGLDUSDT,Sell,298.4,0.3965,MinusTick,435a2bd9-cdbc-5c35-a1cb-64afccc17423,1.183156e+10,298.4,118.3156
1658102662,AGLDUSDT,Buy,300,0.3975,PlusTick,49c4ad5f-510b-55a1-80c1-28cdae16c411,1.1925e+10,300,119.25
1658102700,AGLDUSDT,Sell,300,0.3975,ZeroMinusTick,fdec9ad2-2b15-5e9e-974f-21f8f520880d,1.1925e+10,300,119.25
1658102727,AGLDUSDT,Sell,1259.4,0.3970,MinusTick,07cc86bb-6e01-5ae9-9249-edcc65af5ae1,4.999818000000001e+10,1259.4,499.9818000000001
1658102727,AGLDUSDT,Sell,800,0.3970,ZeroMinusTick,acd8b32b-7b9b-5539-815f-31ac8f1e246b,3.1760000000000004e+10,800,317.6
1658102733,AGLDUSDT,Sell,300,0.3970,ZeroMinusTick,58d5a5d6-3dda-5f0e-9d00-da1e0cc2f49e,1.191e+10,300,119.10000000000001
1658102749,AGLDUSDT,Sell,800,0.3970,ZeroMinusTick,34669b9e-e408-502d-8201-ef4af223a343,3.1760000000000004e+10,800,317.6
1658102755,AGLDUSDT,Buy,300,0.3970,ZeroMinusTick,af5a07a5-7c5f-5679-ad13-7f4f5d745f48,1.191e+10,300,119.10000000000001
1658102775,AGLDUSDT,Buy,800,0.3975,PlusTick,7d7d65cf-4de5-5823-8380-3ffb23fc2650,3.18e+10,800,318
1658102783,AGLDUSDT,Sell,1.1,0.3970,MinusTick,0fccffec-6f4a-5e05-92c5-717ea5712ce5,4.367e+07,1.1,0.43670000000000003
1658102883,AGLDUSDT,Buy,1.4,0.3980,PlusTick,55a4ac82-bbb8-5953-9268-cf185ea673cc,5.572e+07,1.4,0.5572
1658102981,AGLDUSDT,Sell,800,0.3970,MinusTick,1fe0cc3c-a441-52dc-9655-38a52d3a8107,3.1760000000000004e+10,800,317.6
1658103013,AGLDUSDT,Sell,10,0.3970,ZeroMinusTick,3590acc1-979b-51df-8cf3-54d2781f1c29,3.97e+08,10,3.97
1658103030,AGLDUSDT,Sell,800,0.3970,ZeroMinusTick,0c452055-a9a5-5a48-92ae-96d58111409f,3.1760000000000004e+10,800,317.6
1658103213,AGLDUSDT,Buy,0.6,0.3975,PlusTick,257f764c-7a50-5128-a227-a3446a59c3ff,2.385e+07,0.6,0.2385
1658103255,AGLDUSDT,Sell,800,0.3985,PlusTick,914db052-b148-5a31-95c9-9411305e97b2,3.188e+10,800,318.8
1658103273,AGLDUSDT,Buy,0.6,0.3985,ZeroMinusTick,3bbcca14-6b72-5a07-8b1a-5f04f0184775,2.391e+07,0.6,0.2391
1658103423,AGLDUSDT,Sell,1.5,0.3980,MinusTick,33b5066b-967d-53c9-914f-3a001de7c4d5,5.97e+07,1.5,0.597
1658103508,AGLDUSDT,Sell,300,0.3985,PlusTick,0cfff82d-7893-5492-870a-c055937c4556,1.1955000000000002e+10,300,119.55000000000001
1658103510,AGLDUSDT,Sell,300,0.3980,MinusTick,67f8a34e-09c1-5a3a-98c4-fa5d3b222210,1.194e+10,300,119.4
1658103543,AGLDUSDT,Buy,1.9,0.3985,PlusTick,6083b635-0be8-5395-b472-5d1042dcc91c,7.5715e+07,1.9,0.75715
1658103634,AGLDUSDT,Sell,300,0.3980,MinusTick,082e0db6-bf85-57f6-81c2-150a44a752d3,1.194e+10,300,119.4
1658103673,AGLDUSDT,Buy,0.1,0.3980,ZeroMinusTick,65f69620-5d48-5692-8457-e829875fbe1f,3.98e+06,0.1,0.0398
1658103726,AGLDUSDT,Buy,1253.1,0.3990,PlusTick,c885b3af-5526-51d3-81cd-cb304e81adad,4.999869e+10,1253.1,499.9869
1658103782,AGLDUSDT,Buy,1248.4,0.4005,PlusTick,67415fe3-463d-5994-ad8b-050c2ef498f1,4.999842000000001e+10,1248.4,499.98420000000004
1658103782,AGLDUSDT,Buy,800,0.4005,ZeroMinusTick,b3e7c4cf-9f2d-5cfc-9f97-f817fe624ea5,3.2040000000000004e+10,800,320.40000000000003
1658103782,AGLDUSDT,Buy,300,0.4005,ZeroMinusTick,0b7e01a3-c905-5cb8-866c-9e6831d0c03a,1.2015e+10,300,120.15
1658103790,AGLDUSDT,Sell,300,0.4000,MinusTick,4d56687c-735a-5f46-99a6-231716105a54,1.2e+10,300,120
1658103790,AGLDUSDT,Sell,0.1,0.4000,ZeroMinusTick,a3be71ea-dacd-5924-87c2-f42ae11c6bbd,4.000000000000001e+06,0.1,0.04000000000000001
1658103790,AGLDUSDT,Sell,299.9,0.4000,ZeroMinusTick,2b44f3ab-0bd8-5011-96ea-b4c472d8af46,1.1996e+10,299.9,119.96
1658103793,AGLDUSDT,Sell,0.1,0.3995,MinusTick,e6d6e870-99ea-5887-b60a-82766990270b,3.9950000000000005e+06,0.1,0.039950000000000006
1658103794,AGLDUSDT,Buy,800,0.4000,PlusTick,1526a876-96ce-59a8-a91d-9e61e431e9d1,3.2e+10,800,320
1658103875,AGLDUSDT,Buy,800,0.4000,ZeroMinusTick,f972d9af-a542-53b8-8211-cb08870d0483,3.2e+10,800,320
1658103875,AGLDUSDT,Buy,300,0.4000,ZeroMinusTick,27914a12-83c1-58b7-aac6-61bb40212bd8,1.2e+10,300,120
1658103881,AGLDUSDT,Sell,300,0.4000,ZeroMinusTick,59b5d9f2-4ee6-5123-8b2e-93cbf72f7256,1.2e+10,300,120
1658103932,AGLDUSDT,Buy,60.5,0.4005,PlusTick,5a74b992-bb94-5d80-a91b-9ea0164ac757,2.423025e+09,60.5,24.23025
1658103933,AGLDUSDT,Sell,0.2,0.4005,ZeroMinusTick,4effdfab-0e38-5e90-84d4-4cba9743f3e2,8.01e+06,0.2,0.0801
1658104011,AGLDUSDT,Sell,299.8,0.4005,ZeroMinusTick,a57ad546-a459-50c5-bff8-3f3dc4815497,1.2006990000000002e+10,299.8,120.06990000000002
1658104028,AGLDUSDT,Buy,579.2,0.4005,ZeroMinusTick,97dbe5f4-af83-5ad6-9062-770588536fc4,2.3196960000000004e+10,579.2,231.96960000000004
1658104028,AGLDUSDT,Buy,220.8,0.4005,ZeroMinusTick,017404b1-b78f-5c1f-a719-3eefab1fdcf1,8.84304e+09,220.8,88.4304
1658104043,AGLDUSDT,Sell,1.4,0.4000,MinusTick,f6656cb3-b3c0-511d-8d5c-50b6deb0a960,5.599999999999999e+07,1.4,0.5599999999999999
1658104111,AGLDUSDT,Buy,800,0.4000,ZeroMinusTick,77919a1a-615f-5511-9450-5dac7fc02fad,3.2e+10,800,320
1658104213,AGLDUSDT,Buy,0.5,0.3995,MinusTick,3ebb724f-ebbe-59ec-8659-2186846d965d,1.9975e+07,0.5,0.19975
1658104227,AGLDUSDT,Buy,7.8,0.4000,PlusTick,44b2dcb7-c2dc-5726-9e7a-475fd95ea3bc,3.12e+08,7.8,3.12
1658104228,AGLDUSDT,Sell,15.5,0.3990,MinusTick,3c6e5a3e-a05e-5b05-a517-de3236e3edb1,6.1845e+08,15.5,6.1845
1658104313,AGLDUSDT,Buy,0.7,0.3995,PlusTick,dfbd497c-daad-5015-a8dc-445f896821b8,2.7965e+07,0.7,0.27965
1658104388,AGLDUSDT,Buy,800,0.4000,PlusTick,c72b423f-517e-5e63-8069-34938499fae3,3.2e+10,800,320
1658104389,AGLDUSDT,Buy,1248.4,0.4005,PlusTick,1daf68fd-3926-58de-a190-da7b954bb7c8,4.999842000000001e+10,1248.4,499.98420000000004
1658104428,AGLDUSDT,Buy,50,0.4010,PlusTick,0e031003-e02d-5269-ac00-26568b0c9938,2.005e+09,50,20.05
1658104459,AGLDUSDT,Sell,50,0.4005,MinusTick,3bac62cf-00c0-5a8a-b674-a18943a17923,2.0025000000000002e+09,50,20.025000000000002
1658104483,AGLDUSDT,Sell,0.9,0.4010,PlusTick,f155d23f-93c2-52e1-b367-615616710934,3.609000000000001e+07,0.9,0.36090000000000005
1658104603,AGLDUSDT,Buy,0.5,0.4005,MinusTick,c5f95756-f5b1-5eb4-b102-8f6532a5bfaa,2.0025e+07,0.5,0.20025
1658104633,AGLDUSDT,Sell,1251.5,0.3995,MinusTick,b424d92e-4c4e-5cc9-baff-89793f496393,4.999742500000001e+10,1251.5,499.97425000000004
1658104634,AGLDUSDT,Sell,300,0.3990,MinusTick,27fa7dbe-bedc-5314-8a9d-80a47e46e8d4,1.197e+10,300,119.7
1658104653,AGLDUSDT,Sell,1254.7,0.3985,MinusTick,9e79bd37-5fa3-5cc6-81e6-57285366fca8,4.999979500000001e+10,1254.7,499.99795000000006
1658104654,AGLDUSDT,Sell,800,0.3980,MinusTick,fee58858-e6ea-5fd7-be64-ec61c9b1ebe1,3.1840000000000004e+10,800,318.40000000000003
1658104654,AGLDUSDT,Sell,300,0.3980,ZeroMinusTick,85badb8f-2565-5f3e-a20a-4c8a87570fe1,1.194e+10,300,119.4
1658104654,AGLDUSDT,Buy,65.5,0.3980,ZeroMinusTick,8672362b-2de6-5911-96ca-c3e3d6ba2c8d,2.6069000000000005e+09,65.5,26.069000000000003
1658104659,AGLDUSDT,Buy,234.5,0.3980,ZeroMinusTick,866b83d9-3140-56bb-9fd9-ece6808f81b4,9.3331e+09,234.5,93.331
1658104695,AGLDUSDT,Buy,300,0.3980,ZeroMinusTick,ce9bbbf4-2bf2-59d6-93c1-fc5424d0f2e8,1.194e+10,300,119.4
1658104710,AGLDUSDT,Sell,300,0.3985,PlusTick,6af21b70-f90b-5079-9ef9-2c1c43117681,1.1955000000000002e+10,300,119.55000000000001
1658104723,AGLDUSDT,Sell,300,0.3980,MinusTick,2e4ac809-f33a-5a38-9619-13d09c92bbca,1.194e+10,300,119.4
1658104723,AGLDUSDT,Sell,300,0.3980,ZeroMinusTick,de33f5aa-b4c6-54a3-a1d6-ee8618531c36,1.194e+10,300,119.4
1658104736,AGLDUSDT,Sell,800,0.3980,ZeroMinusTick,8373cba6-d2e4-5fe1-8597-309652d251e2,3.1840000000000004e+10,800,318.40000000000003
1658104736,AGLDUSDT,Sell,300,0.3980,ZeroMinusTick,2808ae60-24a7-51de-9f5e-243bb664e4e3,1.194e+10,300,119.4
1658104759,AGLDUSDT,Buy,300,0.3980,ZeroMinusTick,e3dac14b-1bc9-5534-80b1-fc9e5e348641,1.194e+10,300,119.4
1658104762,AGLDUSDT,Sell,800,0.3980,ZeroMinusTick,00a45976-59c8-5a77-9a9c-5b1650e4fa1a,3.1840000000000004e+10,800,318.40000000000003
1658104768,AGLDUSDT,Sell,1257.8,0.3975,MinusTick,e55c5294-9cf4-58ce-bc94-9cc116c52c54,4.999755e+10,1257.8,499.9755
1658104778,AGLDUSDT,Buy,300,0.3975,ZeroMinusTick,c17f2258-45fb-527f-a7eb-362f30db3c50,1.1925e+10,300,119.25
1658104791,AGLDUSDT,Buy,300,0.3975,ZeroMinusTick,ef440fb9-c39f-5a8e-aa12-b95e2eb70229,1.1925e+10,300,119.25
1658104793,AGLDUSDT,Sell,0.7,0.3970,MinusTick,17a07e81-5fab-5b01-91d4-c1de76b7662e,2.7789999999999996e+07,0.7,0.2779
1658104810,AGLDUSDT,Buy,7.9,0.3980,PlusTick,75901418-a415-52d6-b936-ad86eb102d6c,3.1442e+08,7.9,3.1442
1658104817,AGLDUSDT,Buy,300,0.3975,MinusTick,97425b03-a440-557e-8001-bd070e963a51,1.1925e+10,300,119.25
1658104828,AGLDUSDT,Sell,1261,0.3965,MinusTick,804c435d-06ba-5cc5-8c89-145eef19e0f2,4.999865e+10,1261,499.98650000000004
1658104855,AGLDUSDT,Buy,300,0.3965,ZeroMinusTick,ace1a611-acc4-51ce-aae2-00d9e4395b3a,1.1895e+10,300,118.95
1658104868,AGLDUSDT,Buy,300,0.3965,ZeroMinusTick,c3f87b2e-2f68-5541-9ebf-bbcdffd44e29,1.1895e+10,300,118.95
1658104888,AGLDUSDT,Buy,300,0.3965,ZeroMinusTick,91c0f69c-cd23-50c8-bf01-4ffcdd63a6c0,1.1895e+10,300,118.95
1658104891,AGLDUSDT,Sell,1994.9,0.3965,ZeroMinusTick,7d70eb7d-1f88-561f-81c0-980e2606324e,7.909778500000002e+10,1994.9,790.9778500000001
1658104891,AGLDUSDT,Sell,1994.9,0.3965,ZeroMinusTick,812b0cf4-cc20-5e56-a56c-b0823187e6b3,7.909778500000002e+10,1994.9,790.9778500000001
1658104983,AGLDUSDT,Sell,1.2,0.3960,MinusTick,bdb03b74-ab32-5bdc-bc8a-38f25a1dd736,4.752e+07,1.2,0.4752
1658105013,AGLDUSDT,Sell,800,0.3955,MinusTick,517bcd91-7191-59f2-81e8-34bd2ffbc5e6,3.1640000000000004e+10,800,316.40000000000003
1658105013,AGLDUSDT,Sell,300,0.3955,ZeroMinusTick,a0ba2450-c173-5a2a-89ab-945dacde2582,1.1865e+10,300,118.65
1658105013,AGLDUSDT,Sell,967,0.3955,ZeroMinusTick,3c0d37af-b570-5b37-9dc6-abc821935f94,3.824485e+10,967,382.4485
1658105013,AGLDUSDT,Sell,439.4,0.3955,ZeroMinusTick,2aa60b22-3ed4-5c21-b676-f232c672098a,1.737827e+10,439.4,173.7827
1658105013,AGLDUSDT,Sell,1426.6,0.3955,ZeroMinusTick,292b47b9-853b-556e-aeff-74dfeadba66e,5.642202999999999e+10,1426.6,564.2203
1658105018,AGLDUSDT,Sell,800,0.3950,MinusTick,4a222c63-bacf-5131-a8df-292e9acc6c87,3.16e+10,800,316
1658105018,AGLDUSDT,Sell,1265.8,0.3950,ZeroMinusTick,301b2c42-bf41-5712-883c-a3f95dc74e1e,4.99991e+10,1265.8,499.991
1658105023,AGLDUSDT,Buy,300,0.3950,ZeroMinusTick,e8e2111e-0069-58b5-af82-3c0cf84ffba5,1.185e+10,300,118.5
1658105075,AGLDUSDT,Buy,300,0.3950,ZeroMinusTick,20b1fc98-ebca-5337-8315-14566320b2dd,1.185e+10,300,118.5
1658105075,AGLDUSDT,Buy,800,0.3950,ZeroMinusTick,71563022-d626-5ee5-87ce-dab34672dbb8,3.16e+10,800,316
1658105101,AGLDUSDT,Sell,800,0.3955,PlusTick,6357faec-a47f-54c0-8cb9-3a75a921fee5,3.1640000000000004e+10,800,316.40000000000003
1658105101,AGLDUSDT,Sell,1213.3,0.3955,ZeroMinusTick,083c9417-10d1-5da5-9099-9eec6781f346,4.7986015e+10,1213.3,479.86015
1658105101,AGLDUSDT,Sell,634.1,0.3955,ZeroMinusTick,30b48025-fab1-5511-9a24-3bd8ab59160b,2.5078655000000004e+10,634.1,250.78655000000003
1658105101,AGLDUSDT,Sell,129.4,0.3955,ZeroMinusTick,5eee9377-ac25-5542-85c1-c72a2b5e68bf,5.11777e+09,129.4,51.1777
1658105110,AGLDUSDT,Sell,800,0.3950,MinusTick,bc7b3d76-4b31-5a6d-8f15-ae34e9e8a18c,3.16e+10,800,316
1658105114,AGLDUSDT,Sell,328.3,0.3950,ZeroMinusTick,bd0677f1-c071-5b03-8811-e934ecba86f2,1.2967850000000002e+10,328.3,129.6785
1658105114,AGLDUSDT,Sell,471.7,0.3950,ZeroMinusTick,47c69e78-3b68-5caf-8c59-bc2ddf21da44,1.863215e+10,471.7,186.32150000000001
1658105129,AGLDUSDT,Buy,300,0.3955,PlusTick,68f0ee22-6765-5bed-a574-bd923ae5a94d,1.1865e+10,300,118.65
1658105130,AGLDUSDT,Sell,300,0.3955,ZeroMinusTick,bf5d71dc-da5c-5149-88e8-41b6d77bbabc,1.1865e+10,300,118.65
1658105163,AGLDUSDT,Buy,1.2,0.3955,ZeroMinusTick,a15dbc5f-3cdd-517a-97f8-69636553b1f0,4.746e+07,1.2,0.4746
1658105218,AGLDUSDT,Buy,800,0.3965,PlusTick,49c29205-ac91-5b2d-95d6-f819e88a8503,3.172e+10,800,317.2
1658105218,AGLDUSDT,Buy,300,0.3965,ZeroMinusTick,96e64bf1-c4c9-5751-a416-52e69163e1f8,1.1895e+10,300,118.95
1658105243,AGLDUSDT,Buy,1.1,0.3960,MinusTick,06377ef9-8f15-531d-bfd1-f848a17bef3e,4.356000000000001e+07,1.1,0.43560000000000004
1658105275,AGLDUSDT,Buy,298.9,0.3960,ZeroMinusTick,45aad6b7-f993-5383-8485-e61b0fb30e9e,1.183644e+10,298.9,118.3644
1658105346,AGLDUSDT,Buy,300,0.3960,ZeroMinusTick,e56286ac-3a66-5498-8ab1-53a260db55aa,1.1880000000000002e+10,300,118.80000000000001
1658105346,AGLDUSDT,Buy,300,0.3965,PlusTick,fea44f74-5f50-583d-bb65-30daf5210171,1.1895e+10,300,118.95
1658105346,AGLDUSDT,Buy,1261,0.3965,ZeroMinusTick,d2059cae-d3d6-5ec9-895d-5349afbfc8cf,4.999865e+10,1261,499.98650000000004
1658105346,AGLDUSDT,Buy,967,0.3970,PlusTick,0a5a32b0-fe6f-5108-9597-4ff054b5b38c,3.83899e+10,967,383.899
1658105346,AGLDUSDT,Buy,1100,0.3970,ZeroMinusTick,ac31ea90-3c52-509f-b22a-c1d60d25e227,4.367000000000001e+10,1100,436.70000000000005
1658105346,AGLDUSDT,Buy,215.1,0.3970,ZeroMinusTick,0fba2a82-464a-5b59-bc7e-a53b1abe03e8,8.53947e+09,215.1,85.3947
1658105346,AGLDUSDT,Buy,253.5,0.3970,ZeroMinusTick,c89611bb-fdc5-5002-8b8e-f121430316e0,1.006395e+10,253.5,100.6395
1658105346,AGLDUSDT,Buy,451.5,0.3975,PlusTick,a5d77d15-b788-560d-bada-22bfc1ac91e9,1.7947125e+10,451.5,179.47125
1658105392,AGLDUSDT,Buy,800,0.3960,MinusTick,4d49791f-8d8d-5885-83fc-1310d17f31dc,3.168e+10,800,316.8
1658105413,AGLDUSDT,Buy,2,0.3965,PlusTick,85a2be46-875b-54a9-906e-3e7ea69a45fc,7.93e+07,2,0.793
1658105553,AGLDUSDT,Sell,1.1,0.3960,MinusTick,5778cacb-0ea8-5280-93f2-59ad0b5f3f27,4.356000000000001e+07,1.1,0.43560000000000004
1658105673,AGLDUSDT,Sell,0.2,0.3955,MinusTick,9b414e9d-0e80-5a85-8400-1ad730b1a0ac,7.91e+06,0.2,0.0791
1658105727,AGLDUSDT,Buy,1261,0.3965,PlusTick,dc671cde-deda-5074-9099-68f550456251,4.999865e+10,1261,499.98650000000004
1658105873,AGLDUSDT,Sell,1.9,0.3965,ZeroMinusTick,ea5bdc9a-a898-5b3b-b8ae-762bfeca2f05,7.5335e+07,1.9,0.75335
1658106033,AGLDUSDT,Buy,0.8,0.3970,PlusTick,b10e3350-23dc-535c-a5fd-211b43a77b72,3.1760000000000004e+07,0.8,0.31760000000000005
1658106081,AGLDUSDT,Buy,800,0.3980,PlusTick,3eefb92d-26dc-5480-b38d-64c5cdff7eb3,3.1840000000000004e+10,800,318.40000000000003
1658106093,AGLDUSDT,Sell,0.4,0.3980,ZeroMinusTick,edf72aaa-d779-597b-98a5-4c54ac59932c,1.592e+07,0.4,0.1592
1658106097,AGLDUSDT,Buy,1253.1,0.3990,PlusTick,dedd99c0-ae09-536e-b444-10f4a60814bc,4.999869e+10,1253.1,499.9869
1658106097,AGLDUSDT,Buy,800,0.3990,ZeroMinusTick,469acca5-44fa-570f-9b18-9a0414132395,3.1920000000000004e+10,800,319.20000000000005
1658106097,AGLDUSDT,Buy,251,0.3990,ZeroMinusTick,f9d2b265-6456-5a81-838c-9c0422d29201,1.00149e+10,251,100.149
1658106126,AGLDUSDT,Buy,800,0.3995,PlusTick,4fc60df9-e0ad-5f61-a1b2-47c4fd5a110a,3.1960000000000004e+10,800,319.6
1658106135,AGLDUSDT,Sell,300,0.3990,MinusTick,346bc06e-2382-5755-85fb-f5745bcd967c,1.197e+10,300,119.7
1658106192,AGLDUSDT,Sell,300,0.3985,MinusTick,c8187b07-07a6-5aeb-833c-e6df8813ad00,1.1955000000000002e+10,300,119.55000000000001
1658106293,AGLDUSDT,Sell,1.9,0.3985,ZeroMinusTick,5bb3083a-3d5d-5e04-94ce-f49440912033,7.5715e+07,1.9,0.75715
1658106363,AGLDUSDT,Sell,0.1,0.3985,ZeroMinusTick,c6ad9eff-131a-5cbc-86c3-69488096ffc3,3.9850000000000005e+06,0.1,0.039850000000000003
1658106465,AGLDUSDT,Sell,300,0.3990,PlusTick,7ab1e801-f8a4-588a-a016-666390e44c2d,1.197e+10,300,119.7
1658106465,AGLDUSDT,Sell,800,0.3990,ZeroMinusTick,3ed1ea9f-81c5-5a43-9420-65a437a7b7d0,3.1920000000000004e+10,800,319.20000000000005
1658106465,AGLDUSDT,Sell,800,0.3985,MinusTick,60edbbad-5f8c-5d3c-867a-5b519bf80eae,3.188e+10,800,318.8
1658106493,AGLDUSDT,Buy,0.1,0.3990,PlusTick,14818b1e-d709-54a8-a43e-f5c9377462d7,3.9900000000000005e+06,0.1,0.039900000000000005
1658106614,AGLDUSDT,Sell,300,0.3990,ZeroMinusTick,641bb324-d1f9-593d-9201-e3e4898afaf4,1.197e+10,300,119.7
1658106653,AGLDUSDT,Sell,0.5,0.3985,MinusTick,d23d372d-0a37-59b9-a513-787720c0cbd5,1.9925e+07,0.5,0.19925
1658106654,AGLDUSDT,Buy,8,0.3995,PlusTick,d3831be2-49a6-5b57-ac0e-08490270c1ea,3.196e+08,8,3.196
1658106674,AGLDUSDT,Buy,1251.5,0.3995,ZeroMinusTick,603d4919-602b-50e1-9876-649021ac848e,4.999742500000001e+10,1251.5,499.97425000000004
1658106674,AGLDUSDT,Buy,1251.5,0.3995,ZeroMinusTick,553407ef-a189-53eb-8c49-60951afba555,4.999742500000001e+10,1251.5,499.97425000000004
1658106682,AGLDUSDT,Buy,1250,0.4000,PlusTick,12906af9-fff6-50fb-a4b1-c5cc0e738c4b,5e+10,1250,500
1658106682,AGLDUSDT,Buy,800,0.4005,PlusTick,2b1b58f9-0fc5-5bb0-b482-b9846404e67e,3.2040000000000004e+10,800,320.40000000000003
1658106682,AGLDUSDT,Buy,300,0.4005,ZeroMinusTick,211b3aa1-294c-5ffe-8547-7e57d3df10a5,1.2015e+10,300,120.15
1658106689,AGLDUSDT,Buy,300,0.4010,PlusTick,61ac643c-5b8d-5f69-947d-9d5f6499a2ad,1.2030000000000002e+10,300,120.30000000000001
1658106689,AGLDUSDT,Sell,7.9,0.4010,ZeroMinusTick,f4850787-db96-5a55-b5f5-7dd7ee7e05db,3.1679000000000006e+08,7.9,3.1679000000000004
1658106692,AGLDUSDT,Sell,300,0.4010,ZeroMinusTick,94b36920-81a7-54d3-b873-ca5d1e0a80cd,1.2030000000000002e+10,300,120.30000000000001
1658106692,AGLDUSDT,Sell,300,0.4010,ZeroMinusTick,47bdf94d-d08d-5c2c-86ac-d8b6b7958ab8,1.2030000000000002e+10,300,120.30000000000001
1658106702,AGLDUSDT,Buy,800,0.4010,ZeroMinusTick,47b98e04-a8e2-5d6f-8f3b-9d319a544b3a,3.208e+10,800,320.8
1658106702,AGLDUSDT,Buy,662.7,0.4010,ZeroMinusTick,64f2cb85-5021-5da9-995b-f3ec2fb97663,2.657427e+10,662.7,265.7427
1658106702,AGLDUSDT,Buy,137.3,0.4010,ZeroMinusTick,ba9bc19c-69eb-51f9-88c5-89b9caf9764e,5.505730000000001e+09,137.3,55.057300000000005
1658106707,AGLDUSDT,Sell,300,0.4010,ZeroMinusTick,58769d29-bdae-5350-bf59-7a54e7a89d25,1.2030000000000002e+10,300,120.30000000000001
1658106741,AGLDUSDT,Sell,300,0.4010,ZeroMinusTick,f8177d81-2dc0-5a49-b253-cd184fb1cd14,1.2030000000000002e+10,300,120.30000000000001
1658106793,AGLDUSDT,Buy,0.5,0.4015,PlusTick,151f013a-8bd1-504b-85d7-186698cd4cbd,2.0075e+07,0.5,0.20075
1658106854,AGLDUSDT,Sell,300,0.4005,MinusTick,89aebf32-e5dc-5334-af61-9c085cefb81d,1.2015e+10,300,120.15
1658106879,AGLDUSDT,Sell,300,0.4005,ZeroMinusTick,f0b8849b-fbac-51cb-ab25-362f2950ed3b,1.2015e+10,300,120.15
1658106902,AGLDUSDT,Buy,300,0.4015,PlusTick,7975986b-7f43-520c-a18c-99a52037d432,1.2045e+10,300,120.45
1658106902,AGLDUSDT,Buy,162.7,0.4015,ZeroMinusTick,0d4a3976-14e8-5dfd-bc48-bb23366402d2,6.532405e+09,162.7,65.32405
1658106902,AGLDUSDT,Buy,462.7,0.4015,ZeroMinusTick,5f05b658-1ccc-58df-9a16-5ecb86774f57,1.8577405e+10,462.7,185.77405000000002
1658106902,AGLDUSDT,Buy,174.6,0.4015,ZeroMinusTick,9ea14db1-a4ad-5472-983f-c5729ab71a63,7.01019e+09,174.6,70.1019
1658106933,AGLDUSDT,Buy,0.1,0.4015,ZeroMinusTick,670e4547-f9a3-5a2e-b394-af590f3c5d0f,4.0150000000000005e+06,0.1,0.040150000000000005
1658106950,AGLDUSDT,Sell,300,0.4005,MinusTick,484aff90-865e-59b3-a9d3-bb30325cec13,1.2015e+10,300,120.15
1658107083,AGLDUSDT,Buy,0.2,0.4010,PlusTick,0f4d8ee0-57f3-5efd-b3df-bb6c1bc18c12,8.020000000000001e+06,0.2,0.08020000000000001
1658107196,AGLDUSDT,Buy,7.8,0.4015,PlusTick,0ab858af-0e17-58f5-ba85-3a291549c51a,3.1317e+08,7.8,3.1317
1658107233,AGLDUSDT,Buy,1.6,0.4015,ZeroMinusTick,25dd4aaf-b933-5004-965e-fec57d5a1c94,6.424000000000001e+07,1.6,0.6424000000000001
1658107253,AGLDUSDT,Sell,300,0.4005,MinusTick,90277c8d-ce40-5b26-b5bd-5f4c4b5e79e5,1.2015e+10,300,120.15
1658107373,AGLDUSDT,Sell,1.7,0.4005,ZeroMinusTick,950bb9e0-7962-506b-a5d5-08d787925cfa,6.8085e+07,1.7,0.6808500000000001
1658107392,AGLDUSDT,Buy,300,0.4010,PlusTick,eb9623d1-4cb6-5c3a-835b-7a409818866b,1.2030000000000002e+10,300,120.30000000000001
1658107392,AGLDUSDT,Buy,800,0.4010,ZeroMinusTick,0cef4074-a8ec-570f-8198-efc90469518f,3.208e+10,800,320.8
1658107393,AGLDUSDT,Buy,0.1,0.4015,PlusTick,0289a52f-be64-5035-b676-7e05de428bd1,4.0150000000000005e+06,0.1,0.040150000000000005
1658107396,AGLDUSDT,Sell,300,0.4010,MinusTick,8a78e38a-5c30-50e0-8538-3ce511ce5215,1.2030000000000002e+10,300,120.30000000000001
1658107453,AGLDUSDT,Buy,0.1,0.4015,PlusTick,d6b8a4dd-08eb-5c9e-b3d0-d10159661def,4.0150000000000005e+06,0.1,0.040150000000000005
1658107523,AGLDUSDT,Sell,300,0.4015,ZeroMinusTick,e44c6663-20cf-5d20-a49e-999b7c95a24e,1.2045e+10,300,120.45
1658107543,AGLDUSDT,Buy,10,0.4010,MinusTick,ef704f73-bf31-5ab8-9708-abf188fbfb23,4.01e+08,10,4.01
1658107653,AGLDUSDT,Buy,1.3,0.4020,PlusTick,f8d8fef2-b785-5e53-8508-aac9be827641,5.226000000000001e+07,1.3,0.5226000000000001
1658107726,AGLDUSDT,Sell,300,0.4010,MinusTick,f081ac11-3da7-5446-a6e9-20caf74e3c71,1.2030000000000002e+10,300,120.30000000000001
1658107834,AGLDUSDT,Sell,300,0.4010,ZeroMinusTick,668161c9-354b-59fc-9c54-1114959fb4c9,1.2030000000000002e+10,300,120.30000000000001
1658107838,AGLDUSDT,Buy,300,0.4010,ZeroMinusTick,4988e972-f988-5299-9540-34f5495b313b,1.2030000000000002e+10,300,120.30000000000001
1658107903,AGLDUSDT,Buy,0.9,0.4015,PlusTick,a449c4dd-fe0c-5ee3-9c9d-8c2654f59dd0,3.6135e+07,0.9,0.36135
1658107912,AGLDUSDT,Sell,300,0.4010,MinusTick,ad12fc6d-ccf8-5005-b28b-22e0f698f981,1.2030000000000002e+10,300,120.30000000000001
1658107932,AGLDUSDT,Sell,300,0.4005,MinusTick,9f9416ff-f863-5847-95a5-f3a67ddc596a,1.2015e+10,300,120.15
1658107992,AGLDUSDT,Buy,300,0.4005,ZeroMinusTick,af8fb55b-192b-57ed-bc1e-cbd2605e8fb4,1.2015e+10,300,120.15
1658108013,AGLDUSDT,Buy,0.9,0.4005,ZeroMinusTick,7f79727a-4301-53d2-aa8e-e565295962ad,3.604500000000001e+07,0.9,0.36045000000000005
1658108055,AGLDUSDT,Buy,737.3,0.4005,ZeroMinusTick,2579fe4f-e337-5bd3-832c-9a3a464d62f5,2.9528865e+10,737.3,295.28865
1658108055,AGLDUSDT,Buy,62.7,0.4005,ZeroMinusTick,f021dce7-8889-5bfc-baf3-6e264ccb4d3c,2.511135e+09,62.7,25.11135
1658108056,AGLDUSDT,Buy,800,0.4005,ZeroMinusTick,2f7a6532-0501-54b8-82f0-bcab399d82c0,3.2040000000000004e+10,800,320.40000000000003
1658108134,AGLDUSDT,Buy,0.1,0.4010,PlusTick,6454fa3e-bf64-5c56-a43b-500ef9aa1039,4.0100000000000005e+06,0.1,0.040100000000000004
1658108134,AGLDUSDT,Buy,299.9,0.4010,ZeroMinusTick,551addfd-42aa-5d6c-bae9-35d1fd9a0217,1.202599e+10,299.9,120.2599
1658108134,AGLDUSDT,Buy,800,0.4010,ZeroMinusTick,5d698fcc-702b-5243-b232-d413c0d6ad0d,3.208e+10,800,320.8
1658108134,AGLDUSDT,Buy,250,0.4010,ZeroMinusTick,651516a4-48be-5005-ba33-e2bd41be359f,1.0025e+10,250,100.25
1658108134,AGLDUSDT,Buy,1245.3,0.4015,PlusTick,42b11947-cb50-52a4-babf-bb0c504e78ec,4.9998795e+10,1245.3,499.98795
1658108138,AGLDUSDT,Buy,0.1,0.4015,ZeroMinusTick,0df2a3b0-156d-5065-931d-4a57f679b983,4.0150000000000005e+06,0.1,0.040150000000000005
1658108138,AGLDUSDT,Buy,1245.2,0.4015,ZeroMinusTick,41543cb9-7837-53de-98c7-3a50ed5d9b01,4.999478e+10,1245.2,499.94780000000003
1658108138,AGLDUSDT,Buy,1245.3,0.4015,ZeroMinusTick,8efb751f-75eb-5604-8933-9483a26c499a,4.9998795e+10,1245.3,499.98795
1658108151,AGLDUSDT,Sell,300,0.4010,MinusTick,b92ee89b-9c85-58fe-89fa-07e616d991c4,1.2030000000000002e+10,300,120.30000000000001
1658108203,AGLDUSDT,Buy,0.6,0.4015,PlusTick,f580cb09-87ae-5562-8ab6-2e89b91be5cc,2.409e+07,0.6,0.2409
1658108224,AGLDUSDT,Sell,0.1,0.4010,MinusTick,c528d22c-fee2-5922-a7e2-33a45cf4cedb,4.0100000000000005e+06,0.1,0.040100000000000004
1658108224,AGLDUSDT,Sell,299.9,0.4010,ZeroMinusTick,a83fb484-80f5-5ce7-a43b-9ab14bc6f089,1.202599e+10,299.9,120.2599
1658108224,AGLDUSDT,Sell,300,0.4005,MinusTick,a16d3cc5-1116-5aaa-8913-bd7f5f9c70e7,1.2015e+10,300,120.15
1658108225,AGLDUSDT,Sell,15,0.4000,MinusTick,52c4c0c9-8754-5295-b972-eea1e8a15abd,6e+08,15,6
1658108225,AGLDUSDT,Sell,117,0.4000,ZeroMinusTick,5d7b6174-1abc-5680-8440-2e2160871792,4.68e+09,117,46.800000000000004
1658108226,AGLDUSDT,Sell,1939.5,0.3995,MinusTick,edebbd2b-36ad-5acd-adda-6a80a1812abb,7.748302500000002e+10,1939.5,774.8302500000001
1658108226,AGLDUSDT,Sell,1251.5,0.3995,ZeroMinusTick,97070253-cd71-5199-aeb0-185776698280,4.999742500000001e+10,1251.5,499.97425000000004
1658108240,AGLDUSDT,Sell,1745.2,0.3990,MinusTick,69459787-779e-5db0-b682-32cdab6776a1,6.963348000000002e+10,1745.2,696.3348000000001
1658108240,AGLDUSDT,Sell,805.6,0.3990,ZeroMinusTick,a8b7288b-f4b2-5e2b-9876-efbfba2186b3,3.2143440000000004e+10,805.6,321.43440000000004
1658108240,AGLDUSDT,Sell,447.5,0.3990,ZeroMinusTick,a64b136e-337a-599c-8aed-fb846aaf31ea,1.785525e+10,447.5,178.5525
1658108240,AGLDUSDT,Sell,300,0.3990,ZeroMinusTick,c8f12d98-2519-5be7-90c6-414c0291dc16,1.197e+10,300,119.7
1658108240,AGLDUSDT,Sell,800,0.3990,ZeroMinusTick,746a72ea-2cec-5adc-8815-240d96cf6428,3.1920000000000004e+10,800,319.20000000000005
1658108264,AGLDUSDT,Buy,300,0.3995,PlusTick,4340866b-5a17-58ae-a7fd-28a71ddef4f8,1.1985e+10,300,119.85000000000001
1658108376,AGLDUSDT,Sell,300,0.3995,ZeroMinusTick,20c908b6-d1f7-5cda-9871-0b4f92c97fea,1.1985e+10,300,119.85000000000001
1658108376,AGLDUSDT,Sell,1251.5,0.3995,ZeroMinusTick,20ed8018-371a-51f1-b788-7ca786ae98c4,4.999742500000001e+10,1251.5,499.97425000000004
1658108376,AGLDUSDT,Sell,800,0.3995,ZeroMinusTick,50a853c5-2013-54f9-aa53-16236f7af4b6,3.1960000000000004e+10,800,319.6
1658108387,AGLDUSDT,Sell,300,0.3995,ZeroMinusTick,9521ba42-750a-528c-9770-502572627f07,1.1985e+10,300,119.85000000000001
1658108400,AGLDUSDT,Sell,675.7,0.3990,MinusTick,8911d82d-52db-51fd-b56b-819ced12bc4e,2.6960430000000004e+10,675.7,269.6043
1658108400,AGLDUSDT,Sell,577.4,0.3990,ZeroMinusTick,30b79728-c3bb-5db9-8215-a0ae1f192945,2.303826e+10,577.4,230.3826
1658108400,AGLDUSDT,Buy,300,0.3990,ZeroMinusTick,87f369af-446a-54b3-96a7-2c037d8eb405,1.197e+10,300,119.7
1658108403,AGLDUSDT,Sell,0.3,0.3985,MinusTick,3f9feb60-94d2-5e47-98f6-c393c97ddaf4,1.1955e+07,0.3,0.11955
1658108403,AGLDUSDT,Buy,300,0.3990,PlusTick,0151ce98-b597-56d6-84fe-baf4232363f9,1.197e+10,300,119.7
1658108404,AGLDUSDT,Buy,300,0.3995,PlusTick,a305fc78-2dd9-5261-8368-4f923de7ad29,1.1985e+10,300,119.85000000000001
1658108603,AGLDUSDT,Buy,1.3,0.4000,PlusTick,789bc238-4de6-5bb2-8f95-381532535bfa,5.2e+07,1.3,0.52
1658108745,AGLDUSDT,Buy,300,0.4000,ZeroMinusTick,55d517a7-739e-556f-8569-e1a55c5582b2,1.2e+10,300,120
1658108777,AGLDUSDT,Buy,300,0.4005,PlusTick,32650a0b-0e9e-50da-a73f-33cb939e7504,1.2015e+10,300,120.15
1658108833,AGLDUSDT,Sell,1.1,0.4000,MinusTick,70b570c4-e63b-5fcf-862f-9ce3f02357da,4.400000000000001e+07,1.1,0.44000000000000006
1658108893,AGLDUSDT,Buy,0.9,0.4005,PlusTick,002e02da-c244-5daa-bc89-7fb078523d76,3.604500000000001e+07,0.9,0.36045000000000005
1658108973,AGLDUSDT,Buy,0.1,0.4005,ZeroMinusTick,ae768d13-00a5-5e79-b1c7-71072945b362,4.005e+06,0.1,0.04005
1658108978,AGLDUSDT,Buy,0.1,0.4010,PlusTick,bc2ca6a8-1c12-576d-bd66-e156b9309b24,4.0100000000000005e+06,0.1,0.040100000000000004
1658108978,AGLDUSDT,Sell,300,0.4010,ZeroMinusTick,873d3beb-438d-53e9-bd3f-9b5a3187934a,1.2030000000000002e+10,300,120.30000000000001
1658108978,AGLDUSDT,Sell,300,0.4010,ZeroMinusTick,35ad0df9-be79-5e6e-9780-d30bec0e3af7,1.2030000000000002e+10,300,120.30000000000001
1658108979,AGLDUSDT,Sell,800,0.4010,ZeroMinusTick,eeadd614-ab8d-5b03-b7d1-e9e504cb84b2,3.208e+10,800,320.8
1658108979,AGLDUSDT,Sell,76.3,0.4010,ZeroMinusTick,2310a823-41ae-5c2e-b57a-7a300827c12c,3.05963e+09,76.3,30.5963
1658108979,AGLDUSDT,Sell,223.7,0.4010,ZeroMinusTick,de3669a8-c457-5410-a4c6-1afdf97375ba,8.97037e+09,223.7,89.7037
1658108979,AGLDUSDT,Sell,300,0.4010,ZeroMinusTick,5091637e-516f-58fa-b6e4-ea8f321ec4e5,1.2030000000000002e+10,300,120.30000000000001
1658108993,AGLDUSDT,Buy,0.1,0.4010,ZeroMinusTick,ca2aa041-21ad-5af2-8138-fc3a36b639f0,4.0100000000000005e+06,0.1,0.040100000000000004
1658109035,AGLDUSDT,Buy,1000.4,0.4015,PlusTick,641728ee-2051-5445-81cb-f8b27c38182c,4.016606e+10,1000.4,401.6606
1658109035,AGLDUSDT,Buy,1819.8,0.4015,ZeroMinusTick,04601b04-ee70-558a-9533-86b989a10b9f,7.306497e+10,1819.8,730.6497
1658109035,AGLDUSDT,Buy,909.9,0.4015,ZeroMinusTick,283e6cb6-09ce-5ecf-8663-0845934fedc9,3.6532485e+10,909.9,365.32485
1658109035,AGLDUSDT,Buy,335.4,0.4015,ZeroMinusTick,8d852195-d0dc-50b7-b3da-0ddbf842102f,1.3466309999999998e+10,335.4,134.6631
1658109070,AGLDUSDT,Sell,300,0.4015,ZeroMinusTick,ba6e5732-2f07-5b11-b7c6-77c886463cf1,1.2045e+10,300,120.45
1658109113,AGLDUSDT,Buy,1.9,0.4015,ZeroMinusTick,284ad0ec-d128-599b-a229-5b3942612906,7.6285e+07,1.9,0.76285
1658109266,AGLDUSDT,Sell,867.4,0.4005,MinusTick,9bf88fd8-3fbe-5447-8cc7-d7f34d544833,3.473937e+10,867.4,347.3937
1658109266,AGLDUSDT,Sell,381,0.4005,ZeroMinusTick,ac1e1888-c266-59f8-8d83-652d00e7c5c3,1.5259050000000002e+10,381,152.59050000000002
1658109266,AGLDUSDT,Sell,800,0.4005,ZeroMinusTick,c82b9b0e-55bd-5ca6-b582-320bf47e7c26,3.2040000000000004e+10,800,320.40000000000003
1658109268,AGLDUSDT,Sell,800,0.4000,MinusTick,af8a3044-d60e-5f61-86cc-51ff2efa58b5,3.2e+10,800,320
1658109313,AGLDUSDT,Sell,0.1,0.3995,MinusTick,739781ea-423c-597c-9e04-b488776be155,3.9950000000000005e+06,0.1,0.039950000000000006
1658109316,AGLDUSDT,Sell,300,0.4000,PlusTick,659ce100-37d4-5702-aaad-dcdd78994d3b,1.2e+10,300,120
1658109316,AGLDUSDT,Sell,500,0.4000,ZeroMinusTick,30bc0047-22dc-581d-8972-9b4f94906acb,2e+10,500,200
1658109339,AGLDUSDT,Sell,800,0.4000,ZeroMinusTick,33ba4e96-4f4f-5fdd-a1bf-cc372a01f67b,3.2e+10,800,320
1658109373,AGLDUSDT,Buy,0.1,0.4010,PlusTick,306c4ffe-32c5-5566-a928-456e64c8c5b5,4.0100000000000005e+06,0.1,0.040100000000000004
1658109433,AGLDUSDT,Buy,1.9,0.4010,ZeroMinusTick,47fbfcf4-d575-5f16-b6dc-01ea7c4d75fe,7.619e+07,1.9,0.7619
1658109603,AGLDUSDT,Sell,0.8,0.3995,MinusTick,bd65bd5d-f956-5bbe-97d9-8886f969728b,3.1960000000000004e+07,0.8,0.31960000000000005
1658109683,AGLDUSDT,Sell,10,0.4005,PlusTick,46a97a59-505b-5e90-a0e5-9fdb269e4c02,4.005e+08,10,4.005
1658109759,AGLDUSDT,Buy,0.1,0.4015,PlusTick,a0d6caab-8275-5fea-af79-21ff4317f8c9,4.0150000000000005e+06,0.1,0.040150000000000005
1658109759,AGLDUSDT,Buy,299.9,0.4015,ZeroMinusTick,a8a5fbd3-fd2b-5d7b-88e5-b42a92596ef2,1.2040985e+10,299.9,120.40984999999999
1658109759,AGLDUSDT,Buy,1000,0.4020,PlusTick,fde89a7b-cd17-5af2-babf-bc1001bdfd23,4.02e+10,1000,402
1658109759,AGLDUSDT,Sell,3651,0.4020,ZeroMinusTick,73b2c833-6063-5fd4-b76f-9e7af99b7206,1.467702e+11,3651,1467.702
1658109759,AGLDUSDT,Sell,300,0.4020,ZeroMinusTick,38e282cf-ee7b-56d6-bcab-c81535b24ff7,1.206e+10,300,120.60000000000001
1658109759,AGLDUSDT,Sell,800,0.4020,ZeroMinusTick,c1863601-4e85-5036-9bce-16fc455f07ef,3.2160000000000004e+10,800,321.6
1658109759,AGLDUSDT,Buy,2469,0.4020,ZeroMinusTick,3b39a742-ce32-5ca1-9f96-0c451ff48c97,9.92538e+10,2469,992.538
1658109760,AGLDUSDT,Sell,748.2,0.4020,ZeroMinusTick,aede7f81-47fc-5bc9-8439-71331a548d89,3.0077640000000004e+10,748.2,300.7764
1658109771,AGLDUSDT,Buy,1000.4,0.4025,PlusTick,af602407-4f53-56c5-9525-ada53f444652,4.02661e+10,1000.4,402.661
1658109771,AGLDUSDT,Buy,1648,0.4025,ZeroMinusTick,20bedbd8-9f82-55e2-b39f-677ac66f54b3,6.633200000000001e+10,1648,663.32
1658109771,AGLDUSDT,Buy,97.2,0.4025,ZeroMinusTick,a3e2895e-0a03-5f99-9b50-8295f0c241c1,3.9123000000000005e+09,97.2,39.123000000000005
1658109771,AGLDUSDT,Buy,300,0.4030,PlusTick,b39f70cd-0bc6-5053-8dc1-6238cd9c4200,1.209e+10,300,120.9
1658109777,AGLDUSDT,Buy,523.4,0.4035,PlusTick,b7855c1f-f72d-57a6-a462-99cb92802de8,2.111919e+10,523.4,211.1919
1658109777,AGLDUSDT,Buy,715.7,0.4035,ZeroMinusTick,de2c2c76-f965-53c2-a3a0-3af1db94cd1d,2.8878495000000004e+10,715.7,288.78495000000004
1658109777,AGLDUSDT,Buy,1985,0.4040,PlusTick,ba710e98-1ad2-58ab-a92c-68116318f9bb,8.0194e+10,1985,801.94
1658109777,AGLDUSDT,Sell,7.8,0.4035,MinusTick,e4a52af4-2f3f-575c-87f0-676fc3f9edfa,3.1473e+08,7.8,3.1473
1658109778,AGLDUSDT,Sell,32.7,0.4035,ZeroMinusTick,da96677d-4a6b-5d58-9b2a-c48fd35f4abb,1.3194450000000002e+09,32.7,13.194450000000002
1658109783,AGLDUSDT,Sell,248,0.4040,PlusTick,9905ade9-3e38-5542-9b69-be6b96112244,1.00192e+10,248,100.19200000000001
1658109813,AGLDUSDT,Buy,0.7,0.4040,ZeroMinusTick,0557bd11-e9d4-5f65-9fa5-ee5c6fc402d2,2.828e+07,0.7,0.2828
1658109873,AGLDUSDT,Sell,300,0.4030,MinusTick,febaebb1-eb51-50ad-aaac-2775ebc461c4,1.209e+10,300,120.9
1658109949,AGLDUSDT,Sell,300,0.4020,MinusTick,61966e99-18d6-5bca-8157-e5557192c9e9,1.206e+10,300,120.60000000000001
1658109963,AGLDUSDT,Buy,1.6,0.4025,PlusTick,03ebc842-7f31-5b15-9351-3e9e4e5a6188,6.4400000000000015e+07,1.6,0.6440000000000001
1658110030,AGLDUSDT,Sell,0.1,0.4020,MinusTick,55fe5683-4220-52b6-b07b-22dfc19a1443,4.0200000000000005e+06,0.1,0.04020000000000001
1658110030,AGLDUSDT,Sell,943.6,0.4020,ZeroMinusTick,f1d027dc-4188-5d06-9291-f8681d17e376,3.793272e+10,943.6,379.3272
1658110031,AGLDUSDT,Sell,0.1,0.4015,MinusTick,43d5f72e-2379-5f47-be9d-213621454ae7,4.0150000000000005e+06,0.1,0.040150000000000005
1658110031,AGLDUSDT,Sell,1245.2,0.4015,ZeroMinusTick,90d016ed-4a60-54d0-9af1-776f0ae00626,4.999478e+10,1245.2,499.94780000000003
1658110031,AGLDUSDT,Buy,300,0.4010,MinusTick,c7d28368-0536-510b-b300-636f14850c37,1.2030000000000002e+10,300,120.30000000000001
1658110076,AGLDUSDT,Buy,800,0.4015,PlusTick,883324fb-4232-5d31-bcde-2b2404d321d7,3.2120000000000004e+10,800,321.20000000000005
1658110103,AGLDUSDT,Sell,1.1,0.4015,ZeroMinusTick,53d9a186-2eda-5290-bb63-c7a8c624b1af,4.416500000000001e+07,1.1,0.44165000000000004
1658110158,AGLDUSDT,Buy,7.8,0.4025,PlusTick,df34291c-4fcf-538c-ad6e-25cbbc3b35bd,3.1395e+08,7.8,3.1395
1658110183,AGLDUSDT,Sell,10,0.4015,MinusTick,9476235e-b632-54a8-872b-675ba9d0adb3,4.0150000000000006e+08,10,4.015000000000001
1658110303,AGLDUSDT,Buy,0.5,0.4015,ZeroMinusTick,cea5ed0f-8848-5f4b-9cee-9e11a7ad2a1d,2.0075e+07,0.5,0.20075
1658110423,AGLDUSDT,Sell,0.6,0.4015,ZeroMinusTick,61437a09-1f1b-5274-8ab5-a92e601f2c53,2.409e+07,0.6,0.2409
1658110467,AGLDUSDT,Sell,1957.5,0.4015,ZeroMinusTick,01c67a21-4583-5680-b43f-9d482d6288d1,7.859362500000002e+10,1957.5,785.9362500000001
1658110467,AGLDUSDT,Sell,300,0.4010,MinusTick,bdb97b11-f3d7-5627-a338-363085459126,1.2030000000000002e+10,300,120.30000000000001
1658110504,AGLDUSDT,Buy,1.7,0.4010,ZeroMinusTick,f5a575ff-2c25-51d0-b1cb-7229fa7cc47d,6.817e+07,1.7,0.6817
1658110664,AGLDUSDT,Buy,0.1,0.4015,PlusTick,4cc9397a-e88c-52d5-95ce-ae4343020150,4.0150000000000005e+06,0.1,0.040150000000000005
1658110692,AGLDUSDT,Sell,800,0.4010,MinusTick,a27c32fb-71dc-51e2-ae79-c9a26ef565e2,3.208e+10,800,320.8
1658110721,AGLDUSDT,Buy,1245.2,0.4015,PlusTick,a85d57ef-da4e-5051-af45-5d10685d7d71,4.999478e+10,1245.2,499.94780000000003
1658110721,AGLDUSDT,Buy,300,0.4015,ZeroMinusTick,a96cfdc8-3a8e-51d7-935b-049bf7493212,1.2045e+10,300,120.45
1658110721,AGLDUSDT,Buy,747.9,0.4015,ZeroMinusTick,4e872da1-5415-5450-94de-888de13342e2,3.0028185000000004e+10,747.9,300.28185
1658110721,AGLDUSDT,Buy,252.5,0.4015,ZeroMinusTick,f08f4edc-2e10-5db7-9171-14cbb8cb8cc9,1.0137875000000002e+10,252.5,101.37875000000001
1658110721,AGLDUSDT,Buy,1243.7,0.4020,PlusTick,7da1bdac-edf7-51f4-a586-6eadd7b02bfd,4.999674000000001e+10,1243.7,499.96740000000005
1658110751,AGLDUSDT,Buy,0.1,0.4025,PlusTick,4e5fe308-cba9-5d90-af2e-8e7fedbf7355,4.025000000000001e+06,0.1,0.04025000000000001
1658110751,AGLDUSDT,Buy,299.9,0.4025,ZeroMinusTick,bd4320b6-78c7-58fd-b283-0e741a4d6c30,1.2070975e+10,299.9,120.70975
1658110751,AGLDUSDT,Buy,300,0.4030,PlusTick,52371a9b-e41b-5909-9a16-9432bbe34280,1.209e+10,300,120.9
1658110752,AGLDUSDT,Sell,300,0.4030,ZeroMinusTick,b30a0006-00d6-5edc-acf8-8e06e58b32f6,1.209e+10,300,120.9
1658110754,AGLDUSDT,Buy,0.4,0.4035,PlusTick,365e2356-c471-53d1-a3b2-dde58217f457,1.6140000000000002e+07,0.4,0.16140000000000002
1658110761,AGLDUSDT,Buy,299.6,0.4035,ZeroMinusTick,cb86b649-bcbe-53c0-883f-b2c3a99702e9,1.2088860000000002e+10,299.6,120.88860000000001
1658110824,AGLDUSDT,Buy,0.7,0.4040,PlusTick,f5899804-8ba2-5f8b-87b9-f985b7bc89de,2.828e+07,0.7,0.2828
1658110838,AGLDUSDT,Buy,300,0.4035,MinusTick,5dfb68ac-4faf-52e3-aa53-7749b3c33bc5,1.2105000000000002e+10,300,121.05000000000001
1658110904,AGLDUSDT,Buy,2,0.4035,ZeroMinusTick,df0dd635-5259-5f4e-9686-d1411623e0a1,8.07e+07,2,0.807
1658110912,AGLDUSDT,Sell,1240.6,0.4030,MinusTick,0f1eeaf1-708c-5b56-992d-da9d8eae63d1,4.999618e+10,1240.6,499.9618
1658110912,AGLDUSDT,Sell,326,0.4030,ZeroMinusTick,971d095c-3de2-5bd5-bd41-ec9b82d6fc6a,1.3137800000000002e+10,326,131.37800000000001
1658110912,AGLDUSDT,Sell,156.1,0.4030,ZeroMinusTick,c43ad61a-bcfd-517a-8172-aa7f669fc71e,6.29083e+09,156.1,62.908300000000004
1658110912,AGLDUSDT,Sell,141.6,0.4030,ZeroMinusTick,b2717739-5d88-5ff5-96d3-7a3369441fb6,5.70648e+09,141.6,57.0648
1658110912,AGLDUSDT,Sell,167.9,0.4030,ZeroMinusTick,68e0697a-54a1-5fea-8e3e-f1989d7aa294,6.766370000000001e+09,167.9,67.6637
1658110976,AGLDUSDT,Buy,300,0.4030,ZeroMinusTick,0b7c4f40-f441-50de-b027-312d962bc241,1.209e+10,300,120.9
1658110976,AGLDUSDT,Buy,248,0.4030,ZeroMinusTick,f79c02a0-3670-5d30-a741-f73103449003,9.9944e+09,248,99.944
1658110976,AGLDUSDT,Buy,548,0.4030,ZeroMinusTick,75acb9e3-880e-50f6-96bc-3f656bbaf3cb,2.2084400000000004e+10,548,220.84400000000002
1658110976,AGLDUSDT,Buy,252,0.4030,ZeroMinusTick,d26cd240-4bfa-5f4d-b0f1-d8ab41b0e8ca,1.0155600000000002e+10,252,101.55600000000001
1658111004,AGLDUSDT,Sell,0.6,0.4025,MinusTick,e1851b5f-a7c0-5711-8840-e3e54fd8ef0c,2.415e+07,0.6,0.2415
1658111043,AGLDUSDT,Buy,300,0.4035,PlusTick,501dd25c-4aaf-5074-873e-1dc23ff6e584,1.2105000000000002e+10,300,121.05000000000001
1658111043,AGLDUSDT,Buy,300,0.4035,ZeroMinusTick,13882070-0c75-59aa-b599-394d17d5f849,1.2105000000000002e+10,300,121.05000000000001
1658111164,AGLDUSDT,Buy,0.5,0.4035,ZeroMinusTick,8fbdd1b1-2ea3-5224-96ea-fa8cf8f2bb43,2.0175e+07,0.5,0.20175
1658111336,AGLDUSDT,Buy,300,0.4035,ZeroMinusTick,eec79747-1a1b-5339-be88-a9a1a08d7da0,1.2105000000000002e+10,300,121.05000000000001
1658111344,AGLDUSDT,Sell,0.1,0.4035,ZeroMinusTick,5c6b4feb-074d-552c-a4e7-6c6dbe94ae90,4.0350000000000005e+06,0.1,0.040350000000000004
1658111404,AGLDUSDT,Sell,1.6,0.4035,ZeroMinusTick,a9c251eb-4532-5576-bafd-4b1c38cef791,6.456000000000001e+07,1.6,0.6456000000000001
1658111436,AGLDUSDT,Sell,298.4,0.4035,ZeroMinusTick,23c520f4-57a8-5322-89d7-64304b37a6c8,1.204044e+10,298.4,120.4044
1658111436,AGLDUSDT,Sell,133.7,0.4035,ZeroMinusTick,bd062040-7dc6-5b94-8d79-371c313ffd75,5.394795e+09,133.7,53.94795
1658111523,AGLDUSDT,Buy,300,0.4045,PlusTick,a355912d-bc4e-59c1-833a-cfa3078300f4,1.2135e+10,300,121.35000000000001
1658111604,AGLDUSDT,Sell,1.1,0.4035,MinusTick,bbc0755e-855a-5693-9076-1e918eb84f17,4.438500000000001e+07,1.1,0.4438500000000001
1658111609,AGLDUSDT,Sell,298.9,0.4035,ZeroMinusTick,5fb1a5a9-e2db-5df1-975b-4fa7d67eaafd,1.2060615e+10,298.9,120.60615
1658111609,AGLDUSDT,Sell,1239.1,0.4035,ZeroMinusTick,a2f0b141-d8f6-5e64-b200-413275b5d7e8,4.9997685e+10,1239.1,499.97685
1658111686,AGLDUSDT,Buy,300,0.4030,MinusTick,677dd1ee-1a23-5921-8e25-66dbd129aa22,1.209e+10,300,120.9
1658111694,AGLDUSDT,Buy,0.8,0.4030,ZeroMinusTick,3b7bc97f-c2ba-5ac7-b5c3-6d0fe20b92a2,3.2240000000000004e+07,0.8,0.3224
1658111694,AGLDUSDT,Buy,299.2,0.4030,ZeroMinusTick,b909ff03-7014-5b83-8615-4b75c4406a4f,1.205776e+10,299.2,120.5776
1658111695,AGLDUSDT,Buy,300,0.4030,ZeroMinusTick,3ff82007-2a63-5ed9-b64a-e66a2f15a3d4,1.209e+10,300,120.9
1658111696,AGLDUSDT,Buy,800,0.4030,ZeroMinusTick,d2fdb7ef-a340-57f5-9a6a-59df42472c22,3.2240000000000004e+10,800,322.40000000000003
1658111781,AGLDUSDT,Buy,186.4,0.4035,PlusTick,33a5968a-8fbf-5916-9e0c-75747fb96343,7.52124e+09,186.4,75.2124
1658111781,AGLDUSDT,Buy,113.6,0.4035,ZeroMinusTick,ba6a5091-70c6-58bd-a25f-470bd099e70a,4.58376e+09,113.6,45.8376
1658111781,AGLDUSDT,Buy,72.8,0.4035,ZeroMinusTick,0e4ed6fe-b709-5905-ba86-3846fb8d20c1,2.93748e+09,72.8,29.3748
1658111781,AGLDUSDT,Buy,186.4,0.4035,ZeroMinusTick,fd1aeda6-1198-582f-964d-9fdd66e16672,7.52124e+09,186.4,75.2124
1658111781,AGLDUSDT,Buy,540.8,0.4035,ZeroMinusTick,2c974e62-f965-56af-8c15-7904d0951eea,2.182128e+10,540.8,218.2128
1658111811,AGLDUSDT,Sell,300,0.4030,MinusTick,fa49a41c-e8bf-55f8-ba0c-c621848bb7eb,1.209e+10,300,120.9
1658111811,AGLDUSDT,Sell,800,0.4030,ZeroMinusTick,36007ebf-8b9c-52cb-bbf0-b43094907044,3.2240000000000004e+10,800,322.40000000000003
1658111817,AGLDUSDT,Sell,300,0.4030,ZeroMinusTick,411fa6c2-4125-5631-a38e-643c1d8f2212,1.209e+10,300,120.9
1658111834,AGLDUSDT,Sell,1.4,0.4025,MinusTick,def52ebf-31cf-50ef-90da-249c3fcaf25a,5.635e+07,1.4,0.5635
1658112014,AGLDUSDT,Sell,0.1,0.4030,PlusTick,1820df2e-e3a5-5a0f-bfe6-eea58ce85599,4.0300000000000005e+06,0.1,0.0403
1658112026,AGLDUSDT,Sell,300,0.4030,ZeroMinusTick,b75a960a-7151-58be-8424-4e52f320a21b,1.209e+10,300,120.9
1658112061,AGLDUSDT,Buy,300,0.4030,ZeroMinusTick,83294e38-4527-5ac1-b3fe-3a8286a8e08d,1.209e+10,300,120.9
1658112084,AGLDUSDT,Buy,0.9,0.4030,ZeroMinusTick,3ed90f09-e9a6-5b61-93d0-139d48268b87,3.627e+07,0.9,0.3627
1658112147,AGLDUSDT,Sell,168,0.4020,MinusTick,c120746e-00a3-5bba-a890-3e2e14b778f4,6.7536e+09,168,67.536
1658112147,AGLDUSDT,Sell,340.8,0.4010,MinusTick,a58333d9-97bc-5470-ab76-24cb67555cdb,1.3666080000000002e+10,340.8,136.66080000000002
1658112154,AGLDUSDT,Buy,0.1,0.4015,PlusTick,bed29739-e171-5d4d-b24e-54a2389de511,4.0150000000000005e+06,0.1,0.040150000000000005
1658112171,AGLDUSDT,Buy,227.2,0.4020,PlusTick,417e288d-82bf-5d8b-85ab-171800638188,9.13344e+09,227.2,91.3344
1658112171,AGLDUSDT,Buy,72.8,0.4020,ZeroMinusTick,51288daa-433c-57af-8275-b3f236f304ff,2.92656e+09,72.8,29.2656
1658112171,AGLDUSDT,Buy,154.4,0.4020,ZeroMinusTick,60b6ee48-fa21-5571-bbc8-a72dc04d34fd,6.20688e+09,154.4,62.0688
1658112171,AGLDUSDT,Buy,227.2,0.4020,ZeroMinusTick,166770e6-3b8a-5075-b2df-80f41c5a33be,9.13344e+09,227.2,91.3344
1658112171,AGLDUSDT,Buy,418.4,0.4020,ZeroMinusTick,8ed377f7-8e79-5650-abfd-2a06ae3da445,1.681968e+10,418.4,168.1968
1658112200,AGLDUSDT,Buy,1240.6,0.4030,PlusTick,8333ac9a-3fb2-5fd3-bc7c-ca51b97ddb65,4.999618e+10,1240.6,499.9618
1658112203,AGLDUSDT,Buy,800,0.4035,PlusTick,e8249b58-7534-5499-9c03-650e79da4fdb,3.228e+10,800,322.8
1658112203,AGLDUSDT,Buy,300,0.4035,ZeroMinusTick,c3081a64-d94e-5dd9-abf0-02a58fdc1410,1.2105000000000002e+10,300,121.05000000000001
1658112204,AGLDUSDT,Buy,168,0.4040,PlusTick,0ecac5c5-eb8e-5896-a71d-f69049f99bf1,6.7872e+09,168,67.872
1658112204,AGLDUSDT,Buy,800,0.4040,ZeroMinusTick,9a79036d-33ac-5786-baa0-834f3407faf7,3.2320000000000004e+10,800,323.20000000000005
1658112204,AGLDUSDT,Buy,300,0.4040,ZeroMinusTick,eaec2918-3627-5ef1-8323-78951bc2bcba,1.212e+10,300,121.2
1658112205,AGLDUSDT,Buy,800,0.4045,PlusTick,eab15a1e-ad45-58f2-8a8d-c8ccdfb6918c,3.2360000000000004e+10,800,323.6
1658112205,AGLDUSDT,Buy,300,0.4045,ZeroMinusTick,6c66eb88-54d7-5fe5-857a-f2b1b8594f41,1.2135e+10,300,121.35000000000001
1658112206,AGLDUSDT,Buy,300,0.4045,ZeroMinusTick,6728c6a2-5877-553e-a5e3-637d74baa7fa,1.2135e+10,300,121.35000000000001
1658112206,AGLDUSDT,Buy,300,0.4045,ZeroMinusTick,b0ccb381-0fae-535c-94a0-f9b1d2e33bd7,1.2135e+10,300,121.35000000000001
1658112206,AGLDUSDT,Buy,300,0.4045,ZeroMinusTick,ea9b8f4f-51bf-5e83-a1f7-657a1ed5839a,1.2135e+10,300,121.35000000000001
1658112206,AGLDUSDT,Buy,500,0.4045,ZeroMinusTick,3fd03ef2-9779-5648-bc6f-64718dc25335,2.0225e+10,500,202.25
1658112206,AGLDUSDT,Buy,300,0.4045,ZeroMinusTick,1dd4ead1-06f5-5395-9bb6-fa631754825f,1.2135e+10,300,121.35000000000001
1658112210,AGLDUSDT,Sell,800,0.4040,MinusTick,a3538e0a-454f-52d6-ae59-c05936f398f1,3.2320000000000004e+10,800,323.20000000000005
1658112213,AGLDUSDT,Sell,1239.1,0.4035,MinusTick,314c0bda-d304-5cf4-a289-5ed1400926d9,4.9997685e+10,1239.1,499.97685
1658112224,AGLDUSDT,Buy,1.5,0.4040,PlusTick,b1668a85-6301-5c8f-9a8a-1922e7f148d5,6.060000000000001e+07,1.5,0.6060000000000001
1658112236,AGLDUSDT,Buy,300,0.4045,PlusTick,f296a9e7-e798-534c-8ca6-0d5e960b6b25,1.2135e+10,300,121.35000000000001
1658112241,AGLDUSDT,Sell,300,0.4040,MinusTick,2913b267-5158-5444-89d9-2f0b5d2bb113,1.212e+10,300,121.2
1658112243,AGLDUSDT,Buy,300,0.4040,ZeroMinusTick,66230ff3-edd7-5c9b-85f9-9e7d3556a08c,1.212e+10,300,121.2
1658112273,AGLDUSDT,Buy,800,0.4040,ZeroMinusTick,143f016c-571e-5128-b02c-0cead29a0667,3.2320000000000004e+10,800,323.20000000000005
1658112279,AGLDUSDT,Buy,800,0.4040,ZeroMinusTick,1f361470-499b-5bdf-ac69-0cd8e14037c1,3.2320000000000004e+10,800,323.20000000000005
1658112280,AGLDUSDT,Buy,800,0.4040,ZeroMinusTick,c371a062-dd51-5b72-bd46-6549401f5c4a,3.2320000000000004e+10,800,323.20000000000005
1658112290,AGLDUSDT,Buy,784.7,0.4040,ZeroMinusTick,e9695a17-fc82-583d-bc0e-990f5355cc1d,3.1701880000000004e+10,784.7,317.01880000000006
1658112290,AGLDUSDT,Buy,15.3,0.4040,ZeroMinusTick,eff300a4-be2a-51e2-a175-48d37a3764e0,6.1812e+08,15.3,6.1812000000000005
1658112319,AGLDUSDT,Sell,1239.1,0.4035,MinusTick,e612c8fb-2d08-54ee-889a-66566aa28114,4.9997685e+10,1239.1,499.97685
1658112327,AGLDUSDT,Sell,1239.1,0.4035,ZeroMinusTick,b2555a61-92c1-5b24-a5b0-dda30eccc2f1,4.9997685e+10,1239.1,499.97685
1658112345,AGLDUSDT,Buy,800,0.4035,ZeroMinusTick,bcd09042-9966-5399-a103-6ae1b975c1b8,3.228e+10,800,322.8
1658112424,AGLDUSDT,Buy,0.8,0.4050,PlusTick,3128f49a-6a81-55f7-9fb5-fee628d44518,3.2400000000000007e+07,0.8,0.32400000000000007
1658112430,AGLDUSDT,Sell,800,0.4045,MinusTick,d9c17ce8-a60e-5151-8d62-3884e80e09f9,3.2360000000000004e+10,800,323.6
1658112430,AGLDUSDT,Buy,1731.6,0.4045,ZeroMinusTick,26072594-3c87-5be8-bc2c-984834748129,7.004322e+10,1731.6,700.4322
1658112436,AGLDUSDT,Sell,800,0.4040,MinusTick,8fe35c24-178c-53b4-8bae-9b95bd0292dc,3.2320000000000004e+10,800,323.20000000000005
1658112485,AGLDUSDT,Sell,800,0.4045,PlusTick,8e4251e7-a96a-5d87-b0bc-fe452e6d9397,3.2360000000000004e+10,800,323.6
1658112485,AGLDUSDT,Sell,300,0.4045,ZeroMinusTick,7d30ab0a-622a-5344-a323-529207b1b3ef,1.2135e+10,300,121.35000000000001
1658112507,AGLDUSDT,Sell,800,0.4040,MinusTick,031a7ccb-67ba-5388-962c-e0efa1bc12fb,3.2320000000000004e+10,800,323.20000000000005
1658112566,AGLDUSDT,Buy,300,0.4035,MinusTick,86c34b15-c88f-50a9-a1ea-09adb0284781,1.2105000000000002e+10,300,121.05000000000001
1658112582,AGLDUSDT,Buy,800,0.4040,PlusTick,5d290a82-5385-5e7a-bfbd-c72c6d071114,3.2320000000000004e+10,800,323.20000000000005
1658112582,AGLDUSDT,Buy,247,0.4040,ZeroMinusTick,cfb253b8-be98-50e9-a4a0-7329657d3e99,9.978800000000002e+09,247,99.78800000000001
1658112603,AGLDUSDT,Sell,300,0.4045,PlusTick,7a4b46d5-2bae-5fd4-acbf-330173d4d21c,1.2135e+10,300,121.35000000000001
1658112621,AGLDUSDT,Sell,300,0.4035,MinusTick,a8350dab-645b-52dd-a48b-7e19cbe854d8,1.2105000000000002e+10,300,121.05000000000001
1658112624,AGLDUSDT,Sell,1.8,0.4030,MinusTick,181e5f9d-ab7a-5df3-a10b-f83076cfd24e,7.254e+07,1.8,0.7254
1658112694,AGLDUSDT,Buy,0.4,0.4040,PlusTick,23a9e862-7226-566f-9bb8-e968fbcb72aa,1.6160000000000002e+07,0.4,0.16160000000000002
1658112701,AGLDUSDT,Buy,300,0.4040,ZeroMinusTick,418b6d19-237d-5293-b84c-a9b48df23ffc,1.212e+10,300,121.2
1658112744,AGLDUSDT,Sell,1239.1,0.4035,MinusTick,3d218d28-60bf-5a20-8fdd-48ab0be68aa1,4.9997685e+10,1239.1,499.97685
1658112755,AGLDUSDT,Buy,248,0.4035,ZeroMinusTick,a95694b9-df25-5b35-a930-ef5f47a2a04f,1.0006800000000002e+10,248,100.06800000000001
1658112755,AGLDUSDT,Buy,300,0.4040,PlusTick,25a8ec84-cf98-55c9-97dd-ce12866d5326,1.212e+10,300,121.2
1658112755,AGLDUSDT,Buy,248,0.4040,ZeroMinusTick,e6124c74-455e-5efc-bf47-3faa26bd7287,1.00192e+10,248,100.19200000000001
1658112761,AGLDUSDT,Buy,800,0.4040,ZeroMinusTick,1d2d96e3-59e2-551b-b002-e542bf62b2a7,3.2320000000000004e+10,800,323.20000000000005
1658112792,AGLDUSDT,Buy,800,0.4050,PlusTick,75944c99-b9f9-5d8e-9e81-9c17f08462ba,3.24e+10,800,324
1658112792,AGLDUSDT,Sell,7.8,0.4050,ZeroMinusTick,ad1993a4-3c8b-543c-895d-09dbb80c787a,3.159e+08,7.8,3.1590000000000003
1658112793,AGLDUSDT,Buy,800,0.4055,PlusTick,c9c0c267-d4bd-54f8-9042-61015eb8471a,3.2440000000000004e+10,800,324.40000000000003
1658112800,AGLDUSDT,Buy,800,0.4055,ZeroMinusTick,74f01bf8-02e4-5d90-9e27-569e06faf3e2,3.2440000000000004e+10,800,324.40000000000003
1658112807,AGLDUSDT,Buy,800,0.4055,ZeroMinusTick,5a96cd29-6cc0-5320-9f33-9949659617ba,3.2440000000000004e+10,800,324.40000000000003
1658112812,AGLDUSDT,Sell,300,0.4055,ZeroMinusTick,7ee79150-8089-5595-9037-819893fddbdf,1.2165e+10,300,121.65
1658112816,AGLDUSDT,Sell,300,0.4050,MinusTick,8e5c7bd7-888a-5904-b60f-07c8acd44c44,1.2150000000000002e+10,300,121.50000000000001
1658112824,AGLDUSDT,Sell,0.8,0.4050,ZeroMinusTick,e5febf8d-7154-5994-bf32-1a7ca7484a76,3.2400000000000007e+07,0.8,0.32400000000000007
1658112875,AGLDUSDT,Buy,300,0.4055,PlusTick,0c150eba-e19b-5967-ad3d-93494d02d5af,1.2165e+10,300,121.65
1658112882,AGLDUSDT,Buy,300,0.4060,PlusTick,e2e3cdc4-1875-5a2b-9662-e875b6336070,1.2180000000000002e+10,300,121.80000000000001
1658112883,AGLDUSDT,Buy,800,0.4065,PlusTick,108319fb-4a4c-5c8f-a81c-bfbcafe5b20c,3.252e+10,800,325.2
1658112897,AGLDUSDT,Buy,413.5,0.4060,MinusTick,245952a6-db68-593e-b44c-ed8307bdb47d,1.67881e+10,413.5,167.881
1658112897,AGLDUSDT,Buy,386.5,0.4060,ZeroMinusTick,eda5c404-2a9e-507e-91a9-d81e99571065,1.5691900000000002e+10,386.5,156.919
1658112924,AGLDUSDT,Buy,0.6,0.4060,ZeroMinusTick,7880ee17-33a3-5ee8-89a6-e6e129d34ea8,2.436e+07,0.6,0.2436
1658112930,AGLDUSDT,Buy,800,0.4055,MinusTick,b39aa1b7-692a-5b13-b876-18b12e9191f1,3.2440000000000004e+10,800,324.40000000000003
1658112930,AGLDUSDT,Buy,246,0.4055,ZeroMinusTick,5ccc118a-97bd-5db3-8eae-c0cdd297c23d,9.9753e+09,246,99.753
1658113006,AGLDUSDT,Buy,800,0.4055,ZeroMinusTick,2160ad92-60da-5182-9952-a9a943076007,3.2440000000000004e+10,800,324.40000000000003
1658113043,AGLDUSDT,Buy,1231.5,0.4060,PlusTick,1ab923b1-622b-5c54-8d69-dc826c048ef6,4.99989e+10,1231.5,499.98900000000003
1658113043,AGLDUSDT,Buy,247,0.4060,ZeroMinusTick,afc445b3-028c-5204-bb4a-a0562165c0e9,1.0028200000000002e+10,247,100.28200000000001
1658113067,AGLDUSDT,Buy,1230,0.4065,PlusTick,f243eb63-1d99-52bf-979b-14584a8a4963,4.999949999999999e+10,1230,499.99499999999995
1658113084,AGLDUSDT,Sell,0.5,0.4065,ZeroMinusTick,b3920129-d95f-51eb-baac-fddee77a2066,2.0325e+07,0.5,0.20325
1658113096,AGLDUSDT,Buy,1228.5,0.4070,PlusTick,4e22377f-6492-53a3-b113-38cb8278b5e4,4.999994999999999e+10,1228.5,499.99949999999995
1658113098,AGLDUSDT,Buy,1228.5,0.4070,ZeroMinusTick,ac465bd5-7e44-5cd7-921a-4fd32a839308,4.999994999999999e+10,1228.5,499.99949999999995
1658113101,AGLDUSDT,Sell,300,0.4070,ZeroMinusTick,00ce8ba7-4a27-5014-9dde-27fb4427657e,1.221e+10,300,122.1
1658113101,AGLDUSDT,Sell,1553.9,0.4070,ZeroMinusTick,177f11ee-0605-5e90-a187-35e9fb9ddc90,6.324373000000001e+10,1553.9,632.4373
1658113101,AGLDUSDT,Sell,822.6,0.4070,ZeroMinusTick,2c549156-559a-554d-a555-3ed74502dfa6,3.347982e+10,822.6,334.7982
1658113101,AGLDUSDT,Sell,86.1,0.4070,ZeroMinusTick,0d0716e2-bea3-5ebb-b271-9debca57edce,3.5042699999999995e+09,86.1,35.042699999999996
1658113101,AGLDUSDT,Sell,173.7,0.4070,ZeroMinusTick,1b0ed2c6-74b7-52cd-9f1c-4f1084cd86ba,7.069589999999999e+09,173.7,70.6959
1658113101,AGLDUSDT,Sell,800,0.4065,MinusTick,2cc4580e-663c-52dd-a6a4-bc6b5083681d,3.252e+10,800,325.2
1658113101,AGLDUSDT,Sell,300,0.4065,ZeroMinusTick,2b111f84-461c-5967-ac7d-d886f8796e0e,1.2194999999999998e+10,300,121.94999999999999
1658113101,AGLDUSDT,Sell,130,0.4065,ZeroMinusTick,f08f6484-248a-5704-8e5a-c81268dada70,5.2845e+09,130,52.845
1658113108,AGLDUSDT,Buy,1228.5,0.4070,PlusTick,191dee5a-068c-5ef6-b77a-5f6a9629e99c,4.999994999999999e+10,1228.5,499.99949999999995
1658113111,AGLDUSDT,Sell,300,0.4070,ZeroMinusTick,f827af29-4be5-5cc1-8ecf-fbfdaabb7e36,1.221e+10,300,122.1
1658113115,AGLDUSDT,Buy,300,0.4070,ZeroMinusTick,a801f5de-df1d-53a6-8c7e-b4ed2a4b1247,1.221e+10,300,122.1
1658113120,AGLDUSDT,Sell,300,0.4065,MinusTick,10c6c127-f48b-56bc-9dd6-64ccdf90ccab,1.2194999999999998e+10,300,121.94999999999999
1658113128,AGLDUSDT,Buy,500,0.4070,PlusTick,0cfbb7b0-afd4-5270-bba4-ced832df2075,2.035e+10,500,203.5
1658113128,AGLDUSDT,Buy,300,0.4070,ZeroMinusTick,a91ed562-ed2d-5d1a-98d2-d271ea84b9b5,1.221e+10,300,122.1
1658113140,AGLDUSDT,Sell,300,0.4070,ZeroMinusTick,dcf12864-e27d-5df8-80ef-74aeef64c19c,1.221e+10,300,122.1
1658113140,AGLDUSDT,Sell,479.1,0.4070,ZeroMinusTick,d144dd2f-56c4-535e-8950-6c6decd113dd,1.949937e+10,479.1,194.9937
1658113140,AGLDUSDT,Sell,229,0.4070,ZeroMinusTick,c1420393-328b-5faa-a2d8-5d96d9ae10dc,9.320299999999998e+09,229,93.20299999999999
1658113155,AGLDUSDT,Buy,7.8,0.4075,PlusTick,427bda9c-3fd4-5bea-b473-faabeb37f8c1,3.1784999999999994e+08,7.8,3.1784999999999997
1658113157,AGLDUSDT,Sell,300,0.4065,MinusTick,62667425-b850-5929-a9d4-8c4aa41ee82f,1.2194999999999998e+10,300,121.94999999999999
1658113176,AGLDUSDT,Sell,300,0.4070,PlusTick,9d1b42d6-d439-5609-9e1d-de351bd7f3ad,1.221e+10,300,122.1
1658113182,AGLDUSDT,Sell,300,0.4065,MinusTick,cc6a0639-be67-5df8-85df-85c90cff38a1,1.2194999999999998e+10,300,121.94999999999999
1658113182,AGLDUSDT,Sell,800,0.4065,ZeroMinusTick,3b6ccaea-c5e4-51eb-b2be-de727faf43b7,3.252e+10,800,325.2
1658113198,AGLDUSDT,Buy,800,0.4070,PlusTick,c2919df8-b223-5db1-9af2-ca432434f63b,3.2559999999999996e+10,800,325.59999999999997
1658113198,AGLDUSDT,Buy,246,0.4070,ZeroMinusTick,c41cfc6e-f0d7-5ba8-97bc-add5da582def,1.00122e+10,246,100.122
1658113213,AGLDUSDT,Sell,300,0.4070,ZeroMinusTick,6b472103-59a5-5b52-bf46-ca4b8b77b441,1.221e+10,300,122.1
1658113234,AGLDUSDT,Sell,300,0.4065,MinusTick,e71f1bc5-fac2-5d3b-9b67-8d08205f6fe3,1.2194999999999998e+10,300,121.94999999999999
1658113246,AGLDUSDT,Buy,246,0.4075,PlusTick,ca37f350-ea33-5e4d-ab3a-5f82815cbec1,1.0024499999999998e+10,246,100.24499999999999
1658113247,AGLDUSDT,Buy,169.8,0.4080,PlusTick,99dee1aa-e484-5d89-b324-9e98b9d2e10d,6.927840000000001e+09,169.8,69.2784
1658113247,AGLDUSDT,Buy,1000.4,0.4080,ZeroMinusTick,11b18c2b-b895-52f7-b8ce-a258de2da9e1,4.081631999999999e+10,1000.4,408.16319999999996
1658113247,AGLDUSDT,Buy,1819.8,0.4080,ZeroMinusTick,f51217d5-eccf-5bc1-bf46-155f46d5dd3b,7.424784e+10,1819.8,742.4784
1658113247,AGLDUSDT,Buy,447.9,0.4080,ZeroMinusTick,aba668c4-2f80-5782-92f0-29e2e25e7aae,1.8274319999999996e+10,447.9,182.74319999999997
1658113247,AGLDUSDT,Buy,352.1,0.4080,ZeroMinusTick,e7645227-8967-5ab0-aca9-1daf52df9beb,1.436568e+10,352.1,143.6568
1658113248,AGLDUSDT,Sell,0.1,0.4080,ZeroMinusTick,b698ebfa-cebd-53a7-b0cb-c6b11457656b,4.0800000000000005e+06,0.1,0.0408
1658113256,AGLDUSDT,Sell,0.1,0.4080,ZeroMinusTick,632ea85f-9dcf-556b-a70e-dfd4910d5678,4.0800000000000005e+06,0.1,0.0408
1658113257,AGLDUSDT,Buy,800,0.4085,PlusTick,f1b2a5aa-1c8d-59b9-95bd-c31efa28a517,3.2679999999999996e+10,800,326.79999999999995
1658113277,AGLDUSDT,Buy,800,0.4085,ZeroMinusTick,baa7996b-47ae-510d-8176-797b5d7afff1,3.2679999999999996e+10,800,326.79999999999995
1658113284,AGLDUSDT,Buy,0.1,0.4085,ZeroMinusTick,084bc652-cb95-5de4-9f8a-c649812f369c,4.0849999999999995e+06,0.1,0.04085
1658113302,AGLDUSDT,Buy,799.9,0.4085,ZeroMinusTick,066cbd67-30fe-5f5a-9ab6-b996db3b7b24,3.2675914999999996e+10,799.9,326.75915
1658113302,AGLDUSDT,Buy,222,0.4085,ZeroMinusTick,b7258ed3-3ad3-5b5f-81cb-beb237468209,9.0687e+09,222,90.687
1658113302,AGLDUSDT,Buy,23,0.4085,ZeroMinusTick,e762ac6a-e2c6-54be-8073-532c0f419c6f,9.3955e+08,23,9.3955
1658113302,AGLDUSDT,Buy,998.9,0.4085,ZeroMinusTick,a894c3f6-5ec7-5382-80e1-327fa366133a,4.0805065e+10,998.9,408.05064999999996
1658113302,AGLDUSDT,Buy,225,0.4085,ZeroMinusTick,917a7bf4-af58-53a7-8a90-9c4a4a40c829,9.19125e+09,225,91.9125
1658113302,AGLDUSDT,Sell,97.1,0.4080,MinusTick,fd70c04c-1c6b-5b10-ac7a-c0f875f85e37,3.96168e+09,97.1,39.6168
1658113303,AGLDUSDT,Buy,800,0.4085,PlusTick,fd682482-05ed-5854-82c4-0814470dea90,3.2679999999999996e+10,800,326.79999999999995
1658113303,AGLDUSDT,Buy,245,0.4085,ZeroMinusTick,cf909c1d-3d22-534a-b590-3672164b62eb,1.000825e+10,245,100.0825
1658113309,AGLDUSDT,Buy,800,0.4085,ZeroMinusTick,c225d8f9-2538-5c40-be16-1b02965658a3,3.2679999999999996e+10,800,326.79999999999995
1658113309,AGLDUSDT,Buy,245,0.4085,ZeroMinusTick,c55a4996-aadb-5579-af6e-75b08c0a9eba,1.000825e+10,245,100.0825
1658113325,AGLDUSDT,Sell,202.7,0.4080,MinusTick,c222db21-d8e9-5d4b-9b7a-4837b41c1e0f,8.270159999999998e+09,202.7,82.70159999999998
1658113364,AGLDUSDT,Sell,0.7,0.4070,MinusTick,1ea127bf-9567-573f-b2c0-253fb051c318,2.849e+07,0.7,0.2849
1658113371,AGLDUSDT,Buy,799.9,0.4080,PlusTick,fb94713e-fcee-5b9f-b2db-bc22a826c27c,3.263592e+10,799.9,326.3592
1658113411,AGLDUSDT,Buy,800,0.4075,MinusTick,efd6798a-5f15-5df0-8c54-3c6bbee6397d,3.26e+10,800,326
1658113411,AGLDUSDT,Buy,800,0.4075,ZeroMinusTick,7cc4395d-bcef-5833-931b-e61dcdb8ea4e,3.26e+10,800,326
1658113416,AGLDUSDT,Buy,246,0.4075,ZeroMinusTick,ba99e89c-4fa9-57be-a50b-1e975ffb9b27,1.0024499999999998e+10,246,100.24499999999999
1658113429,AGLDUSDT,Buy,1225.4,0.4080,PlusTick,88b2b188-3e1f-5f19-8419-0dec4cc072b0,4.999632e+10,1225.4,499.96320000000003
1658113429,AGLDUSDT,Buy,1500,0.4085,PlusTick,f863d633-2f05-5d23-bd04-a7742fd8f3a3,6.1275e+10,1500,612.75
1658113429,AGLDUSDT,Buy,800,0.4085,ZeroMinusTick,05422175-39f3-5c40-83e0-fd760cf12d4a,3.2679999999999996e+10,800,326.79999999999995
1658113429,AGLDUSDT,Buy,1963,0.4090,PlusTick,6d9e453e-f601-5133-85aa-c9391e68fe44,8.02867e+10,1963,802.867
1658113429,AGLDUSDT,Buy,1778.1,0.4090,ZeroMinusTick,c7f49454-2c20-5432-9210-1c03f2930a1a,7.272429e+10,1778.1,727.2429
1658113429,AGLDUSDT,Buy,350.8,0.4090,ZeroMinusTick,5731a591-fb2f-5aca-8671-4024b5ebd641,1.4347719999999998e+10,350.8,143.47719999999998
1658113429,AGLDUSDT,Buy,800,0.4090,ZeroMinusTick,6a116171-2e63-5eb7-a45d-1252d36dc665,3.272e+10,800,327.2
1658113429,AGLDUSDT,Buy,5111,0.4095,PlusTick,a684874c-9f2d-5167-9160-dfb628538d2f,2.0929544999999997e+11,5111,2092.9545
1658113429,AGLDUSDT,Buy,18.8,0.4095,ZeroMinusTick,3cb7885b-f973-5fd2-a14a-ea5ed1e52926,7.6986e+08,18.8,7.6986
1658113429,AGLDUSDT,Buy,1222.4,0.4090,MinusTick,3e51345c-e492-5968-a183-038a5f84e1ad,4.999616e+10,1222.4,499.96160000000003
1658113429,AGLDUSDT,Buy,0.2,0.4100,PlusTick,514caa96-f5ef-5b06-a254-0b39d5a3407c,8.2e+06,0.2,0.082
1658113429,AGLDUSDT,Buy,1219.5,0.4100,ZeroMinusTick,5a3c9ce4-ef21-5931-99e5-2883c50e9048,4.999949999999999e+10,1219.5,499.99499999999995
1658113430,AGLDUSDT,Sell,300,0.4105,PlusTick,bea1154b-933f-58a5-8429-4f24bc96ed01,1.2315e+10,300,123.14999999999999
1658113430,AGLDUSDT,Sell,300,0.4100,MinusTick,a927e8ee-e6ab-50cd-a0b2-020898b53c94,1.2299999999999998e+10,300,122.99999999999999
1658113430,AGLDUSDT,Sell,300,0.4095,MinusTick,d3cc8b77-4aa9-5c40-8a00-24a96714fd27,1.2285e+10,300,122.85
1658113430,AGLDUSDT,Sell,170.6,0.4095,ZeroMinusTick,e311007b-5dea-534c-88d2-6c0bcaf61d90,6.986069999999999e+09,170.6,69.8607
1658113432,AGLDUSDT,Sell,1223.9,0.4085,MinusTick,676ecb50-935e-5823-8309-a18ec92e057a,4.9996315e+10,1223.9,499.96315
1658113432,AGLDUSDT,Buy,2604.6,0.4090,PlusTick,0060d11c-d19c-52bd-a2fc-08b20939f32b,1.0652813999999998e+11,2604.6,1065.2813999999998
1658113434,AGLDUSDT,Buy,85,0.4095,PlusTick,07bc81df-41c9-5ff1-8967-fdad6b7116b1,3.4807499999999995e+09,85,34.8075
1658113434,AGLDUSDT,Sell,800,0.4090,MinusTick,257e5995-a139-5949-8d4e-b562b7c9b2d2,3.272e+10,800,327.2
1658113434,AGLDUSDT,Sell,300,0.4090,ZeroMinusTick,43cc754c-aa28-5bb8-8652-9cc1ed65375d,1.2269999999999998e+10,300,122.69999999999999
1658113473,AGLDUSDT,Sell,300,0.4085,MinusTick,a8f46f25-bb22-52a4-bae6-29d0fd214f56,1.2255e+10,300,122.55
1658113496,AGLDUSDT,Buy,1487.3,0.4090,PlusTick,ce0edc8c-6e9e-5d2e-91e9-71c932757834,6.083056999999999e+10,1487.3,608.3056999999999
1658113512,AGLDUSDT,Sell,0.1,0.4085,MinusTick,ee95a699-fe10-51b8-8c58-540919526ab9,4.0849999999999995e+06,0.1,0.04085
1658113512,AGLDUSDT,Sell,299.9,0.4085,ZeroMinusTick,b1d8a2c4-b4b9-5688-86f1-7a77816d8b2e,1.2250914999999998e+10,299.9,122.50914999999998
1658113512,AGLDUSDT,Sell,130.8,0.4085,ZeroMinusTick,36863f63-a513-502d-8da0-36a66e65f72b,5.34318e+09,130.8,53.4318
1658113512,AGLDUSDT,Sell,247.1,0.4085,ZeroMinusTick,55e75487-f6d7-5ffb-a858-eb5eed0dd9c9,1.0094035e+10,247.1,100.94035
1658113514,AGLDUSDT,Buy,737,0.4085,ZeroMinusTick,ccd361d0-58ad-5ce5-84a7-f69851ee6ef6,3.0106449999999996e+10,737,301.06449999999995
1658113534,AGLDUSDT,Sell,0.6,0.4080,MinusTick,0ee6abeb-a275-5fe1-99f2-19c8346bfb66,2.4479999999999996e+07,0.6,0.24479999999999996
1658113568,AGLDUSDT,Sell,300,0.4085,PlusTick,6ab22f1d-f113-55f8-84a6-95f39757d086,1.2255e+10,300,122.55
1658113572,AGLDUSDT,Buy,300,0.4085,ZeroMinusTick,5274c8a1-f700-5325-ac22-996915ef5cda,1.2255e+10,300,122.55
1658113588,AGLDUSDT,Sell,151.6,0.4085,ZeroMinusTick,8348b466-ce66-5983-9298-82c7fe9a4fdf,6.19286e+09,151.6,61.928599999999996
1658113588,AGLDUSDT,Sell,300,0.4085,ZeroMinusTick,717fd6b6-8b5b-53ad-a3c0-668d7c8e6014,1.2255e+10,300,122.55
1658113598,AGLDUSDT,Buy,800,0.4085,ZeroMinusTick,0406b350-c5d6-5023-ae22-9f2a2fc3a159,3.2679999999999996e+10,800,326.79999999999995
1658113605,AGLDUSDT,Buy,355.8,0.4090,PlusTick,77cd18d7-a421-54be-9302-3c9dc5ec1cc8,1.455222e+10,355.8,145.5222
1658113605,AGLDUSDT,Buy,355.8,0.4090,ZeroMinusTick,5dd4b7e3-da0a-5b5e-bf0d-acea53641858,1.455222e+10,355.8,145.5222
1658113605,AGLDUSDT,Buy,510.8,0.4090,ZeroMinusTick,ad35f068-5592-5847-ae3f-183616da8c67,2.0891719999999996e+10,510.8,208.91719999999998
1658113605,AGLDUSDT,Buy,800,0.4090,ZeroMinusTick,e20d91fc-d86a-5adc-b3f6-84f1ca9e8189,3.272e+10,800,327.2
1658113605,AGLDUSDT,Buy,355.8,0.4095,PlusTick,76359811-68fb-5bab-bc7b-0c03a73f3595,1.457001e+10,355.8,145.7001
1658113643,AGLDUSDT,Buy,300,0.4090,MinusTick,b541a08f-8384-5794-8ca7-05bfb78fd1c7,1.2269999999999998e+10,300,122.69999999999999
1658113645,AGLDUSDT,Sell,300,0.4100,PlusTick,dd8d1bd2-55f7-5245-b81c-8cb2335e67d0,1.2299999999999998e+10,300,122.99999999999999
1658113680,AGLDUSDT,Sell,800,0.4095,MinusTick,4541c066-667b-539f-b337-60f35ed5c729,3.2759999999999996e+10,800,327.59999999999997
1658113724,AGLDUSDT,Buy,799.9,0.4095,ZeroMinusTick,9b1f59e2-0556-592f-a4c2-f80c179cac72,3.2755904999999996e+10,799.9,327.55904999999996
1658113724,AGLDUSDT,Buy,0.1,0.4095,ZeroMinusTick,de7e2ab8-f086-5f34-a0bc-e36bd5075958,4.095e+06,0.1,0.04095
1658113724,AGLDUSDT,Buy,300,0.4100,PlusTick,2f1be8fc-1756-5495-a6d9-35d302516a61,1.2299999999999998e+10,300,122.99999999999999
1658113724,AGLDUSDT,Buy,1310.8,0.4100,ZeroMinusTick,e3caa8d9-e0ae-549d-bedd-50335d44e8eb,5.37428e+10,1310.8,537.428
1658113734,AGLDUSDT,Buy,0.2,0.4100,ZeroMinusTick,a557a208-6127-5082-8337-4776c448d84e,8.2e+06,0.2,0.082
1658113764,AGLDUSDT,Sell,300,0.4085,MinusTick,c5c57ba5-953a-5c88-8596-9919a66fd3ed,1.2255e+10,300,122.55
1658113774,AGLDUSDT,Buy,0.1,0.4090,PlusTick,a0e87530-781e-5ca6-9e6d-8660fd97a0e9,4.09e+06,0.1,0.0409
1658113846,AGLDUSDT,Sell,1225.4,0.4080,MinusTick,7c96b5ab-c6b6-5ac9-a0a1-671d004170b3,4.999632e+10,1225.4,499.96320000000003
1658113855,AGLDUSDT,Sell,1218.2,0.4075,MinusTick,df5ad49a-dfdf-559c-bc56-29ae994734ee,4.964165e+10,1218.2,496.4165
1658113862,AGLDUSDT,Buy,300,0.4080,PlusTick,aeba4d0e-393f-596d-acab-311f254d6425,1.224e+10,300,122.39999999999999
1658113862,AGLDUSDT,Buy,245,0.4080,ZeroMinusTick,e96ee70e-b759-53c0-beab-5afdef491170,9.996e+09,245,99.96
1658113919,AGLDUSDT,Buy,800,0.4080,ZeroMinusTick,5b932224-0825-551f-a4d9-5a842e31d52f,3.2639999999999996e+10,800,326.4
1658113926,AGLDUSDT,Sell,299.9,0.4075,MinusTick,ad28aec2-0d9f-58aa-825e-19c497c8f97f,1.2220924999999998e+10,299.9,122.20924999999998
1658113926,AGLDUSDT,Sell,0.1,0.4075,ZeroMinusTick,1341fedc-4ef8-52ee-94cc-58c1af048215,4.075e+06,0.1,0.04075
1658114016,AGLDUSDT,Sell,1228.5,0.4070,MinusTick,b88e505f-9837-5c12-8c9d-ecf5958a15ff,4.999994999999999e+10,1228.5,499.99949999999995
1658114016,AGLDUSDT,Sell,4386.7,0.4065,MinusTick,bf807d08-8929-56c1-b1a8-88b3c99d7b03,1.7831935499999997e+11,4386.7,1783.1935499999997
1658114016,AGLDUSDT,Sell,256.3,0.4065,ZeroMinusTick,47cba669-2c81-5d58-8817-c19545dd3118,1.0418595e+10,256.3,104.18594999999999
1658114016,AGLDUSDT,Sell,744.1,0.4065,ZeroMinusTick,a39ae7e6-3508-52e2-b53f-449ced79ca88,3.0247665e+10,744.1,302.47665
1658114016,AGLDUSDT,Sell,800,0.4065,ZeroMinusTick,f8c53dfc-1ce4-5493-9183-379fc4fa3263,3.252e+10,800,325.2
1658114016,AGLDUSDT,Sell,1738.7,0.4065,ZeroMinusTick,1dfefd23-cc78-5a20-a84d-bb49c1474cac,7.0678155e+10,1738.7,706.7815499999999
1658114020,AGLDUSDT,Sell,800,0.4060,MinusTick,c095aa15-6088-5ba7-9948-18e25dacc68b,3.248e+10,800,324.8
1658114020,AGLDUSDT,Sell,1231.5,0.4060,ZeroMinusTick,c2567715-9109-5d69-9531-0c7d8d168ca4,4.99989e+10,1231.5,499.98900000000003
1658114020,AGLDUSDT,Sell,246,0.4060,ZeroMinusTick,48d59a8d-3705-5a9a-ad4d-11dc61917f64,9.9876e+09,246,99.876
1658114020,AGLDUSDT,Sell,1372.4,0.4055,MinusTick,38b61815-8da0-5805-acb8-d5aeff383ffa,5.565082000000001e+10,1372.4,556.5082000000001
1658114020,AGLDUSDT,Sell,1198.2,0.4055,ZeroMinusTick,8c3b1c1e-e9f1-538f-b162-67640cbefa67,4.858701e+10,1198.2,485.87010000000004
1658114062,AGLDUSDT,Buy,300,0.4065,PlusTick,de5d49db-b474-5075-839b-3d7b181eb98d,1.2194999999999998e+10,300,121.94999999999999
1658114063,AGLDUSDT,Sell,800,0.4060,MinusTick,170ee2ea-b26c-5367-b05c-c05ed551c756,3.248e+10,800,324.8
1658114063,AGLDUSDT,Sell,300,0.4060,ZeroMinusTick,991bc41d-fa5c-5eaf-979c-9cdc09e9cf78,1.2180000000000002e+10,300,121.80000000000001
1658114067,AGLDUSDT,Buy,300,0.4060,ZeroMinusTick,46c43e89-e522-5c89-80fd-8b7880273ff4,1.2180000000000002e+10,300,121.80000000000001
1658114067,AGLDUSDT,Sell,800,0.4060,ZeroMinusTick,85102730-d7aa-5159-8b61-86b7c71feb07,3.248e+10,800,324.8
1658114072,AGLDUSDT,Sell,800,0.4060,ZeroMinusTick,b82ec5fe-d4a7-5303-b40d-2116b707f14c,3.248e+10,800,324.8
1658114078,AGLDUSDT,Sell,800,0.4050,MinusTick,c0e91e6f-9107-56e0-96f4-a8d81e12d677,3.24e+10,800,324
1658114109,AGLDUSDT,Buy,300,0.4050,ZeroMinusTick,37008724-86fb-5b5e-8dc0-fd8ffadc682a,1.2150000000000002e+10,300,121.50000000000001
1658114111,AGLDUSDT,Sell,800,0.4050,ZeroMinusTick,1f31e25b-313d-53f6-913c-36643811f067,3.24e+10,800,324
1658114114,AGLDUSDT,Sell,0.8,0.4045,MinusTick,e2a168e4-3a03-5db0-945f-a05670a0ae71,3.2360000000000004e+07,0.8,0.32360000000000005
1658114124,AGLDUSDT,Sell,800,0.4050,PlusTick,b86913a5-c757-53e2-a83b-58a42a5c8c0a,3.24e+10,800,324
1658114124,AGLDUSDT,Sell,247,0.4050,ZeroMinusTick,b4e568c5-5125-5ed2-8112-4e3babbb5471,1.0003500000000002e+10,247,100.03500000000001
1658114124,AGLDUSDT,Sell,300,0.4050,ZeroMinusTick,59ccf4ff-024f-5d57-bc5a-8e5c1f9c043d,1.2150000000000002e+10,300,121.50000000000001
1658114169,AGLDUSDT,Buy,1231.5,0.4060,PlusTick,7156f619-3328-5b92-b34f-356c3ac73bb1,4.99989e+10,1231.5,499.98900000000003
1658114169,AGLDUSDT,Buy,1513.4,0.4060,ZeroMinusTick,a0c4f6b1-500f-5b71-a0bd-0de5905f101a,6.144404000000001e+10,1513.4,614.4404000000001
1658114169,AGLDUSDT,Buy,209.3,0.4060,ZeroMinusTick,c1b5d62f-7fcc-5cde-a7f7-7499510ca2d4,8.497580000000001e+09,209.3,84.9758
1658114169,AGLDUSDT,Buy,1874.3,0.4060,ZeroMinusTick,6f33351c-127c-5a29-ab21-2c6d98c364c9,7.609658e+10,1874.3,760.9658000000001
1658114169,AGLDUSDT,Buy,300,0.4060,ZeroMinusTick,7a377cbd-a918-50c6-8650-23cf7e47f8ec,1.2180000000000002e+10,300,121.80000000000001
1658114185,AGLDUSDT,Buy,300,0.4065,PlusTick,7a78bb4c-537c-5c77-9ae2-f8aa0980cbc7,1.2194999999999998e+10,300,121.94999999999999
1658114185,AGLDUSDT,Buy,30.6,0.4065,ZeroMinusTick,4723c194-a342-5e3a-9015-4e0d8c62299b,1.24389e+09,30.6,12.4389
1658114200,AGLDUSDT,Sell,300,0.4055,MinusTick,e4fb7407-bcbd-5204-867e-ca19ee629327,1.2165e+10,300,121.65
1658114200,AGLDUSDT,Sell,800,0.4055,ZeroMinusTick,2f14f49d-1288-550e-9e4a-fa3ae6ac8d16,3.2440000000000004e+10,800,324.40000000000003
1658114304,AGLDUSDT,Sell,1.1,0.4060,PlusTick,eb015192-1854-5e5c-b1f0-6ab1a1af68e1,4.466000000000001e+07,1.1,0.44660000000000005
1658114414,AGLDUSDT,Buy,0.1,0.4065,PlusTick,85f13e92-d36a-5d42-ad84-f05f00a1149f,4.065e+06,0.1,0.04065
1658114443,AGLDUSDT,Buy,300,0.4065,ZeroMinusTick,26679f98-acac-5bde-a700-31682e310252,1.2194999999999998e+10,300,121.94999999999999
1658114444,AGLDUSDT,Sell,2571.8,0.4070,PlusTick,5e10964e-d160-584e-bbc7-3611a0bdcb67,1.0467226e+11,2571.8,1046.7226
1658114444,AGLDUSDT,Sell,2534,0.4070,ZeroMinusTick,eeb18eb1-5ad6-5f75-bafa-6f6d184a5e57,1.031338e+11,2534,1031.338
1658114554,AGLDUSDT,Buy,10,0.4070,ZeroMinusTick,4893ef0e-5908-5b4b-b8bd-6b95fb06cc9a,4.0699999999999994e+08,10,4.069999999999999
1658114633,AGLDUSDT,Buy,300,0.4075,PlusTick,3cc943b0-c428-5298-9eb7-24562d6ad9e1,1.2224999999999998e+10,300,122.24999999999999
1658114734,AGLDUSDT,Sell,0.9,0.4075,ZeroMinusTick,1ccf075e-41c3-5c1d-8e82-bdcb087efc74,3.6675e+07,0.9,0.36674999999999996
1658114776,AGLDUSDT,Buy,300,0.4080,PlusTick,db8d93fa-db95-511d-899d-3d04111c2d8b,1.224e+10,300,122.39999999999999
1658114778,AGLDUSDT,Buy,300,0.4085,PlusTick,b10d7fa5-baff-5fca-a312-f2b555db076e,1.2255e+10,300,122.55
1658114782,AGLDUSDT,Buy,300,0.4090,PlusTick,da46fc32-5006-5b0a-8c7e-54cf76e9ace8,1.2269999999999998e+10,300,122.69999999999999
1658114783,AGLDUSDT,Buy,200,0.4090,ZeroMinusTick,c63ea096-8c93-5060-ad95-a59bd1a02bb5,8.18e+09,200,81.8
1658114791,AGLDUSDT,Buy,100,0.4090,ZeroMinusTick,49958525-69f7-5f83-9d6e-38ca31e04a5a,4.09e+09,100,40.9
1658114805,AGLDUSDT,Sell,12,0.4085,MinusTick,65a3a249-5d32-5b2c-9230-b7582d3c34e8,4.9019999999999994e+08,12,4.901999999999999
1658114837,AGLDUSDT,Sell,1225.4,0.4080,MinusTick,b2ea1a9b-5477-59b4-8f92-ef8cc008e1b0,4.999632e+10,1225.4,499.96320000000003
1658114844,AGLDUSDT,Buy,300,0.4085,PlusTick,aaa3932c-6b9d-56c5-abf6-bbafae058314,1.2255e+10,300,122.55
1658114937,AGLDUSDT,Buy,300,0.4085,ZeroMinusTick,58a291e4-bf51-59d7-a2bc-2e9c11063f82,1.2255e+10,300,122.55
1658115001,AGLDUSDT,Buy,300,0.4085,ZeroMinusTick,bce09649-422c-511f-ad59-736fdbc8b324,1.2255e+10,300,122.55
1658115325,AGLDUSDT,Buy,300,0.4090,PlusTick,fd39c64f-50f2-57f1-811c-fe5ac8836998,1.2269999999999998e+10,300,122.69999999999999
1658115424,AGLDUSDT,Sell,1.1,0.4080,MinusTick,08a4adc7-e909-5a83-914f-2e30e22c6246,4.488e+07,1.1,0.44880000000000003
1658115435,AGLDUSDT,Sell,300,0.4085,PlusTick,7ac85551-c09d-5bd5-a0f4-762939f13a54,1.2255e+10,300,122.55
1658115492,AGLDUSDT,Buy,300,0.4090,PlusTick,64ee6e26-30c7-5e49-918c-9ec8ebcece7a,1.2269999999999998e+10,300,122.69999999999999
1658115543,AGLDUSDT,Sell,300,0.4085,MinusTick,4012441a-cf4a-5f69-96ab-e0a39233081c,1.2255e+10,300,122.55
1658115589,AGLDUSDT,Sell,300,0.4085,ZeroMinusTick,5ca3b30d-2e1f-52ac-bc2a-10086f1393a9,1.2255e+10,300,122.55
1658115624,AGLDUSDT,Buy,300,0.4085,ZeroMinusTick,b31c254d-cf35-51bd-abb4-72a837e36921,1.2255e+10,300,122.55
1658115654,AGLDUSDT,Buy,0.1,0.4085,ZeroMinusTick,d1791fbc-f3c8-5b3e-87f8-b9eddd4385cf,4.0849999999999995e+06,0.1,0.04085
1658115694,AGLDUSDT,Sell,65.2,0.4080,MinusTick,0865bfbb-5498-556f-b4e8-191c8ca3da92,2.66016e+09,65.2,26.601599999999998
1658115792,AGLDUSDT,Sell,800,0.4080,ZeroMinusTick,7b5ebb19-581c-5d81-9c20-daa2f2905940,3.2639999999999996e+10,800,326.4
1658115804,AGLDUSDT,Sell,1.4,0.4075,MinusTick,50503119-d74c-5301-b460-09884cfb6b88,5.704999999999999e+07,1.4,0.5704999999999999
1658115974,AGLDUSDT,Buy,300,0.4080,PlusTick,d65a15fd-90b2-5a9e-81a1-f7edf976bcb6,1.224e+10,300,122.39999999999999
1658115974,AGLDUSDT,Buy,245,0.4080,ZeroMinusTick,e2889cda-3382-522a-a4e8-4ec73dbc6778,9.996e+09,245,99.96
1658115974,AGLDUSDT,Buy,255,0.4080,ZeroMinusTick,94d7cff8-1ea1-5ba7-8872-20bc6b8e2dd4,1.0404e+10,255,104.03999999999999
1658116043,AGLDUSDT,Sell,299.9,0.4080,ZeroMinusTick,1da80359-78a3-5bd3-8aa8-20aa5570a26b,1.2235919999999998e+10,299.9,122.35919999999999
1658116043,AGLDUSDT,Sell,300,0.4075,MinusTick,3e1dc99b-3976-5328-95d0-c30202682e83,1.2224999999999998e+10,300,122.24999999999999
1658116043,AGLDUSDT,Sell,1226.9,0.4075,ZeroMinusTick,71c0db96-602b-5be7-a976-57f54dbf7be1,4.9996175e+10,1226.9,499.96175
1658116043,AGLDUSDT,Sell,800,0.4075,ZeroMinusTick,3af8dd2d-8115-5331-8dc6-7a7bf6f56ccd,3.26e+10,800,326
1658116045,AGLDUSDT,Buy,800,0.4080,PlusTick,1377df97-6def-5865-ae2d-6f0b7f2bf624,3.2639999999999996e+10,800,326.4
1658116046,AGLDUSDT,Sell,300,0.4080,ZeroMinusTick,14323c8c-e1f9-558d-90a1-8b33e8a29342,1.224e+10,300,122.39999999999999
1658116101,AGLDUSDT,Sell,25,0.4075,MinusTick,37a49cbc-86e7-505e-8c6b-ab9e0f02b2b9,1.01875e+09,25,10.1875
1658116134,AGLDUSDT,Sell,0.9,0.4075,ZeroMinusTick,d59a46ab-c287-5d3f-99a2-0db92f3360ff,3.6675e+07,0.9,0.36674999999999996
1658116137,AGLDUSDT,Sell,274.1,0.4075,ZeroMinusTick,9d98b595-dcef-57ef-8de8-ae21ceaa5b6d,1.1169575e+10,274.1,111.69575
1658116154,AGLDUSDT,Sell,800,0.4075,ZeroMinusTick,0fc6e936-37da-5156-ba4e-c7732051295e,3.26e+10,800,326
1658116154,AGLDUSDT,Sell,300,0.4075,ZeroMinusTick,37af5f8c-3095-5d23-ade4-9c92d0d4cedb,1.2224999999999998e+10,300,122.24999999999999
1658116183,AGLDUSDT,Buy,300,0.4075,ZeroMinusTick,f3666a71-9fa8-5a42-b3a7-5eae0cc45719,1.2224999999999998e+10,300,122.24999999999999
1658116224,AGLDUSDT,Sell,1.3,0.4070,MinusTick,ee32c97f-c3ad-51c7-ac6a-103e534e7e38,5.291e+07,1.3,0.5291
1658116443,AGLDUSDT,Buy,800,0.4070,ZeroMinusTick,b503a1e4-157d-50af-95ca-ad3def551cdf,3.2559999999999996e+10,800,325.59999999999997
1658116448,AGLDUSDT,Sell,300,0.4070,ZeroMinusTick,7068cbc3-1e17-55bb-b956-8d9fd453450c,1.221e+10,300,122.1
1658116487,AGLDUSDT,Sell,25,0.4070,ZeroMinusTick,51d4d4ce-7278-5bc1-932b-8035ea622624,1.0174999999999999e+09,25,10.174999999999999
1658116504,AGLDUSDT,Sell,0.6,0.4070,ZeroMinusTick,2559dd9b-239d-5668-b967-71eb52c36cbf,2.4419999999999996e+07,0.6,0.24419999999999997
1658116528,AGLDUSDT,Buy,300,0.4075,PlusTick,3cb33170-2fae-5c3d-b6f6-d07372f1fa5f,1.2224999999999998e+10,300,122.24999999999999
1658116602,AGLDUSDT,Sell,274.4,0.4070,MinusTick,e7c4f649-6d6d-5adb-8901-88c14d4891f8,1.1168079999999998e+10,274.4,111.68079999999998
1658116602,AGLDUSDT,Sell,800,0.4070,ZeroMinusTick,f5d19a24-20d2-58b4-b2f0-c7d0444017f5,3.2559999999999996e+10,800,325.59999999999997
1658116704,AGLDUSDT,Sell,1.3,0.4070,ZeroMinusTick,5eec2b0d-ec70-5fa5-acf1-b3af2c1d272f,5.291e+07,1.3,0.5291
1658116774,AGLDUSDT,Sell,0.7,0.4070,ZeroMinusTick,41bbc74a-c1dc-5941-8cfa-3d672aef6a78,2.849e+07,0.7,0.2849
1658116948,AGLDUSDT,Sell,300,0.4075,PlusTick,bc7adc7b-b0fc-5f96-b75d-50ae952d06ec,1.2224999999999998e+10,300,122.24999999999999
1658116971,AGLDUSDT,Buy,300,0.4075,ZeroMinusTick,ec180bdf-f8f1-5152-b684-24b4161252c8,1.2224999999999998e+10,300,122.24999999999999
1658116973,AGLDUSDT,Sell,10.6,0.4075,ZeroMinusTick,d2a99793-c4ad-55f2-9d27-13194ac2e7f1,4.3194999999999994e+08,10.6,4.3195
1658116973,AGLDUSDT,Sell,300,0.4075,ZeroMinusTick,01914c4b-dbcf-55fd-aea7-551c81371a0e,1.2224999999999998e+10,300,122.24999999999999
1658116978,AGLDUSDT,Buy,10.6,0.4075,ZeroMinusTick,c62b54f7-40cc-5835-9754-f1ba7588119b,4.3194999999999994e+08,10.6,4.3195
1658117001,AGLDUSDT,Sell,800,0.4075,ZeroMinusTick,f087b76f-9b97-5285-ba8a-aab882920126,3.26e+10,800,326
1658117034,AGLDUSDT,Sell,0.9,0.4070,MinusTick,3e209ed1-31ed-598f-aee0-b55c2efdf080,3.662999999999999e+07,0.9,0.36629999999999996
1658117043,AGLDUSDT,Sell,800,0.4075,PlusTick,a828deb3-7ced-59ae-b794-bea1c63268be,3.26e+10,800,326
1658117082,AGLDUSDT,Sell,299.1,0.4070,MinusTick,9cc56b85-8cf7-596e-82b4-c7b74126b553,1.217337e+10,299.1,121.7337
1658117082,AGLDUSDT,Sell,800,0.4070,ZeroMinusTick,d1709147-d72f-5f3a-aa09-566c15fb44f1,3.2559999999999996e+10,800,325.59999999999997
1658117085,AGLDUSDT,Sell,800,0.4070,ZeroMinusTick,33f6b813-78ab-51f9-be22-8f23d57f5ce2,3.2559999999999996e+10,800,325.59999999999997
1658117142,AGLDUSDT,Sell,300,0.4060,MinusTick,d263eb82-327c-5829-abd8-fe772898dec9,1.2180000000000002e+10,300,121.80000000000001
1658117166,AGLDUSDT,Buy,300,0.4065,PlusTick,ac69d751-6a91-56a7-b003-972a643d4589,1.2194999999999998e+10,300,121.94999999999999
1658117182,AGLDUSDT,Sell,25,0.4065,ZeroMinusTick,4cf5067a-ce60-5b99-9044-1f9bcd7c895e,1.01625e+09,25,10.1625
1658117183,AGLDUSDT,Sell,25,0.4065,ZeroMinusTick,9c4a2a03-524d-5c85-be91-619c5b1bc084,1.01625e+09,25,10.1625
1658117220,AGLDUSDT,Sell,800,0.4070,PlusTick,505cb7d2-cf5a-50f1-b5f9-a6a48a3213a7,3.2559999999999996e+10,800,325.59999999999997
1658117244,AGLDUSDT,Sell,0.1,0.4070,ZeroMinusTick,96027461-acd8-5c78-8a4c-a4b6a57e7dcb,4.07e+06,0.1,0.0407
1658117276,AGLDUSDT,Sell,300,0.4070,ZeroMinusTick,1f1d00fb-2c67-5371-beaa-c89f46b29161,1.221e+10,300,122.1
1658117474,AGLDUSDT,Sell,0.5,0.4065,MinusTick,4ac6ee41-e325-51a9-8c5b-301743e5043e,2.0325e+07,0.5,0.20325
1658117506,AGLDUSDT,Sell,25,0.4065,ZeroMinusTick,0b9cf6cb-0693-50d2-83b8-87789332fbff,1.01625e+09,25,10.1625
1658117508,AGLDUSDT,Sell,25,0.4065,ZeroMinusTick,8287ddd6-85ce-5ecf-a7c2-94c4678e47ef,1.01625e+09,25,10.1625
1658117516,AGLDUSDT,Sell,246,0.4065,ZeroMinusTick,f61df566-40bc-5d49-8bba-b4fe18e73be6,9.9999e+09,246,99.999
1658117516,AGLDUSDT,Sell,397,0.4065,ZeroMinusTick,59523dac-b1c7-5818-825f-864625a6be9b,1.6138049999999998e+10,397,161.38049999999998
1658117564,AGLDUSDT,Sell,10,0.4065,ZeroMinusTick,7dfe3f8b-80ed-50c8-b7ca-00fc114e9152,4.0649999999999994e+08,10,4.0649999999999995
1658117626,AGLDUSDT,Buy,25,0.4070,PlusTick,490b96de-2c01-5142-a1a5-faad0be492b6,1.0174999999999999e+09,25,10.174999999999999
1658117636,AGLDUSDT,Sell,25,0.4065,MinusTick,bc52d3e7-42ae-5f75-a5b0-5ea0036ff9cc,1.01625e+09,25,10.1625
1658117637,AGLDUSDT,Sell,25,0.4065,ZeroMinusTick,458186f1-40bd-5b57-9793-5bce9a11e2ce,1.01625e+09,25,10.1625
1658117664,AGLDUSDT,Buy,0.1,0.4070,PlusTick,269ebeef-dac3-5192-ab9e-41260cde07e4,4.07e+06,0.1,0.0407
1658117708,AGLDUSDT,Buy,800,0.4065,MinusTick,1a45fb15-9dc3-5ac0-8afc-7d84b69783b2,3.252e+10,800,325.2
1658117765,AGLDUSDT,Buy,49,0.4070,PlusTick,cc58cf98-3257-5e71-bb8e-8ed920d0017f,1.9942999999999998e+09,49,19.942999999999998
1658117768,AGLDUSDT,Buy,49,0.4070,ZeroMinusTick,2de3558a-ab62-5b6b-9dbc-2ca74d8aa1fd,1.9942999999999998e+09,49,19.942999999999998
1658117769,AGLDUSDT,Buy,49,0.4070,ZeroMinusTick,5e782225-36fd-5ca7-a37f-a03bd74facd1,1.9942999999999998e+09,49,19.942999999999998
1658117770,AGLDUSDT,Buy,28,0.4070,ZeroMinusTick,7003281f-9e1a-579d-bbfc-52e85365bfe3,1.1396e+09,28,11.395999999999999
1658117814,AGLDUSDT,Sell,1.3,0.4065,MinusTick,5bc982ed-0b5d-520a-938a-ecf2f1c044c7,5.2845e+07,1.3,0.52845
1658117944,AGLDUSDT,Sell,1.5,0.4055,MinusTick,c9a4b361-44d0-5938-84c4-dc8112c2b668,6.082500000000001e+07,1.5,0.6082500000000001
1658117954,AGLDUSDT,Buy,300,0.4070,PlusTick,3e9c77ed-5b1d-5816-87f1-c9518e1c157d,1.221e+10,300,122.1
1658118131,AGLDUSDT,Buy,800,0.4060,MinusTick,c6a41eb0-d07c-53ba-9850-1bbc075fa80b,3.248e+10,800,324.8
1658118144,AGLDUSDT,Sell,0.4,0.4055,MinusTick,d5a5b520-d498-5911-b745-5d16a7ec21ea,1.6220000000000002e+07,0.4,0.1622
1658118193,AGLDUSDT,Buy,300,0.4065,PlusTick,9db4f8f7-21c3-55e3-88e2-3444f58920f3,1.2194999999999998e+10,300,121.94999999999999
1658118193,AGLDUSDT,Buy,793.4,0.4065,ZeroMinusTick,ae010a65-be9d-516e-8210-fd957510e2be,3.2251709999999996e+10,793.4,322.51709999999997
1658118193,AGLDUSDT,Buy,6.6,0.4065,ZeroMinusTick,2c6db5d8-2b31-58dc-94f5-709ce7b1a926,2.6828999999999997e+08,6.6,2.6828999999999996
1658118220,AGLDUSDT,Sell,300,0.4055,MinusTick,17e85601-4330-575b-b71c-10d82728d50b,1.2165e+10,300,121.65
1658118220,AGLDUSDT,Sell,800,0.4050,MinusTick,2cbdd2f7-7bda-5e36-857c-79804d75c261,3.24e+10,800,324
1658118220,AGLDUSDT,Sell,300,0.4050,ZeroMinusTick,42a801c8-7ee4-55ee-a978-46eb8ce60417,1.2150000000000002e+10,300,121.50000000000001
1658118220,AGLDUSDT,Sell,1234.5,0.4050,ZeroMinusTick,a7a20b40-67e3-5a6c-affc-5e6ab94e97d8,4.999725e+10,1234.5,499.9725
1658118254,AGLDUSDT,Sell,1.5,0.4050,ZeroMinusTick,26272b9c-d09e-55a4-9422-b9aa271d29fb,6.075000000000001e+07,1.5,0.6075
1658118265,AGLDUSDT,Sell,298.5,0.4050,ZeroMinusTick,e8acb2b5-1ec6-5fa6-9d36-a094fb463a83,1.2089250000000002e+10,298.5,120.89250000000001
1658118290,AGLDUSDT,Buy,300,0.4050,ZeroMinusTick,b7b273e9-5fc2-586d-a233-9911b2c53956,1.2150000000000002e+10,300,121.50000000000001
1658118300,AGLDUSDT,Buy,300,0.4050,ZeroMinusTick,9d12638c-56e6-5ea7-acf5-977da88bd7e9,1.2150000000000002e+10,300,121.50000000000001
1658118331,AGLDUSDT,Buy,800,0.4055,PlusTick,14e05bc0-b1ce-58af-ba05-1c585debfbe6,3.2440000000000004e+10,800,324.40000000000003
1658118337,AGLDUSDT,Buy,300,0.4060,PlusTick,d1ccfe8a-58fb-5273-a57c-00b9892459d2,1.2180000000000002e+10,300,121.80000000000001
1658118337,AGLDUSDT,Buy,800,0.4060,ZeroMinusTick,b73ddace-4023-5f1c-a0f3-c0c7a5fb5463,3.248e+10,800,324.8
1658118344,AGLDUSDT,Sell,1.6,0.4060,ZeroMinusTick,2ec8ad56-99fa-53fb-917d-3cfc84a83e59,6.496000000000001e+07,1.6,0.6496000000000001
1658118412,AGLDUSDT,Buy,300,0.4055,MinusTick,0f2eda17-2e97-5483-b70a-9452efd2a60c,1.2165e+10,300,121.65
1658118444,AGLDUSDT,Sell,300,0.4070,PlusTick,b7538561-cbed-5de2-a270-f03e40314cac,1.221e+10,300,122.1
1658118514,AGLDUSDT,Sell,1.3,0.4070,ZeroMinusTick,86468a24-eb55-54e5-90a3-afd4d38f3748,5.291e+07,1.3,0.5291
1658118580,AGLDUSDT,Buy,1226.9,0.4075,PlusTick,b342f741-4c21-58e0-934e-a7f33f405c82,4.9996175e+10,1226.9,499.96175
1658118594,AGLDUSDT,Sell,1,0.4070,MinusTick,b9ed228c-d247-5f3f-bc8d-03c7dc58d4e1,4.07e+07,1,0.407
1658118716,AGLDUSDT,Buy,1228.5,0.4070,ZeroMinusTick,a49d3d2e-4e86-5434-94e2-4b41f1aae517,4.999994999999999e+10,1228.5,499.99949999999995
1658118716,AGLDUSDT,Buy,800,0.4070,ZeroMinusTick,d1c3f9cf-166e-580e-a283-66a4b8f452fa,3.2559999999999996e+10,800,325.59999999999997
1658118970,AGLDUSDT,Sell,800,0.4070,ZeroMinusTick,4e0f55ac-d396-5a91-92e4-1aaedb82cbf5,3.2559999999999996e+10,800,325.59999999999997
1658118981,AGLDUSDT,Sell,800,0.4070,ZeroMinusTick,584021b8-a8d6-56d9-8968-7e130e204220,3.2559999999999996e+10,800,325.59999999999997
1658119024,AGLDUSDT,Sell,0.4,0.4065,MinusTick,da3f4bed-aca5-534c-b68f-c53f76f60003,1.626e+07,0.4,0.1626
1658119075,AGLDUSDT,Buy,300,0.4075,PlusTick,f5e1b50e-81a5-5deb-882b-5787650b9863,1.2224999999999998e+10,300,122.24999999999999
1658119075,AGLDUSDT,Buy,774.4,0.4075,ZeroMinusTick,a3186b74-927c-5864-b975-6bf8c727a573,3.15568e+10,774.4,315.568
1658119094,AGLDUSDT,Sell,800,0.4070,MinusTick,660dc3b3-d354-5311-b15c-3ad0fe0b4929,3.2559999999999996e+10,800,325.59999999999997
1658119164,AGLDUSDT,Sell,0.1,0.4070,ZeroMinusTick,a4211a71-de65-579b-a3f2-ca88fe1e3022,4.07e+06,0.1,0.0407
1658119242,AGLDUSDT,Buy,427.9,0.4070,ZeroMinusTick,ce0e3a0a-7279-54f8-a445-5fef906b99b5,1.741553e+10,427.9,174.15529999999998
1658119242,AGLDUSDT,Buy,372.1,0.4070,ZeroMinusTick,79a65e22-aaaf-5ccc-9284-a92e76fce4f8,1.5144470000000002e+10,372.1,151.4447
1658119263,AGLDUSDT,Buy,800,0.4070,ZeroMinusTick,2d8bd755-2b56-5947-9980-d1b0c395535f,3.2559999999999996e+10,800,325.59999999999997
1658119298,AGLDUSDT,Sell,800,0.4070,ZeroMinusTick,9c43359d-5173-55d5-a2c1-7bd24e2ec5b7,3.2559999999999996e+10,800,325.59999999999997
1658119302,AGLDUSDT,Sell,200,0.4070,ZeroMinusTick,d3af1c79-9897-591b-b935-4757f04c44f1,8.139999999999999e+09,200,81.39999999999999
1658119342,AGLDUSDT,Buy,100,0.4070,ZeroMinusTick,3eb509aa-a808-5ccb-98c9-879960deef22,4.0699999999999995e+09,100,40.699999999999996
1658119368,AGLDUSDT,Buy,300,0.4070,ZeroMinusTick,dfff6e34-08a0-596d-b780-4ba6cd9f4671,1.221e+10,300,122.1
1658119371,AGLDUSDT,Buy,300,0.4075,PlusTick,22857985-2135-59e3-908f-b6213df3e852,1.2224999999999998e+10,300,122.24999999999999
1658119414,AGLDUSDT,Buy,0.1,0.4075,ZeroMinusTick,bc04f2ea-fd1f-59a0-bad1-0044be3fd835,4.075e+06,0.1,0.04075
1658119584,AGLDUSDT,Sell,0.8,0.4070,MinusTick,7b0d0c30-7816-57f2-b6bf-52850d7e9b39,3.256e+07,0.8,0.3256
1658119612,AGLDUSDT,Buy,1226.9,0.4075,PlusTick,7a30a209-58b3-5941-9c7d-137fa26fe448,4.9996175e+10,1226.9,499.96175
1658119657,AGLDUSDT,Sell,300,0.4070,MinusTick,63e3940b-bc09-5e34-ada8-c4cf67c1ae10,1.221e+10,300,122.1
1658119657,AGLDUSDT,Sell,800,0.4070,ZeroMinusTick,21ad9283-5eda-5cda-b979-6ac2f5bfabe7,3.2559999999999996e+10,800,325.59999999999997
1658119704,AGLDUSDT,Sell,0.1,0.4070,ZeroMinusTick,d14e64da-1a48-5fa6-9d8d-174e51f50f6c,4.07e+06,0.1,0.0407
1658119832,AGLDUSDT,Sell,300,0.4070,ZeroMinusTick,c85ab79e-5b55-5bd2-ade0-a80d8109a6a1,1.221e+10,300,122.1
1658119854,AGLDUSDT,Sell,0.5,0.4065,MinusTick,bd330a9a-1f79-5e51-a243-da9b0f770c7c,2.0325e+07,0.5,0.20325
1658120104,AGLDUSDT,Sell,1,0.4065,ZeroMinusTick,ecb32ca9-6f1a-551d-8cbc-27524d6a6a24,4.065e+07,1,0.4065
1658120225,AGLDUSDT,Buy,300,0.4075,PlusTick,481f95c5-1d64-57fb-b1ab-72d49df2ba83,1.2224999999999998e+10,300,122.24999999999999
1658120225,AGLDUSDT,Buy,1226.9,0.4075,ZeroMinusTick,3bb92869-9641-5936-a310-63c0916fbb60,4.9996175e+10,1226.9,499.96175
1658120225,AGLDUSDT,Buy,800,0.4075,ZeroMinusTick,37e252e0-b182-5702-9ee1-da0ee127380e,3.26e+10,800,326
1658120249,AGLDUSDT,Buy,727.9,0.4070,MinusTick,f5c1aadf-2c5d-5c4f-ad02-a6bd1f38e3f0,2.9625529999999996e+10,727.9,296.2553
1658120249,AGLDUSDT,Buy,72.1,0.4070,ZeroMinusTick,5af1ae19-c685-56de-89ad-636ecd3f276a,2.9344699999999995e+09,72.1,29.344699999999996
1658120264,AGLDUSDT,Buy,0.1,0.4070,ZeroMinusTick,e28dc326-f08c-5a75-8fb7-ec603b9fd18c,4.07e+06,0.1,0.0407
1658120364,AGLDUSDT,Buy,0.1,0.4070,ZeroMinusTick,0696d2e3-ebaf-5f9d-90f6-2e25d1378b93,4.07e+06,0.1,0.0407
1658120391,AGLDUSDT,Buy,300,0.4075,PlusTick,a2f47537-da93-58c1-896b-a21eaa7147a7,1.2224999999999998e+10,300,122.24999999999999
1658120408,AGLDUSDT,Buy,300,0.4080,PlusTick,c9ef36d2-68ec-5318-a9c3-6fd1a085b648,1.224e+10,300,122.39999999999999
1658120409,AGLDUSDT,Buy,800,0.4085,PlusTick,018f1aa2-7e45-5e2b-a42e-bc5340616d48,3.2679999999999996e+10,800,326.79999999999995
1658120424,AGLDUSDT,Buy,0.1,0.4085,ZeroMinusTick,d1789455-a113-5504-b0df-f497aa8a3bbf,4.0849999999999995e+06,0.1,0.04085
1658120432,AGLDUSDT,Sell,1225.4,0.4080,MinusTick,9e9c2192-de00-5546-b13b-fa671bbaae3a,4.999632e+10,1225.4,499.96320000000003
1658120540,AGLDUSDT,Sell,800,0.4075,MinusTick,d141d0f3-8df7-5549-8c27-b5c222bef8d1,3.26e+10,800,326
1658120601,AGLDUSDT,Sell,300,0.4075,ZeroMinusTick,32d1943e-663a-59f4-9a3c-963d2aac4457,1.2224999999999998e+10,300,122.24999999999999
1658120601,AGLDUSDT,Sell,800,0.4075,ZeroMinusTick,5e8158ce-fdf4-55b4-bd88-eb389d8b5e9a,3.26e+10,800,326
1658120621,AGLDUSDT,Buy,300,0.4080,PlusTick,0f3ee6a7-c1c2-50db-8d3f-65f94bf5fe0e,1.224e+10,300,122.39999999999999
1658120644,AGLDUSDT,Sell,0.1,0.4075,MinusTick,b55f4439-7740-5160-84ea-c23524c67d93,4.075e+06,0.1,0.04075
1658120681,AGLDUSDT,Buy,800,0.4090,PlusTick,75fd1225-932c-5f23-8061-e95e3d9f6f5c,3.272e+10,800,327.2
1658120681,AGLDUSDT,Buy,300,0.4090,ZeroMinusTick,8876c674-1086-5dc5-a4a8-d0ee88013847,1.2269999999999998e+10,300,122.69999999999999
1658120681,AGLDUSDT,Buy,245,0.4090,ZeroMinusTick,5f69f9b0-e03a-59e5-b21b-cf27ca759cfc,1.00205e+10,245,100.205
1658120720,AGLDUSDT,Buy,800,0.4090,ZeroMinusTick,d22c0ec2-ca02-532e-866a-a443294e7830,3.272e+10,800,327.2
1658120749,AGLDUSDT,Buy,717.2,0.4085,MinusTick,6bdf69cd-7af3-50a0-9167-80092d773343,2.929762e+10,717.2,292.9762
1658120794,AGLDUSDT,Sell,0.9,0.4080,MinusTick,42d04b20-c465-50cf-8a22-f3673ab5130a,3.672e+07,0.9,0.36719999999999997
1658120864,AGLDUSDT,Buy,300,0.4085,PlusTick,386ee467-3073-524d-b9da-5c2f0a81963d,1.2255e+10,300,122.55
1658120885,AGLDUSDT,Buy,0.1,0.4095,PlusTick,6fd28a05-e0e0-5828-8366-8bc36c4d2f16,4.095e+06,0.1,0.04095
1658120905,AGLDUSDT,Buy,1802.9,0.4095,ZeroMinusTick,d6657f36-0136-5d9b-8e8f-e48eb813ecaf,7.3828755e+10,1802.9,738.28755
1658120905,AGLDUSDT,Buy,1924.3,0.4095,ZeroMinusTick,b736b03d-33dd-55be-94e5-2c4bdcb7036c,7.880008499999998e+10,1924.3,788.0008499999999
1658120905,AGLDUSDT,Buy,1924.3,0.4095,ZeroMinusTick,b68128c7-4030-5bbb-b31a-9ec589ac385c,7.880008499999998e+10,1924.3,788.0008499999999
1658120905,AGLDUSDT,Buy,1794.9,0.4095,ZeroMinusTick,8dc6ff5a-5b13-5799-abe4-842e28b96465,7.3501155e+10,1794.9,735.0115499999999
1658120905,AGLDUSDT,Buy,957.8,0.4100,PlusTick,bf584b49-87f1-5bdf-9156-f74714cc1cd9,3.92698e+10,957.8,392.698
1658120917,AGLDUSDT,Sell,1221,0.4095,MinusTick,cb3fe2fc-1be8-55ec-a215-11298ee735d6,4.999994999999999e+10,1221,499.99949999999995
1658120917,AGLDUSDT,Sell,1221,0.4095,ZeroMinusTick,955e0888-8fe8-5a82-a146-a089e3b0b4ee,4.999994999999999e+10,1221,499.99949999999995
1658120918,AGLDUSDT,Sell,1221,0.4095,ZeroMinusTick,2198a3b6-0e6c-542b-894c-0e904cace3de,4.999994999999999e+10,1221,499.99949999999995
1658120934,AGLDUSDT,Buy,0.1,0.4100,PlusTick,c1480087-f097-5aff-a34d-ac3ab74c6e1d,4.1e+06,0.1,0.041
1658120945,AGLDUSDT,Sell,300,0.4090,MinusTick,e9aad9e8-4d35-59fd-8306-401987b76dfb,1.2269999999999998e+10,300,122.69999999999999
1658120945,AGLDUSDT,Sell,1222.4,0.4090,ZeroMinusTick,b3a4126b-8302-5a34-8ae1-89b745adbd32,4.999616e+10,1222.4,499.96160000000003
1658120945,AGLDUSDT,Sell,800,0.4090,ZeroMinusTick,2e6788b6-46b1-560f-9649-3e08e41620b6,3.272e+10,800,327.2
1658121016,AGLDUSDT,Buy,300,0.4095,PlusTick,1c8fa905-f83c-5868-a46c-3e244691ef38,1.2285e+10,300,122.85
1658121016,AGLDUSDT,Buy,800,0.4095,ZeroMinusTick,19268eb2-b878-5e41-b4b8-b76ba446f2b3,3.2759999999999996e+10,800,327.59999999999997
1658121016,AGLDUSDT,Sell,2568.5,0.4095,ZeroMinusTick,092682df-bfc7-51fd-be8d-53b1e230562d,1.0518007499999998e+11,2568.5,1051.8007499999999
1658121064,AGLDUSDT,Sell,1.9,0.4090,MinusTick,ae7b616a-9313-566c-bc36-11a9d3257ab0,7.770999999999999e+07,1.9,0.7770999999999999
1658121102,AGLDUSDT,Sell,298.1,0.4090,ZeroMinusTick,c7cdbde0-8197-50f1-825f-2fbd1b57c044,1.219229e+10,298.1,121.9229
1658121146,AGLDUSDT,Buy,300,0.4090,ZeroMinusTick,a3b4f593-26e6-5c39-9091-eb042d45a9e0,1.2269999999999998e+10,300,122.69999999999999
1658121166,AGLDUSDT,Buy,300,0.4090,ZeroMinusTick,824e4435-c6b7-51bb-8439-6c313368782c,1.2269999999999998e+10,300,122.69999999999999
1658121274,AGLDUSDT,Sell,0.4,0.4090,ZeroMinusTick,0731e494-2ff4-55fc-9ae8-a2db4c1208e1,1.636e+07,0.4,0.1636
1658121294,AGLDUSDT,Buy,0.1,0.4090,ZeroMinusTick,ec6d1c64-02aa-5965-99ae-2b4e6cef27e7,4.09e+06,0.1,0.0409
1658121320,AGLDUSDT,Sell,300,0.4095,PlusTick,85a67124-fb23-50df-95cf-a6576168c0d1,1.2285e+10,300,122.85
1658121343,AGLDUSDT,Sell,300,0.4090,MinusTick,94dfe607-1df7-50be-aca7-f94053e2898a,1.2269999999999998e+10,300,122.69999999999999
1658121343,AGLDUSDT,Sell,800,0.4090,ZeroMinusTick,2bb8a5fe-76e3-54d3-9c61-e9b123be50f0,3.272e+10,800,327.2
1658121343,AGLDUSDT,Buy,2533.5,0.4090,ZeroMinusTick,4628ca16-cba6-5196-a296-1c57d80d4632,1.0362014999999998e+11,2533.5,1036.2015
1658121425,AGLDUSDT,Sell,800,0.4090,ZeroMinusTick,60d8401e-82f1-5921-b4aa-5a4bba9a2a97,3.272e+10,800,327.2
1658121425,AGLDUSDT,Sell,245,0.4090,ZeroMinusTick,2a55627f-ff89-5d47-b956-2d23fddf0c64,1.00205e+10,245,100.205
1658121425,AGLDUSDT,Sell,800,0.4090,ZeroMinusTick,8355e62a-e73f-5d25-a2a3-2bfd360e4407,3.272e+10,800,327.2
1658121433,AGLDUSDT,Sell,800,0.4090,ZeroMinusTick,abce378c-88ac-55d9-ad1c-32fc232f91c5,3.272e+10,800,327.2
1658121434,AGLDUSDT,Sell,800,0.4090,ZeroMinusTick,3cb5d723-49d1-5327-8f4d-b7a3080e8939,3.272e+10,800,327.2
1658121439,AGLDUSDT,Sell,800,0.4090,ZeroMinusTick,fcec07d9-7a3e-5d55-ae24-a8168db08e0e,3.272e+10,800,327.2
1658121444,AGLDUSDT,Sell,1,0.4090,ZeroMinusTick,5aaa689f-82a7-57c8-be26-6bcffbb25203,4.09e+07,1,0.409
1658121460,AGLDUSDT,Buy,300,0.4095,PlusTick,9da55ec7-4ec5-5465-870d-1a423cc806ff,1.2285e+10,300,122.85
1658121461,AGLDUSDT,Sell,800,0.4095,ZeroMinusTick,1342bb1c-ad98-5d31-a3a4-6fa4da51998b,3.2759999999999996e+10,800,327.59999999999997
1658121461,AGLDUSDT,Sell,800,0.4095,ZeroMinusTick,10374ea6-fb4b-5c76-86d9-da451553b3ae,3.2759999999999996e+10,800,327.59999999999997
1658121461,AGLDUSDT,Sell,800,0.4095,ZeroMinusTick,8dbdbda5-aaee-56b1-b4cf-707a9d667c2b,3.2759999999999996e+10,800,327.59999999999997
1658121462,AGLDUSDT,Buy,300,0.4095,ZeroMinusTick,43181668-94cc-580d-8f70-186b4855d964,1.2285e+10,300,122.85
1658121462,AGLDUSDT,Sell,800,0.4095,ZeroMinusTick,97a1cb3f-119e-5a6e-8619-19cfa33dee31,3.2759999999999996e+10,800,327.59999999999997
1658121462,AGLDUSDT,Sell,800,0.4095,ZeroMinusTick,42693e7a-039d-5779-a1b9-ca241aa88f5f,3.2759999999999996e+10,800,327.59999999999997
1658121462,AGLDUSDT,Sell,800,0.4095,ZeroMinusTick,846fb273-64e7-5d15-a017-09bebe90266c,3.2759999999999996e+10,800,327.59999999999997
1658121463,AGLDUSDT,Sell,800,0.4095,ZeroMinusTick,e71ccc7e-343f-5eca-bec3-006d6092711d,3.2759999999999996e+10,800,327.59999999999997
1658121463,AGLDUSDT,Sell,800,0.4095,ZeroMinusTick,e9771bd3-8a29-534a-aa2f-64abda579400,3.2759999999999996e+10,800,327.59999999999997
1658121464,AGLDUSDT,Sell,800,0.4095,ZeroMinusTick,a921c2f5-2104-5059-86d4-4daeeb9f4484,3.2759999999999996e+10,800,327.59999999999997
1658121470,AGLDUSDT,Buy,300,0.4095,ZeroMinusTick,5f5809e2-b02c-502d-becb-9238ce3bb648,1.2285e+10,300,122.85
1658121475,AGLDUSDT,Buy,300,0.4100,PlusTick,bbc47f6d-a214-51c3-b8df-78ab3e9b168d,1.2299999999999998e+10,300,122.99999999999999
1658121481,AGLDUSDT,Buy,300,0.4105,PlusTick,c74a9f00-4eee-53b6-b43e-abfa9cee6552,1.2315e+10,300,123.14999999999999
1658121483,AGLDUSDT,Sell,300,0.4105,ZeroMinusTick,7ae44b0c-b244-53c7-b387-da2bf78cdebd,1.2315e+10,300,123.14999999999999
1658121483,AGLDUSDT,Buy,300,0.4105,ZeroMinusTick,c48b743a-44a3-53b8-ae93-1e8bbcf38e4b,1.2315e+10,300,123.14999999999999
1658121485,AGLDUSDT,Buy,300,0.4110,PlusTick,5f6dbe5b-7ce0-545f-a87e-d8d2d60090b3,1.233e+10,300,123.3
1658121485,AGLDUSDT,Sell,7.8,0.4110,ZeroMinusTick,612a4689-8630-5f82-bc35-9035a7f6ad3e,3.2057999999999994e+08,7.8,3.2057999999999995
1658121492,AGLDUSDT,Sell,300,0.4120,PlusTick,df60019e-6ae2-5444-86cd-ff8749725e60,1.236e+10,300,123.6
1658121493,AGLDUSDT,Sell,300,0.4115,MinusTick,7df8e416-4f75-5e11-9b4f-7448e93ac72e,1.2344999999999998e+10,300,123.44999999999999
1658121494,AGLDUSDT,Sell,300,0.4115,ZeroMinusTick,7175c5a1-541d-55e1-99ca-de0c6c020961,1.2344999999999998e+10,300,123.44999999999999
1658121494,AGLDUSDT,Sell,1262.3,0.4115,ZeroMinusTick,e52ab208-8d8a-58a7-baaa-5c3ea30a14fc,5.194364499999999e+10,1262.3,519.4364499999999
1658121494,AGLDUSDT,Sell,616.1,0.4115,ZeroMinusTick,fcd6a954-ec8f-590b-a725-6ddf4ddb5f24,2.5352515e+10,616.1,253.52515
1658121494,AGLDUSDT,Sell,300,0.4110,MinusTick,eae37102-c5cb-5935-9d7d-70bff424b7b9,1.233e+10,300,123.3
1658121494,AGLDUSDT,Sell,10,0.4110,ZeroMinusTick,bfe09af9-aac6-58ce-aaf4-d510cad90162,4.1099999999999994e+08,10,4.109999999999999
1658121495,AGLDUSDT,Sell,800,0.4115,PlusTick,bb503f11-3270-56ff-9d5e-f959d19290ca,3.292e+10,800,329.2
1658121495,AGLDUSDT,Sell,300,0.4115,ZeroMinusTick,a999fc10-aad6-5497-893b-093705801085,1.2344999999999998e+10,300,123.44999999999999
1658121498,AGLDUSDT,Sell,1821.8,0.4105,MinusTick,228a00ae-d422-5093-b230-2a029a7e9a2f,7.478489e+10,1821.8,747.8489
1658121499,AGLDUSDT,Buy,300,0.4105,ZeroMinusTick,63eba0b2-1852-533e-a8f5-3684a822b62e,1.2315e+10,300,123.14999999999999
1658121499,AGLDUSDT,Sell,300,0.4105,ZeroMinusTick,60760091-8800-5e3a-b45b-ae4bcc2b8beb,1.2315e+10,300,123.14999999999999
1658121502,AGLDUSDT,Sell,1219.5,0.4100,MinusTick,706019f5-a978-5e99-9399-47ea7023055b,4.999949999999999e+10,1219.5,499.99499999999995
1658121503,AGLDUSDT,Sell,1219.5,0.4100,ZeroMinusTick,960bf3a0-b165-5201-9a47-398ea6b05898,4.999949999999999e+10,1219.5,499.99499999999995
1658121503,AGLDUSDT,Sell,1219.5,0.4100,ZeroMinusTick,181697b3-3eeb-5a72-882c-1a71aa70c148,4.999949999999999e+10,1219.5,499.99499999999995
1658121516,AGLDUSDT,Buy,300,0.4105,PlusTick,7773b7e1-b6fe-5d39-bee9-aae65f2051cf,1.2315e+10,300,123.14999999999999
1658121516,AGLDUSDT,Buy,800,0.4110,PlusTick,604aff50-6da1-5eeb-ae0b-96316dccc559,3.2879999999999996e+10,800,328.79999999999995
1658121516,AGLDUSDT,Sell,2971.4,0.4110,ZeroMinusTick,ead6c642-d174-539f-845a-4b0a4a82d648,1.2212454e+11,2971.4,1221.2454
1658121516,AGLDUSDT,Sell,424.4,0.4110,ZeroMinusTick,7d678e4c-bfae-5f29-8f0b-8ee9a93c28ca,1.744284e+10,424.4,174.42839999999998
1658121516,AGLDUSDT,Buy,2744.9,0.4110,ZeroMinusTick,86206043-1ca6-5524-b4bb-2e56292cef4b,1.1281539e+11,2744.9,1128.1539
1658121519,AGLDUSDT,Buy,226.5,0.4110,ZeroMinusTick,dd6e1a81-cc38-5be1-9885-db055b380ec5,9.30915e+09,226.5,93.0915
1658121519,AGLDUSDT,Buy,300,0.4110,ZeroMinusTick,ee36d678-1ea3-5419-aa12-a143cf0f602e,1.233e+10,300,123.3
1658121519,AGLDUSDT,Sell,805.6,0.4110,ZeroMinusTick,b4064ddc-89ce-5001-ad73-bdd10c402d59,3.3110159999999996e+10,805.6,331.10159999999996
1658121529,AGLDUSDT,Sell,800,0.4105,MinusTick,b8e2db06-b8b7-553b-9af1-e756653279bc,3.2839999999999996e+10,800,328.4
1658121534,AGLDUSDT,Sell,800,0.4105,ZeroMinusTick,690a7d21-6bb0-5046-8b1b-114f87797161,3.2839999999999996e+10,800,328.4
1658121544,AGLDUSDT,Sell,800,0.4105,ZeroMinusTick,693fc593-1345-5185-8839-e00f16974c84,3.2839999999999996e+10,800,328.4
1658121562,AGLDUSDT,Sell,800,0.4105,ZeroMinusTick,dbb9b185-fe37-547d-830c-58e83b351fc8,3.2839999999999996e+10,800,328.4
1658121563,AGLDUSDT,Sell,800,0.4105,ZeroMinusTick,c73ea0c5-9f8f-54a2-8272-bfe580350c2a,3.2839999999999996e+10,800,328.4
1658121625,AGLDUSDT,Sell,800,0.4110,PlusTick,bbf5dbcf-db68-5430-9f03-fbe43e004649,3.2879999999999996e+10,800,328.79999999999995
1658121634,AGLDUSDT,Buy,1,0.4115,PlusTick,8d8f2ae9-016c-5d3b-b1b3-9c78f9552ed1,4.115e+07,1,0.4115
1658121656,AGLDUSDT,Sell,800,0.4110,MinusTick,464183bb-32bc-5ac1-b163-a792a09dabd1,3.2879999999999996e+10,800,328.79999999999995
1658121657,AGLDUSDT,Sell,16,0.4110,ZeroMinusTick,225bdaf9-47f2-5c84-9026-c9d62417a81e,6.576e+08,16,6.576
1658121657,AGLDUSDT,Sell,784,0.4110,ZeroMinusTick,eaf6ded5-2b73-5e44-9c4e-81e5f30fc4da,3.22224e+10,784,322.224
1658121667,AGLDUSDT,Sell,510.8,0.4105,MinusTick,9e4a801a-d6cf-5ecb-adc6-5233405aaaf6,2.096834e+10,510.8,209.6834
1658121672,AGLDUSDT,Sell,800,0.4105,ZeroMinusTick,c9823a79-d0e9-5291-b75e-013cab02ce37,3.2839999999999996e+10,800,328.4
1658121672,AGLDUSDT,Sell,800,0.4105,ZeroMinusTick,8eeac22a-495b-53ca-90c8-404986798acd,3.2839999999999996e+10,800,328.4
1658121694,AGLDUSDT,Sell,0.1,0.4105,ZeroMinusTick,9a2ddebe-75a8-5155-82bf-2b2de8a5703a,4.1050000000000005e+06,0.1,0.04105
1658121759,AGLDUSDT,Buy,300,0.4115,PlusTick,da8c6db3-0b4d-5b34-89fd-a966d93c4dcc,1.2344999999999998e+10,300,123.44999999999999
1658121759,AGLDUSDT,Buy,1215,0.4115,ZeroMinusTick,cbb3fde2-2fda-5ddc-9275-3a1f9291ea8e,4.999725e+10,1215,499.97249999999997
1658121760,AGLDUSDT,Sell,800,0.4115,ZeroMinusTick,49da1056-d54e-56c3-a5a9-91470a7e8d1e,3.292e+10,800,329.2
1658121873,AGLDUSDT,Sell,300,0.4105,MinusTick,22dfd8cb-e71e-52c4-88d6-9683bae0ebdf,1.2315e+10,300,123.14999999999999
1658121884,AGLDUSDT,Sell,0.1,0.4105,ZeroMinusTick,c55a9f0a-5af9-5ee0-9371-3552f7cbc0b7,4.1050000000000005e+06,0.1,0.04105
1658121912,AGLDUSDT,Sell,800,0.4105,ZeroMinusTick,4333aa9c-b45f-52dd-b457-5cc4e30e84e3,3.2839999999999996e+10,800,328.4
1658121916,AGLDUSDT,Buy,300,0.4105,ZeroMinusTick,2c4872d0-e5a5-5849-ae7e-e3865829da5a,1.2315e+10,300,123.14999999999999
1658121924,AGLDUSDT,Sell,10,0.4100,MinusTick,d62e0b6c-ba98-537d-a5c2-df650610121b,4.0999999999999994e+08,10,4.1
1658121942,AGLDUSDT,Sell,300,0.4105,PlusTick,7c486699-2aba-5ab8-aed2-32e111902edf,1.2315e+10,300,123.14999999999999
1658121984,AGLDUSDT,Buy,1,0.4105,ZeroMinusTick,4c5ddcce-2ea8-5c93-be9f-9ae2699ce25e,4.105e+07,1,0.4105
1658122034,AGLDUSDT,Sell,300,0.4100,MinusTick,42178677-774a-5a54-b1c7-76144afec334,1.2299999999999998e+10,300,122.99999999999999
1658122034,AGLDUSDT,Sell,1877.3,0.4095,MinusTick,ecf80959-0e58-576c-9eb0-fb1befe00766,7.6875435e+10,1877.3,768.7543499999999
1658122034,AGLDUSDT,Sell,743.6,0.4095,ZeroMinusTick,e5da9483-8f63-51e3-932b-69bd07fe4ff0,3.0450419999999996e+10,743.6,304.50419999999997
1658122034,AGLDUSDT,Sell,256.8,0.4095,ZeroMinusTick,d7cfa11b-f4b1-5d7e-b968-5b97feb8e01d,1.051596e+10,256.8,105.1596
1658122034,AGLDUSDT,Sell,800,0.4095,ZeroMinusTick,6aefbb08-84e2-56ea-a610-dd3c617752fd,3.2759999999999996e+10,800,327.59999999999997
1658122034,AGLDUSDT,Sell,1221,0.4095,ZeroMinusTick,e1dc8b86-e1f6-5c22-86bb-e2de2011616c,4.999994999999999e+10,1221,499.99949999999995
1658122057,AGLDUSDT,Buy,800,0.4100,PlusTick,f0ee74ef-4cfe-5c73-9f83-d4086eef70e7,3.28e+10,800,328
1658122085,AGLDUSDT,Buy,1218,0.4105,PlusTick,c48737b0-a7b9-5768-b935-c3398af8ab0e,4.99989e+10,1218,499.989
1658122134,AGLDUSDT,Buy,0.8,0.4105,ZeroMinusTick,f538e85c-7d8b-5896-ada5-37b8530a24d8,3.2840000000000004e+07,0.8,0.3284
1658122142,AGLDUSDT,Sell,300,0.4100,MinusTick,2720db9a-9cdc-5967-8f99-a1c6c407e14a,1.2299999999999998e+10,300,122.99999999999999
1658122154,AGLDUSDT,Buy,1000.4,0.4110,PlusTick,041cd6a9-9147-51e0-84d8-350f8d3eb400,4.111643999999999e+10,1000.4,411.16439999999994
