timestamp,symbol,side,size,price,tickDirection,trdMatchID,grossValue,homeNotional,foreignNotional
1658275230,AKROUSDT,Buy,12300,0.005179,PlusTick,b23fde64-b0c3-50dd-981d-5dad6a12cf37,6.37017e+09,12300,63.701699999999995
1658275230,AKROUSDT,Buy,12300,0.005179,ZeroMinusTick,0a52a2a4-c618-53a0-8467-14fb9ccf18ac,6.37017e+09,12300,63.701699999999995
1658275230,AKROUSDT,Buy,54900,0.005180,PlusTick,10cec967-e7c6-5109-8845-c90ee811afac,2.84382e+10,54900,284.382
1658275230,AKROUSDT,Buy,100200,0.005180,ZeroMinusTick,3b70ea35-40b8-5c84-b7ab-a44377195c29,5.190359999999999e+10,100200,519.036
1658275230,AKROUSDT,Buy,57600,0.005180,ZeroMinusTick,ff2eb0a7-88f4-554a-b88a-eabfe21d567f,2.98368e+10,57600,298.368
1658275230,AKROUSDT,Buy,12300,0.005179,MinusTick,4e3974f0-4863-5ba6-a034-dc1cd11ade62,6.37017e+09,12300,63.701699999999995
1658275230,AKROUSDT,Sell,24500,0.005179,ZeroMinusTick,e19ef91c-493b-5dd4-85e3-4f787330e205,1.268855e+10,24500,126.8855
1658275240,AKROUSDT,Buy,462300,0.005176,MinusTick,12945fdb-4346-59e7-9930-76cb64236356,2.3928647999999997e+11,462300,2392.8648
1658275240,AKROUSDT,Buy,37700,0.005176,ZeroMinusTick,0c7ea395-9fec-56bf-82d2-6f5653010438,1.951352e+10,37700,195.1352
1658275240,AKROUSDT,Buy,61100,0.005176,ZeroMinusTick,69ff959a-bb91-58cb-a693-6391bd995386,3.162536e+10,61100,316.2536
1658275242,AKROUSDT,Buy,24500,0.005181,PlusTick,441b1bbb-e28d-5841-9a9e-8e84ea96dafc,1.269345e+10,24500,126.9345
1658275242,AKROUSDT,Buy,55100,0.005181,ZeroMinusTick,e22cbc7e-6b7d-51cd-8f2b-42a4359145f5,2.854731e+10,55100,285.4731
1658275243,AKROUSDT,Buy,24500,0.005181,ZeroMinusTick,912fdf7a-cdb3-5dc2-90dc-d917862430aa,1.269345e+10,24500,126.9345
1658275243,AKROUSDT,Buy,24500,0.005180,MinusTick,72d08fa4-3a79-56ab-b45e-35b1e233ff01,1.2691e+10,24500,126.91
1658275290,AKROUSDT,Sell,97900,0.005176,MinusTick,0a3d79af-b72f-55b5-8bfa-434af30beddd,5.067304e+10,97900,506.73040000000003
1658275343,AKROUSDT,Buy,500,0.005182,PlusTick,8efa359b-ca5c-5a9c-ad57-99e99261ae0a,2.5910000000000003e+08,500,2.591
1658275563,AKROUSDT,Sell,400,0.005174,MinusTick,6ebc4b83-271d-5954-a5b4-1a44c9ccac2c,2.0696e+08,400,2.0696
1658275563,AKROUSDT,Buy,1400,0.005174,ZeroMinusTick,0ee4deb6-ada3-5dd0-86c6-b7381269526c,7.2436e+08,1400,7.2436
1658275663,AKROUSDT,Sell,100,0.005171,MinusTick,80e97115-78cc-5bc5-a051-c8b4dcf7e526,5.171e+07,100,0.5171
1658275743,AKROUSDT,Buy,100,0.005172,PlusTick,bfe44dbd-3295-5c20-bf92-1b251fde0275,5.172e+07,100,0.5172
1658275873,AKROUSDT,Sell,1200,0.005164,MinusTick,751f92a6-a3d3-5256-97f1-a9079c9015a4,6.1968e+08,1200,6.1968000000000005
1658275935,AKROUSDT,Sell,100,0.005161,MinusTick,820b2e26-1660-57b7-bd1a-427a68dcf2d3,5.161e+07,100,0.5161
1658275950,AKROUSDT,Buy,300,0.005164,PlusTick,242cdf3d-2e98-50c2-b8d6-a9e86d4019f9,1.5492e+08,300,1.5492000000000001
1658275950,AKROUSDT,Buy,24500,0.005165,PlusTick,7a39fe4b-2c5b-5b48-84fa-030602909c21,1.265425e+10,24500,126.5425
1658275950,AKROUSDT,Buy,195400,0.005168,PlusTick,d71dc6da-b21f-5b1e-af25-eae16fb5dae1,1.0098272e+11,195400,1009.8272
1658275960,AKROUSDT,Buy,24500,0.005168,ZeroMinusTick,8222d57c-7cfa-5015-af31-3ebe49735ccb,1.26616e+10,24500,126.616
1658276032,AKROUSDT,Sell,100,0.005162,MinusTick,9b8a9bf6-de3c-54f5-9a9d-82e71757c3fb,5.162e+07,100,0.5162
1658276032,AKROUSDT,Sell,300,0.005162,ZeroMinusTick,7d02209f-e14d-5c1b-a516-36c3f6727642,1.5486e+08,300,1.5486
1658276032,AKROUSDT,Sell,217300,0.005160,MinusTick,4f23dd41-af32-541e-b5a7-bc28392ea26a,1.121268e+11,217300,1121.268
1658276032,AKROUSDT,Sell,19500,0.005161,PlusTick,0d5c53ee-b2a9-5f51-bccb-713675e993e1,1.006395e+10,19500,100.6395
1658276032,AKROUSDT,Sell,124700,0.005156,MinusTick,7e53e34d-b73c-5d7a-825f-07e3951c7b3f,6.429532e+10,124700,642.9532
1658276032,AKROUSDT,Sell,56500,0.005156,ZeroMinusTick,9d84f900-8f96-5473-b8ae-afd1e0ea50d3,2.9131400000000004e+10,56500,291.314
1658276032,AKROUSDT,Sell,132400,0.005155,MinusTick,b3f8af73-ae83-5a7c-a40c-997939a91039,6.825219999999999e+10,132400,682.5219999999999
1658276032,AKROUSDT,Sell,2000,0.005155,ZeroMinusTick,a633df26-504d-50c4-96b5-e6b3c9400ae2,1.031e+09,2000,10.31
1658276035,AKROUSDT,Sell,7100,0.005154,MinusTick,2901c34b-fe9e-50f2-bc71-c48cbb64fc2e,3.6593399999999995e+09,7100,36.593399999999995
1658276073,AKROUSDT,Buy,400,0.005164,PlusTick,7498f372-9674-5e07-afc8-b9f5bf2bb475,2.0656e+08,400,2.0656
1658276073,AKROUSDT,Sell,1000,0.005164,ZeroMinusTick,41f888d0-36da-5c42-8c6d-4b346b0ecdd1,5.1640000000000006e+08,1000,5.164000000000001
1658276081,AKROUSDT,Buy,19300,0.005161,MinusTick,c43321a8-aa9a-5565-a35a-f35b54f09ed9,9.96073e+09,19300,99.6073
1658276081,AKROUSDT,Buy,400,0.005161,ZeroMinusTick,915348df-b705-5a66-ac40-f0f71ac790a8,2.0644e+08,400,2.0644
1658276081,AKROUSDT,Buy,200,0.005162,PlusTick,a022c3e8-5bc1-51dc-8379-a7ddee1217a1,1.0324e+08,200,1.0324
1658276081,AKROUSDT,Buy,107600,0.005163,PlusTick,f0be8c53-916f-5d5a-9d2a-42f884c0c7d8,5.555388e+10,107600,555.5388
1658276081,AKROUSDT,Buy,100500,0.005163,ZeroMinusTick,858575cb-bf70-5452-aa5c-0c83aa4a1d67,5.188814999999999e+10,100500,518.8815
1658276081,AKROUSDT,Buy,291500,0.005164,PlusTick,3903aa11-bab4-52cd-b521-798db766af88,1.505306e+11,291500,1505.306
1658276081,AKROUSDT,Buy,91700,0.005164,ZeroMinusTick,ebd6d310-f2f1-5c24-a8ae-7e668d7b38b1,4.735388e+10,91700,473.53880000000004
1658276081,AKROUSDT,Buy,181200,0.005169,PlusTick,34c06ad4-3771-5a12-9205-488dff34e278,9.366228e+10,181200,936.6228
1658276087,AKROUSDT,Sell,400,0.005160,MinusTick,afe5db59-1885-527d-a304-b9f86e3797d0,2.064e+08,400,2.064
1658276148,AKROUSDT,Sell,4500,0.005154,MinusTick,b44c980b-8cd0-5148-82bf-a7e656fcad4e,2.3193e+09,4500,23.192999999999998
1658276163,AKROUSDT,Sell,300,0.005154,ZeroMinusTick,29620faf-e987-51b1-b9ae-0192d8163cc5,1.5462e+08,300,1.5462
1658276184,AKROUSDT,Sell,24500,0.005154,ZeroMinusTick,050c5dc6-113b-54a9-806e-5c7b27fbe5d7,1.26273e+10,24500,126.273
1658276214,AKROUSDT,Sell,24500,0.005156,PlusTick,ce12c3ea-2747-577a-bca1-425b26d77644,1.26322e+10,24500,126.322
1658276219,AKROUSDT,Sell,30700,0.005153,MinusTick,8f7931c4-5917-55a1-9d8f-54c2d446c155,1.5819709999999998e+10,30700,158.19709999999998
1658276239,AKROUSDT,Sell,50000,0.005152,MinusTick,31286b2a-3411-5aee-aeb1-64e41d6daae4,2.5760000000000004e+10,50000,257.6
1658276278,AKROUSDT,Sell,89800,0.005152,ZeroMinusTick,429c51bd-bc74-55c1-bed3-c13266f6dfcc,4.626496e+10,89800,462.6496
1658276278,AKROUSDT,Sell,10200,0.005152,ZeroMinusTick,06132720-8ab1-5b86-a0b2-3acf6ce9b405,5.25504e+09,10200,52.5504
1658276279,AKROUSDT,Sell,24500,0.005149,MinusTick,b5d90e85-e53f-56ac-8118-70052cbd1082,1.261505e+10,24500,126.1505
1658276282,AKROUSDT,Sell,24500,0.005151,PlusTick,4fc64e22-5e06-543b-942b-bba9207774e1,1.261995e+10,24500,126.1995
1658276284,AKROUSDT,Sell,24500,0.005149,MinusTick,d9bda0be-5a90-5f9f-b6a4-1ea915cccc3b,1.261505e+10,24500,126.1505
1658276290,AKROUSDT,Buy,400,0.005151,PlusTick,93cdc100-9407-51d4-b1cd-b4b9767cf227,2.0604e+08,400,2.0604
1658276290,AKROUSDT,Buy,30000,0.005152,PlusTick,16aa5965-a7f5-5baa-b3e4-66a98d5e0615,1.5456e+10,30000,154.56
1658276353,AKROUSDT,Buy,400,0.005157,PlusTick,e3852fe5-a329-559f-999d-21588cb1a1ca,2.0628000000000003e+08,400,2.0628
1658276453,AKROUSDT,Sell,200,0.005149,MinusTick,1ed6392c-73ae-58bd-b5ef-a5bf63e189fd,1.0298e+08,200,1.0298
1658276531,AKROUSDT,Sell,15000,0.005151,PlusTick,27d4ffe7-86bc-571b-a24a-0da2a10d419a,7.7265e+09,15000,77.265
1658276585,AKROUSDT,Buy,700,0.005154,PlusTick,b12cca63-6675-5a91-8316-da9b6b86f7dd,3.6077999999999994e+08,700,3.6077999999999997
1658276593,AKROUSDT,Sell,300,0.005154,ZeroMinusTick,729d7ac8-fb3f-5465-afd3-35f34d0ec300,1.5462e+08,300,1.5462
1658276616,AKROUSDT,Buy,250000,0.005155,PlusTick,4261dc08-0dc4-5884-bd95-0ec2e4d45986,1.28875e+11,250000,1288.75
1658276621,AKROUSDT,Buy,200,0.005159,PlusTick,515917cb-52dd-5a66-878c-d1edd39754cc,1.0318e+08,200,1.0318
1658276623,AKROUSDT,Sell,400,0.005163,PlusTick,ea55b5f9-ed6f-5850-879d-a3bff6bc282d,2.0652e+08,400,2.0652
1658276623,AKROUSDT,Sell,24500,0.005162,MinusTick,63712697-3f99-535c-a236-ec1b2afaee70,1.26469e+10,24500,126.469
1658276793,AKROUSDT,Buy,400,0.005170,PlusTick,dbd333ad-54a9-5328-be3d-70e6366c5516,2.068e+08,400,2.068
1658276793,AKROUSDT,Sell,400,0.005170,ZeroMinusTick,6ee104ef-88cc-5dc2-8094-606594e0e591,2.068e+08,400,2.068
1658276856,AKROUSDT,Buy,37200,0.005166,MinusTick,f92d0936-6eba-5e45-b26e-6e736e4f517e,1.921752e+10,37200,192.1752
1658276856,AKROUSDT,Buy,177100,0.005166,ZeroMinusTick,b049ffae-d335-525d-bbab-b6dbc9557029,9.148985999999998e+10,177100,914.8985999999999
1658276973,AKROUSDT,Sell,300,0.005161,MinusTick,006f294a-3f9c-5c3f-ad02-dad79f440a14,1.5483e+08,300,1.5483
1658277057,AKROUSDT,Sell,24200,0.005161,ZeroMinusTick,ff270971-0611-52b1-9512-bf90b834f4ed,1.248962e+10,24200,124.8962
1658277058,AKROUSDT,Sell,100,0.005154,MinusTick,6de96877-a363-5870-8cf3-fa9178dec30d,5.154e+07,100,0.5154
1658277058,AKROUSDT,Sell,24400,0.005154,ZeroMinusTick,7b3f772c-7da8-5c7f-9b8f-c259c16b3e4d,1.257576e+10,24400,125.7576
1658277058,AKROUSDT,Sell,166500,0.005150,MinusTick,3a716f82-f506-5ab2-8503-cde46f31e281,8.57475e+10,166500,857.475
1658277058,AKROUSDT,Sell,93500,0.005150,ZeroMinusTick,5588592e-19a9-5b1b-9295-7ce82b87c88a,4.81525e+10,93500,481.52500000000003
1658277058,AKROUSDT,Sell,73000,0.005149,MinusTick,6b2c29d3-57b7-51c6-8acf-e2bf521c6291,3.75877e+10,73000,375.877
1658277183,AKROUSDT,Buy,100,0.005160,PlusTick,208e6949-9983-5dea-8018-28ef2cf46590,5.16e+07,100,0.516
1658277203,AKROUSDT,Buy,1500,0.005163,PlusTick,eb4b96fc-42af-53f3-bb2c-84a4fb98c034,7.7445e+08,1500,7.7445
1658277224,AKROUSDT,Sell,24500,0.005161,MinusTick,376a8bec-45d3-5e08-ab47-4bbb0c40bd93,1.264445e+10,24500,126.44449999999999
1658277246,AKROUSDT,Sell,300,0.005160,MinusTick,5833fdf0-b9d0-5290-98d0-3adafec6f2ea,1.5479999999999997e+08,300,1.5479999999999998
1658277246,AKROUSDT,Sell,259700,0.005160,ZeroMinusTick,702e648a-aa4e-56ab-8038-4541b3529ea1,1.3400519999999998e+11,259700,1340.052
1658277246,AKROUSDT,Sell,195200,0.005157,MinusTick,5e46da2d-2f7c-5eb1-b380-ecd948b14b57,1.0066464e+11,195200,1006.6464
1658277246,AKROUSDT,Sell,100,0.005156,MinusTick,c4a81090-0bdd-5beb-a9ed-4ed6d017eaa2,5.155999999999999e+07,100,0.5156
1658277246,AKROUSDT,Sell,106700,0.005156,ZeroMinusTick,a38fc598-0684-5da7-a983-fb6bee07add8,5.501452000000001e+10,106700,550.1452
1658277246,AKROUSDT,Sell,104500,0.005156,ZeroMinusTick,2a734e67-855b-5389-badc-c44ae6cd67da,5.38802e+10,104500,538.802
1658277246,AKROUSDT,Sell,3600,0.005156,ZeroMinusTick,8cb4c6e7-c889-5674-8156-fa396d1d0da0,1.8561599999999998e+09,3600,18.5616
1658277246,AKROUSDT,Sell,210700,0.005151,MinusTick,edc8239f-baf6-559b-b5d9-745520e69b41,1.0853157000000002e+11,210700,1085.3157
1658277246,AKROUSDT,Sell,260000,0.005150,MinusTick,ae3c1e8d-bf44-52cc-b72c-d37279a26487,1.339e+11,260000,1339
1658277254,AKROUSDT,Buy,24500,0.005154,PlusTick,8a6032d3-d97c-5b1d-bebb-c2b18652fafe,1.26273e+10,24500,126.273
1658277254,AKROUSDT,Buy,56100,0.005157,PlusTick,eb1b13fb-cf30-5b3a-9f3a-2ca4737a8d72,2.893077e+10,56100,289.3077
1658277333,AKROUSDT,Buy,400,0.005161,PlusTick,0ec83727-21c8-56af-9a14-84c143ae6a83,2.0644e+08,400,2.0644
1658277366,AKROUSDT,Buy,24100,0.005161,ZeroMinusTick,31c20896-90d6-5e13-a7d6-371725c776a8,1.243801e+10,24100,124.3801
1658277366,AKROUSDT,Buy,50000,0.005161,ZeroMinusTick,ae66d173-e3ca-5ab4-b695-7125d5adf85e,2.5805e+10,50000,258.05
1658277366,AKROUSDT,Buy,203900,0.005162,PlusTick,47feeaad-364e-5407-9692-085909212178,1.0525318e+11,203900,1052.5318
1658277366,AKROUSDT,Buy,53400,0.005162,ZeroMinusTick,0d3922a6-24b4-5fed-81b3-3d36bf604c3c,2.756508e+10,53400,275.6508
1658277473,AKROUSDT,Buy,600,0.005158,MinusTick,92d4ff85-08f5-526e-b66e-b4e01185f2fc,3.0948e+08,600,3.0948
1658277524,AKROUSDT,Sell,100,0.005151,MinusTick,2b9c2e78-620c-5cda-94c3-113026140e74,5.151e+07,100,0.5151
1658277524,AKROUSDT,Sell,300,0.005151,ZeroMinusTick,920d7bdb-6787-5fd3-a160-15f136d16237,1.5453e+08,300,1.5453000000000001
1658277524,AKROUSDT,Sell,158200,0.005150,MinusTick,949dd802-276d-5a7b-863b-0491fee1bfb6,8.1473e+10,158200,814.73
1658277524,AKROUSDT,Sell,101800,0.005150,ZeroMinusTick,b9824b79-eccf-517d-b891-d8c508e7ceec,5.2427e+10,101800,524.27
1658277525,AKROUSDT,Buy,400,0.005148,MinusTick,02eac64b-8012-55a1-9642-c6f8300197d4,2.0591999999999997e+08,400,2.0591999999999997
1658277525,AKROUSDT,Buy,24500,0.005149,PlusTick,581b0041-948a-5d53-a6b6-6c0ecb833430,1.261505e+10,24500,126.1505
1658277617,AKROUSDT,Sell,400,0.005149,ZeroMinusTick,2120f103-f07f-53e2-87fe-a461334c1efb,2.0596e+08,400,2.0596
1658277617,AKROUSDT,Sell,204400,0.005148,MinusTick,33a66ceb-1522-5a15-9dd8-44fb24098f48,1.0522512e+11,204400,1052.2512
1658277670,AKROUSDT,Sell,100000,0.005144,MinusTick,e6b57664-7bd4-572a-adc5-ea561b3ce80a,5.144e+10,100000,514.4
1658277670,AKROUSDT,Sell,50000,0.005144,ZeroMinusTick,7da4834a-c67d-5e6a-bc2b-5b92f7edda6f,2.572e+10,50000,257.2
1658277670,AKROUSDT,Sell,20000,0.005142,MinusTick,7d1d7cfe-10cc-5228-987d-b4b654b1ce86,1.0284e+10,20000,102.84
1658277670,AKROUSDT,Sell,180400,0.005141,MinusTick,30c2bcc2-776a-5284-844e-55ced670724f,9.274364e+10,180400,927.4363999999999
1658277670,AKROUSDT,Sell,131000,0.005140,MinusTick,1ec79d55-656a-5d16-85df-04ebfb8f629a,6.733399999999999e+10,131000,673.3399999999999
1658277673,AKROUSDT,Buy,400,0.005153,PlusTick,08177f6d-6d1c-5379-b09a-4678b3f2d3fb,2.0612e+08,400,2.0612
1658277673,AKROUSDT,Sell,1000,0.005153,ZeroMinusTick,cb43b2d3-b5f8-5713-b1cf-ef917c7f3ffd,5.1529999999999994e+08,1000,5.153
1658277673,AKROUSDT,Buy,24500,0.005147,MinusTick,63cf20e6-95cf-53ae-9383-1bc74d00814a,1.2610149999999998e+10,24500,126.10149999999999
1658277743,AKROUSDT,Buy,24500,0.005152,PlusTick,2d325ba2-bb53-54aa-8f75-fc3aee2a6ce6,1.26224e+10,24500,126.224
1658277743,AKROUSDT,Buy,1000,0.005153,PlusTick,fa760f65-ba6c-5858-a119-454f297a3b40,5.1529999999999994e+08,1000,5.153
1658277743,AKROUSDT,Buy,54300,0.005153,ZeroMinusTick,6e858e67-3e63-57d5-9f35-661f363d928e,2.7980789999999996e+10,54300,279.80789999999996
1658277743,AKROUSDT,Buy,79800,0.005153,ZeroMinusTick,053615c0-d385-5681-ba5e-4d33e5b9f600,4.112093999999999e+10,79800,411.20939999999996
1658277743,AKROUSDT,Buy,78000,0.005153,ZeroMinusTick,de2f8b92-de86-54fe-a770-8e4280fb140b,4.01934e+10,78000,401.93399999999997
1658277743,AKROUSDT,Buy,19300,0.005154,PlusTick,e8efd2e9-f425-5b3a-b156-234e58e0f7ad,9.94722e+09,19300,99.4722
1658277760,AKROUSDT,Buy,700,0.005151,MinusTick,9a79a16c-6ee8-56b0-8c09-ac5cf3ded163,3.6057e+08,700,3.6057
1658277760,AKROUSDT,Buy,217200,0.005152,PlusTick,cef870f5-ee05-5a1b-bac8-24225f564667,1.1190144e+11,217200,1119.0144
1658277766,AKROUSDT,Sell,24500,0.005152,ZeroMinusTick,d94849f6-22e6-50ef-9467-994165ecf9f3,1.26224e+10,24500,126.224
1658277766,AKROUSDT,Sell,24500,0.005152,ZeroMinusTick,e918f666-8646-5863-85b0-8d6f1d2a34b0,1.26224e+10,24500,126.224
1658277767,AKROUSDT,Sell,24500,0.005151,MinusTick,6fc8a5b1-82c1-5790-84b0-e3e5daae54e1,1.261995e+10,24500,126.1995
1658277767,AKROUSDT,Sell,24500,0.005151,ZeroMinusTick,de8ec646-65c0-5a0d-8105-9d7c3615ded4,1.261995e+10,24500,126.1995
1658277767,AKROUSDT,Sell,24500,0.005151,ZeroMinusTick,3b2c84d7-e195-5362-a154-c1b5ed543175,1.261995e+10,24500,126.1995
1658277767,AKROUSDT,Sell,24500,0.005151,ZeroMinusTick,5b068633-12b7-5431-9661-8aefb67a2df2,1.261995e+10,24500,126.1995
1658277813,AKROUSDT,Buy,1700,0.005153,PlusTick,9d4522a1-1819-5fc2-8dd5-84bd3ccaa5e8,8.7601e+08,1700,8.7601
1658277858,AKROUSDT,Sell,400,0.005144,MinusTick,3e035db7-c578-5e68-ba28-6db41c90321e,2.0576e+08,400,2.0576
1658277858,AKROUSDT,Sell,17100,0.005143,MinusTick,5fe4a785-bda1-5cfd-a6d6-6b7e47310e94,8.79453e+09,17100,87.9453
1658277993,AKROUSDT,Buy,400,0.005150,PlusTick,541dfc41-b638-5f04-a69e-201706ff9669,2.06e+08,400,2.06
1658277993,AKROUSDT,Sell,1100,0.005150,ZeroMinusTick,93228124-1ae9-5220-8603-b62b2b318a02,5.665e+08,1100,5.665
1658278060,AKROUSDT,Buy,100,0.005151,PlusTick,520ad5d6-ef0a-5179-9f9b-b3858b76a2dc,5.151e+07,100,0.5151
1658278109,AKROUSDT,Buy,400,0.005151,ZeroMinusTick,102bfa97-67d6-5bb2-8e0f-f4e62bda5e8e,2.0604e+08,400,2.0604
1658278151,AKROUSDT,Sell,400,0.005143,MinusTick,509cd8c8-35bc-59e0-bfca-ff966c34febd,2.0572e+08,400,2.0572
1658278151,AKROUSDT,Sell,5800,0.005142,MinusTick,fad43e3f-a25a-5fac-9b69-fa8dcac589da,2.98236e+09,5800,29.8236
1658278183,AKROUSDT,Sell,1900,0.005142,ZeroMinusTick,6d0e3ab2-94d7-5c54-a4dc-44ab8125fef9,9.7698e+08,1900,9.7698
1658278231,AKROUSDT,Sell,100,0.005141,MinusTick,914aa53d-706a-5470-84ca-4021d9dd8704,5.141e+07,100,0.5141
1658278263,AKROUSDT,Buy,400,0.005150,PlusTick,01db940f-548c-5735-851b-4bae7f37b707,2.06e+08,400,2.06
1658278263,AKROUSDT,Sell,700,0.005150,ZeroMinusTick,ff5ef849-b9af-520b-bf3a-358c9cc540ac,3.605e+08,700,3.605
1658278323,AKROUSDT,Sell,400,0.005143,MinusTick,2859c105-32e6-5564-98e6-badc4067e962,2.0572e+08,400,2.0572
1658278323,AKROUSDT,Buy,1300,0.005143,ZeroMinusTick,a118e374-5af5-5222-bcaa-8b5c24302e9b,6.6859e+08,1300,6.6859
1658278355,AKROUSDT,Buy,400,0.005150,PlusTick,6caed39c-d063-50cf-9c48-3bc0304a7854,2.06e+08,400,2.06
1658278355,AKROUSDT,Buy,3200,0.005151,PlusTick,d63a9f26-b563-5791-94cd-ef80318ef865,1.64832e+09,3200,16.4832
1658278453,AKROUSDT,Buy,2000,0.005151,ZeroMinusTick,fd31fa98-f79e-57b7-b5b7-11bddb2075eb,1.0302e+09,2000,10.302
1658278657,AKROUSDT,Sell,400,0.005144,MinusTick,64a3997b-fa7d-50b8-9fde-fc15db32d4f9,2.0576e+08,400,2.0576
1658278657,AKROUSDT,Sell,5800,0.005143,MinusTick,7b84e087-f4dc-5c6e-8eae-fba948a66642,2.98294e+09,5800,29.8294
1658278673,AKROUSDT,Sell,1300,0.005143,ZeroMinusTick,f27222b2-924d-5620-9a36-0ad1041167ca,6.6859e+08,1300,6.6859
1658278730,AKROUSDT,Buy,400,0.005150,PlusTick,8ca8552d-ec57-53fc-af39-93e04a3a424b,2.06e+08,400,2.06
1658278730,AKROUSDT,Buy,18800,0.005151,PlusTick,86c318bd-038c-5c7d-9d27-8bce8109aab4,9.68388e+09,18800,96.8388
1658278730,AKROUSDT,Buy,19500,0.005151,ZeroMinusTick,6c60be45-e8e4-51c4-b654-9f81a4ae1e2f,1.004445e+10,19500,100.4445
1658278730,AKROUSDT,Buy,24500,0.005153,PlusTick,50c12dbd-2f3c-5b2a-921c-1ebfa6500750,1.262485e+10,24500,126.24849999999999
1658278730,AKROUSDT,Buy,50000,0.005153,ZeroMinusTick,874764bb-e56e-5368-a1d2-709bb0752a42,2.5764999999999996e+10,50000,257.65
1658278740,AKROUSDT,Buy,24500,0.005155,PlusTick,e8d68f62-139d-56a1-bc73-851d50039435,1.262975e+10,24500,126.2975
1658278740,AKROUSDT,Buy,25100,0.005155,ZeroMinusTick,7a04a497-61a1-5410-b3aa-9f7011140012,1.293905e+10,25100,129.3905
1658278769,AKROUSDT,Buy,260000,0.005156,PlusTick,095f3cf5-931e-5598-9875-8f58958c61c7,1.34056e+11,260000,1340.56
1658278775,AKROUSDT,Buy,121300,0.005155,MinusTick,a284a0ca-43ad-57ca-b5c4-56b54b6d8131,6.253015e+10,121300,625.3015
1658278775,AKROUSDT,Buy,121300,0.005155,ZeroMinusTick,937d82e7-b07a-53c3-b45e-6d7e641e0f0a,6.253015e+10,121300,625.3015
1658278813,AKROUSDT,Sell,400,0.005145,MinusTick,7a311c64-685c-5ebb-bf92-b963659f1528,2.0580000000000003e+08,400,2.0580000000000003
1658278813,AKROUSDT,Buy,300,0.005145,ZeroMinusTick,115fb75e-ca58-5a26-8fb8-5d1b96dba967,1.5435e+08,300,1.5435
1658278860,AKROUSDT,Buy,400,0.005151,PlusTick,c3813b24-d940-57ff-8108-042f1f611394,2.0604e+08,400,2.0604
1658278860,AKROUSDT,Buy,24500,0.005152,PlusTick,e578df3a-4c5a-5d24-8f3d-655db9f77a26,1.26224e+10,24500,126.224
1658278913,AKROUSDT,Buy,24500,0.005153,PlusTick,9f39f073-b012-519e-b467-a21c8e983cd5,1.262485e+10,24500,126.24849999999999
1658278973,AKROUSDT,Sell,400,0.005149,MinusTick,c3ae82f3-b9b9-5426-ae54-7c63f7c3ed7e,2.0596e+08,400,2.0596
1658278973,AKROUSDT,Buy,400,0.005149,ZeroMinusTick,54ebd676-46a0-5dea-a348-165aca909ac3,2.0596e+08,400,2.0596
1658278979,AKROUSDT,Buy,5000,0.005154,PlusTick,3af30688-81ef-5d7f-9ecb-d923767b4e38,2.577e+09,5000,25.77
1658278994,AKROUSDT,Sell,24500,0.005154,ZeroMinusTick,992aca35-629f-58f7-8c7d-8cc1b6e3b399,1.26273e+10,24500,126.273
1658279016,AKROUSDT,Buy,400,0.005155,PlusTick,71a5ffad-962b-5b49-bfa5-a24d281cd20f,2.0619999999999997e+08,400,2.062
1658279016,AKROUSDT,Buy,4100,0.005156,PlusTick,9557e157-73d7-5fdc-8844-026c4d71575a,2.1139600000000002e+09,4100,21.1396
1658279044,AKROUSDT,Buy,20400,0.005156,ZeroMinusTick,180b06ed-97aa-5b3c-bea5-cf2bec9294d3,1.051824e+10,20400,105.1824
1658279044,AKROUSDT,Buy,260000,0.005157,PlusTick,0fea28f9-56a1-50ff-9094-f56058c35d0f,1.34082e+11,260000,1340.82
1658279044,AKROUSDT,Buy,212300,0.005157,ZeroMinusTick,866d2d5f-6867-51ec-bbc3-9198489ccb56,1.0948311000000002e+11,212300,1094.8311
1658279044,AKROUSDT,Buy,50000,0.005160,PlusTick,cc98afae-b1d5-558f-9522-e6c017e60f49,2.58e+10,50000,258
1658279044,AKROUSDT,Buy,131600,0.005160,ZeroMinusTick,bf6e690c-960c-55dc-9c7e-f2073b5efe20,6.790559999999999e+10,131600,679.0559999999999
1658279063,AKROUSDT,Buy,100,0.005159,MinusTick,be996da8-03eb-52af-af71-9fd469dce410,5.159e+07,100,0.5159
1658279223,AKROUSDT,Sell,400,0.005148,MinusTick,8ebc67b6-f5d4-5678-93c7-09f94d6911d7,2.0591999999999997e+08,400,2.0591999999999997
1658279223,AKROUSDT,Buy,300,0.005148,ZeroMinusTick,223c4886-a69c-5b92-9b9e-c56f2a9e035b,1.5444e+08,300,1.5444
1658279225,AKROUSDT,Sell,24500,0.005147,MinusTick,4c922956-cbba-5146-be42-0612d186a157,1.2610149999999998e+10,24500,126.10149999999999
1658279225,AKROUSDT,Sell,145700,0.005146,MinusTick,073eabf2-d9ec-57d2-9c43-e7d1bed672b4,7.497722000000002e+10,145700,749.7722000000001
1658279225,AKROUSDT,Sell,101700,0.005146,ZeroMinusTick,b9f48668-aef4-547c-bc18-ea63176a34e2,5.233482e+10,101700,523.3482
1658279363,AKROUSDT,Sell,300,0.005142,MinusTick,a5f58bbd-0a36-57eb-b5e7-2f1b84b939a0,1.5426e+08,300,1.5426
1658279454,AKROUSDT,Sell,24200,0.005142,ZeroMinusTick,266d3fd7-48f8-54ab-9c5e-2a290611f1ce,1.244364e+10,24200,124.43639999999999
1658279454,AKROUSDT,Sell,25400,0.005140,MinusTick,de73ae2f-5eea-5a6b-8091-b4bb43d1f5e1,1.3055599999999998e+10,25400,130.55599999999998
1658279463,AKROUSDT,Buy,400,0.005150,PlusTick,9f2b0014-5b03-5dad-90e7-a456ac74cd22,2.06e+08,400,2.06
1658279463,AKROUSDT,Sell,500,0.005150,ZeroMinusTick,ece472be-08c0-5281-81d8-0010e47f60b6,2.5750000000000003e+08,500,2.575
1658279653,AKROUSDT,Sell,400,0.005144,MinusTick,84a61ae8-425e-5fa0-a05a-20deaf6a292f,2.0576e+08,400,2.0576
1658279653,AKROUSDT,Buy,1200,0.005144,ZeroMinusTick,92b23c4c-1197-5aec-9a9f-df871f2381eb,6.1728e+08,1200,6.1728000000000005
1658279670,AKROUSDT,Buy,400,0.005144,ZeroMinusTick,12d1e70c-97c4-5051-b59c-c231c8d16040,2.0576e+08,400,2.0576
1658279670,AKROUSDT,Buy,45300,0.005145,PlusTick,9fb0c26b-bd80-5904-82c7-8ebadacc64d1,2.330685e+10,45300,233.0685
1658279670,AKROUSDT,Buy,98200,0.005145,ZeroMinusTick,6f4ff859-942e-5ec0-9aa2-c7f7f12b3cb8,5.05239e+10,98200,505.23900000000003
1658279670,AKROUSDT,Buy,74500,0.005146,PlusTick,18effa91-461f-5abc-95ae-4bb776775eb4,3.83377e+10,74500,383.377
1658279718,AKROUSDT,Buy,26300,0.005151,PlusTick,c9e2baa3-67e1-52cb-a60c-121ed61fcfa5,1.3547130000000002e+10,26300,135.4713
1658279718,AKROUSDT,Buy,27700,0.005151,ZeroMinusTick,7e66561b-69aa-5a2e-937c-4406d41c4129,1.4268270000000002e+10,27700,142.6827
1658279718,AKROUSDT,Buy,46700,0.005152,PlusTick,502ab21b-9ae8-5104-bf18-546dff2a8f0b,2.4059840000000004e+10,46700,240.59840000000003
1658279793,AKROUSDT,Sell,400,0.005145,MinusTick,d70dfd17-e728-5153-b010-e3b18cb5fda6,2.0580000000000003e+08,400,2.0580000000000003
1658279793,AKROUSDT,Buy,1200,0.005145,ZeroMinusTick,6682956a-7053-5a64-b47a-79a1e6fcc0dd,6.174e+08,1200,6.174
1658279797,AKROUSDT,Buy,400,0.005154,PlusTick,82014803-0f09-5e88-a93c-421e83a13cd5,2.0616e+08,400,2.0616
1658279873,AKROUSDT,Sell,300,0.005147,MinusTick,c7e39591-8aae-5eaf-852a-80da965d04b8,1.5440999999999997e+08,300,1.5440999999999998
1658279913,AKROUSDT,Buy,100,0.005155,PlusTick,8d0a5175-1cdd-5ac2-a875-165e275fbef4,5.154999999999999e+07,100,0.5155
1658279954,AKROUSDT,Buy,160300,0.005156,PlusTick,8ee6bdb1-0420-5681-ae11-88484e9e0677,8.265068e+10,160300,826.5068
1658279954,AKROUSDT,Buy,49800,0.005156,ZeroMinusTick,1af0f7f4-d60f-5a1d-b8ba-9a858bf9029e,2.567688e+10,49800,256.7688
1658279954,AKROUSDT,Buy,219300,0.005157,PlusTick,caec5c05-730d-594c-9221-6909cc0d40e9,1.1309301e+11,219300,1130.9301
1658279954,AKROUSDT,Buy,50000,0.005159,PlusTick,e03d3893-c766-51e8-89cf-aa6d4382962d,2.5795000000000004e+10,50000,257.95000000000005
1658279954,AKROUSDT,Buy,83900,0.005159,ZeroMinusTick,ad5a731b-ee92-516e-bf96-e5cbe45d6519,4.328401e+10,83900,432.8401
1658279954,AKROUSDT,Buy,133900,0.005159,ZeroMinusTick,2de41987-dfaa-5071-bcf9-2963bfa4d5e2,6.907901e+10,133900,690.7901
1658279954,AKROUSDT,Buy,5500,0.005159,ZeroMinusTick,3330a197-4c34-52e6-a607-55b8fdebb309,2.83745e+09,5500,28.3745
1658279954,AKROUSDT,Buy,45300,0.005160,PlusTick,8347c619-c0d1-5697-bb07-53850ab6c938,2.33748e+10,45300,233.748
1658279954,AKROUSDT,Buy,20200,0.005160,ZeroMinusTick,64023612-fb46-5506-9281-fda4a5c901f6,1.04232e+10,20200,104.232
1658279954,AKROUSDT,Buy,37000,0.005161,PlusTick,a251407c-acf5-5291-9f9f-60dda691d581,1.90957e+10,37000,190.957
1658279954,AKROUSDT,Buy,202600,0.005161,ZeroMinusTick,4b8cffee-276b-5b32-9e4f-34259497ab35,1.0456186e+11,202600,1045.6186
1658279966,AKROUSDT,Sell,100,0.005162,PlusTick,37d9ff48-88e7-5b36-9f59-a1f91dbdb857,5.162e+07,100,0.5162
1658279967,AKROUSDT,Sell,100,0.005162,ZeroMinusTick,794a12d3-18d6-557e-8de3-350158fb4971,5.162e+07,100,0.5162
1658279967,AKROUSDT,Sell,100,0.005162,ZeroMinusTick,4219c392-68f9-5dbf-ba9d-c94f939f7000,5.162e+07,100,0.5162
1658279968,AKROUSDT,Sell,100,0.005162,ZeroMinusTick,d5703c90-64e7-54b3-ae12-6b1e3da25e41,5.162e+07,100,0.5162
1658279968,AKROUSDT,Sell,100,0.005162,ZeroMinusTick,bf4094c4-8de2-543b-a326-50f6b7191c24,5.162e+07,100,0.5162
1658279968,AKROUSDT,Sell,100,0.005162,ZeroMinusTick,0ef06298-5650-5298-a0d4-4013dfff673f,5.162e+07,100,0.5162
1658279969,AKROUSDT,Sell,100,0.005162,ZeroMinusTick,a7faa1b7-f26d-54aa-9816-c8d16eebf622,5.162e+07,100,0.5162
1658279969,AKROUSDT,Sell,100,0.005162,ZeroMinusTick,133ea71a-e3cd-5280-95b0-bcabe7661661,5.162e+07,100,0.5162
1658279969,AKROUSDT,Sell,100,0.005162,ZeroMinusTick,87e9fe05-2b4e-5dc6-8a72-403a98ac8043,5.162e+07,100,0.5162
1658279970,AKROUSDT,Sell,100,0.005162,ZeroMinusTick,093f3e8e-9f29-5f56-809b-b40f25111ea1,5.162e+07,100,0.5162
1658279970,AKROUSDT,Sell,100,0.005162,ZeroMinusTick,89df3da7-71ad-551c-8a9d-bb0747bacec6,5.162e+07,100,0.5162
1658279970,AKROUSDT,Sell,100,0.005162,ZeroMinusTick,8c224b1c-31c1-5da1-9b42-7d3976bfb4e1,5.162e+07,100,0.5162
1658279971,AKROUSDT,Sell,100,0.005162,ZeroMinusTick,f0614437-ae9e-5872-9741-d10cbbae3a8a,5.162e+07,100,0.5162
1658279972,AKROUSDT,Sell,24500,0.005164,PlusTick,798ebc6d-1115-5dfd-9d69-791ca042057f,1.26518e+10,24500,126.518
1658279972,AKROUSDT,Sell,24500,0.005164,ZeroMinusTick,8fd96ea2-9f91-5eae-997a-9af4d38a41e4,1.26518e+10,24500,126.518
1658279972,AKROUSDT,Sell,24500,0.005163,MinusTick,9b565fb5-3d2b-59a4-9669-ef5d8cef99db,1.264935e+10,24500,126.4935
1658279973,AKROUSDT,Sell,400,0.005154,MinusTick,e49183b4-6706-586b-9b3d-81aebc9eebda,2.0616e+08,400,2.0616
1658279973,AKROUSDT,Buy,1500,0.005154,ZeroMinusTick,f38a4791-21b7-5241-bd1b-0d9c0aa061d5,7.731e+08,1500,7.731
1658279977,AKROUSDT,Buy,900,0.005162,PlusTick,c1ce8694-30ac-5f0f-a078-a66594d6d0b2,4.6457999999999994e+08,900,4.6457999999999995
1658279977,AKROUSDT,Buy,24500,0.005163,PlusTick,bf89bb35-e1bb-5074-a445-f28b1587157e,1.264935e+10,24500,126.4935
1658280007,AKROUSDT,Sell,24500,0.005162,MinusTick,dacefb4f-d360-5e04-9b83-94c758e812e2,1.26469e+10,24500,126.469
1658280039,AKROUSDT,Sell,214800,0.005161,MinusTick,447c3e64-870e-5fc7-bea5-074abbf8cc19,1.1085827999999998e+11,214800,1108.5828
1658280053,AKROUSDT,Buy,1700,0.005165,PlusTick,941d47d7-c5ab-58c8-a7db-05bbb1acf05f,8.7805e+08,1700,8.7805
1658280088,AKROUSDT,Buy,24500,0.005163,MinusTick,1c565b0a-a172-5dae-a926-7506fe97c8ed,1.264935e+10,24500,126.4935
1658280088,AKROUSDT,Buy,29800,0.005165,PlusTick,65304934-f44b-59ab-a3e5-6c14fc1fceb6,1.53917e+10,29800,153.917
1658280088,AKROUSDT,Buy,115400,0.005165,ZeroMinusTick,c534550a-35ca-573c-a22b-31d6374c92b8,5.960410000000001e+10,115400,596.041
1658280088,AKROUSDT,Sell,15600,0.005167,PlusTick,1cb819aa-26e7-5be5-87cb-e8a26978c34d,8.06052e+09,15600,80.6052
1658280088,AKROUSDT,Sell,293900,0.005167,ZeroMinusTick,e05c0241-044d-556f-8d90-53e766f0ab17,1.5185812999999997e+11,293900,1518.5812999999998
1658280088,AKROUSDT,Sell,48600,0.005167,ZeroMinusTick,3bad51b9-e7b7-5760-9ba0-324b934d76bf,2.511162e+10,48600,251.1162
1658280088,AKROUSDT,Sell,245300,0.005167,ZeroMinusTick,a7067c10-adff-5ff2-a70c-842dc744260f,1.2674650999999998e+11,245300,1267.4651
1658280088,AKROUSDT,Sell,14700,0.005167,ZeroMinusTick,9e3daf83-34a7-5236-a713-8bacab280fb6,7.595489999999999e+09,14700,75.9549
1658280089,AKROUSDT,Sell,24500,0.005162,MinusTick,f0585f13-65a1-519d-af30-ac994927f708,1.26469e+10,24500,126.469
1658280090,AKROUSDT,Buy,125900,0.005163,PlusTick,7b1b2363-1c41-5c51-b8b8-b6e59fb39ccc,6.500217e+10,125900,650.0217
1658280094,AKROUSDT,Sell,51900,0.005164,PlusTick,eb2752e7-887d-5528-9982-b8ac1c0f91e5,2.680116e+10,51900,268.0116
1658280097,AKROUSDT,Sell,24500,0.005163,MinusTick,93792a80-543b-5286-aa52-c631ce8c2f49,1.264935e+10,24500,126.4935
1658280104,AKROUSDT,Sell,24500,0.005163,ZeroMinusTick,d63139c4-42b0-5f84-ab8f-f920f968d28c,1.264935e+10,24500,126.4935
1658280159,AKROUSDT,Buy,24500,0.005161,MinusTick,a61bd4f6-e220-5158-9c17-243da7a3ff4b,1.264445e+10,24500,126.44449999999999
1658280159,AKROUSDT,Buy,5500,0.005161,ZeroMinusTick,71593e92-5b3d-5073-89f2-6b68a492ffdf,2.83855e+09,5500,28.3855
1658280159,AKROUSDT,Buy,5500,0.005161,ZeroMinusTick,84e90859-cd0b-5565-83c7-9439da1667e1,2.83855e+09,5500,28.3855
1658280159,AKROUSDT,Buy,24500,0.005161,ZeroMinusTick,64406db8-2839-55ae-9375-660f6ddd44fa,1.264445e+10,24500,126.44449999999999
1658280172,AKROUSDT,Sell,24500,0.005162,PlusTick,36d780d7-9983-54b0-8578-fddfd5ac859e,1.26469e+10,24500,126.469
1658280183,AKROUSDT,Sell,2000,0.005160,MinusTick,37319df3-03e8-5a78-974e-360c63bb4b10,1.0319999999999999e+09,2000,10.319999999999999
1658280293,AKROUSDT,Sell,1500,0.005155,MinusTick,b9d26710-aa33-5ff1-96c7-32d24871c77e,7.7325e+08,1500,7.7325
1658280371,AKROUSDT,Sell,24500,0.005162,PlusTick,e1953e2c-58b8-5d85-bbfa-2c61ef066f8a,1.26469e+10,24500,126.469
1658280375,AKROUSDT,Buy,24500,0.005166,PlusTick,1e3c30f3-a16b-50de-9525-a6b446ac27ca,1.26567e+10,24500,126.567
1658280375,AKROUSDT,Sell,24500,0.005162,MinusTick,b736b52b-9550-59cc-8590-21e7db5505df,1.26469e+10,24500,126.469
1658280375,AKROUSDT,Buy,383200,0.005167,PlusTick,a7f278f3-c983-50b8-b928-f55e450a4c57,1.9799943999999997e+11,383200,1979.9943999999998
1658280375,AKROUSDT,Buy,50000,0.005169,PlusTick,4f8b024b-6640-59a1-b895-53ab1a2c275e,2.5845e+10,50000,258.45
1658280375,AKROUSDT,Buy,26500,0.005167,MinusTick,f8ba6bf6-da79-5e40-9315-53c7801ffd0f,1.369255e+10,26500,136.9255
1658280377,AKROUSDT,Sell,260000,0.005168,PlusTick,3026bcc6-9497-5302-88d7-377aa73f76ff,1.34368e+11,260000,1343.68
1658280391,AKROUSDT,Sell,110700,0.005165,MinusTick,2aae8a95-4c88-5c9f-a197-fb403c879ee0,5.717655000000001e+10,110700,571.7655000000001
1658280400,AKROUSDT,Sell,223800,0.005165,ZeroMinusTick,1f5b2a6d-18d2-5870-ba93-90f8c2247a52,1.1559270000000002e+11,223800,1155.9270000000001
1658280413,AKROUSDT,Sell,300,0.005159,MinusTick,7c40f7d0-4ec1-5fa3-be2f-b8bdbf11f405,1.5477e+08,300,1.5477
1658280500,AKROUSDT,Buy,100,0.005164,PlusTick,c865b0d5-016f-5712-9430-271eb79eb6d1,5.164e+07,100,0.5164
1658280500,AKROUSDT,Buy,125800,0.005164,ZeroMinusTick,4fe56694-ea8d-5189-9532-564e119dd9fc,6.496312e+10,125800,649.6312
1658280502,AKROUSDT,Buy,100,0.005169,PlusTick,93db432f-7f7c-5b7d-bd5e-496a0b214180,5.169e+07,100,0.5169
1658280533,AKROUSDT,Buy,500,0.005169,ZeroMinusTick,1942aaef-d184-5b00-9073-edf71eb18cc6,2.5844999999999997e+08,500,2.5845
1658280608,AKROUSDT,Sell,254200,0.005169,ZeroMinusTick,012db8f9-1838-5611-a79d-683ec08bbf5f,1.3139598000000002e+11,254200,1313.9598
1658280608,AKROUSDT,Sell,5800,0.005169,ZeroMinusTick,2ed93cac-3660-5d01-878e-1fe69b85e3b9,2.99802e+09,5800,29.9802
1658280613,AKROUSDT,Buy,24500,0.005167,MinusTick,8d47bbc8-c697-5460-8d65-9d1a9d6fb061,1.265915e+10,24500,126.5915
1658280633,AKROUSDT,Buy,10000,0.005168,PlusTick,de5f1c77-3447-505b-9b8a-486fc27f898e,5.168e+09,10000,51.68
1658280651,AKROUSDT,Buy,24500,0.005166,MinusTick,b2082366-8afa-5cf4-85fd-0bc0311a5b0f,1.26567e+10,24500,126.567
1658280678,AKROUSDT,Buy,82700,0.005166,ZeroMinusTick,819eec60-6499-553a-adf3-a0b54c147434,4.272281999999999e+10,82700,427.22819999999996
1658280682,AKROUSDT,Buy,13600,0.005168,PlusTick,d9e85b33-4435-527b-83fb-3e7d0c95eccc,7.02848e+09,13600,70.2848
1658280682,AKROUSDT,Buy,10900,0.005168,ZeroMinusTick,28540cba-2f88-5bfa-8a30-2f8c45dbe609,5.63312e+09,10900,56.331199999999995
1658280682,AKROUSDT,Buy,400,0.005170,PlusTick,9d13b5f6-3e85-5812-a5eb-e0f4c83e1947,2.068e+08,400,2.068
1658280682,AKROUSDT,Buy,5500,0.005172,PlusTick,1da55dd7-3619-5f89-9105-e587ae0b38d7,2.8446e+09,5500,28.446
1658280682,AKROUSDT,Buy,200900,0.005176,PlusTick,ae6808f2-c255-53c2-b03e-485bf04bc2a7,1.0398584e+11,200900,1039.8584
1658280682,AKROUSDT,Sell,24500,0.005181,PlusTick,6529ddd6-3737-5b56-9e38-5f2de9192e97,1.269345e+10,24500,126.9345
1658280682,AKROUSDT,Sell,260000,0.005180,MinusTick,94bf05f2-c180-5023-9935-afc68c1b9618,1.3468e+11,260000,1346.8
1658280682,AKROUSDT,Sell,24500,0.005180,ZeroMinusTick,43096d40-3508-55b2-88b3-5dbc63374e32,1.2691e+10,24500,126.91
1658280682,AKROUSDT,Sell,260000,0.005179,MinusTick,d313dba4-a535-54c6-8465-68cad476632d,1.34654e+11,260000,1346.54
1658280682,AKROUSDT,Sell,24500,0.005179,ZeroMinusTick,254ba4db-b80d-576a-82b0-5bd75317e8d8,1.268855e+10,24500,126.8855
1658280683,AKROUSDT,Sell,24500,0.005178,MinusTick,99058abb-8bd0-5ff7-90ee-97320a286154,1.26861e+10,24500,126.861
1658280683,AKROUSDT,Sell,119800,0.005176,MinusTick,7b684911-ef10-5e16-a5b6-335721cd111d,6.200848e+10,119800,620.0848
1658280683,AKROUSDT,Sell,119800,0.005176,ZeroMinusTick,f78272bb-2a9a-5662-9af6-0eba07dcd3f4,6.200848e+10,119800,620.0848
1658280683,AKROUSDT,Sell,20400,0.005176,ZeroMinusTick,a6a650f9-03fa-5b0c-934b-b487664c2998,1.055904e+10,20400,105.5904
1658280803,AKROUSDT,Sell,400,0.005169,MinusTick,291fa876-ec98-5f3a-900d-30480c66cb6b,2.0676e+08,400,2.0676
1658280879,AKROUSDT,Sell,125900,0.005172,PlusTick,5cb66f99-266b-52bf-83b5-adc8e5036b1c,6.511548e+10,125900,651.1548
1658280879,AKROUSDT,Sell,24500,0.005171,MinusTick,a727b809-339d-5166-af97-b58783ae76b4,1.2668950000000002e+10,24500,126.68950000000001
1658280883,AKROUSDT,Buy,10000,0.005173,PlusTick,a466ed77-63fb-5e2e-ac8d-e4e258ff9816,5.173e+09,10000,51.73
1658280983,AKROUSDT,Sell,1300,0.005166,MinusTick,ed5c5b2d-847c-5386-a1f7-f371cfb89fb8,6.7158e+08,1300,6.7158
1658281012,AKROUSDT,Buy,125900,0.005171,PlusTick,d0311374-f9a9-573e-aa07-ff9c85572f16,6.510289e+10,125900,651.0289
1658281047,AKROUSDT,Buy,13000,0.005177,PlusTick,a1a4ca4d-8f05-5257-b45f-0d5e3486d3c5,6.7301e+09,13000,67.301
1658281053,AKROUSDT,Sell,13700,0.005170,MinusTick,fa0ba887-8602-5a26-91cf-ce37312caa82,7.082900000000001e+09,13700,70.82900000000001
1658281085,AKROUSDT,Sell,194900,0.005170,ZeroMinusTick,65cedd17-ccb4-58e5-a6e2-569d798272e9,1.007633e+11,194900,1007.633
1658281085,AKROUSDT,Sell,51400,0.005170,ZeroMinusTick,072d25e1-ff4b-5bc1-893e-136ef883ebe9,2.65738e+10,51400,265.738
1658281085,AKROUSDT,Sell,113000,0.005170,ZeroMinusTick,313bac3e-2589-5a66-bb5f-3b3f01712dc4,5.8421e+10,113000,584.21
1658281085,AKROUSDT,Sell,31000,0.005170,ZeroMinusTick,148720ef-4644-5892-8241-5e96bc8b04e9,1.6027000000000002e+10,31000,160.27
1658281085,AKROUSDT,Sell,18900,0.005170,ZeroMinusTick,086651ae-0114-590e-8be0-644a71f91f24,9.7713e+09,18900,97.71300000000001
1658281085,AKROUSDT,Sell,112600,0.005169,MinusTick,274fede9-9c16-5b38-ab35-5564b8f1a084,5.820294e+10,112600,582.0294
1658281085,AKROUSDT,Sell,152000,0.005169,ZeroMinusTick,166f1c15-36d3-56f2-83e3-849469c19a76,7.85688e+10,152000,785.688
1658281085,AKROUSDT,Sell,14500,0.005165,MinusTick,05b49392-fe96-5a6e-a007-3950c2a9481c,7.48925e+09,14500,74.8925
1658281085,AKROUSDT,Sell,165700,0.005165,ZeroMinusTick,9fa4dfbf-0ce5-55e2-b080-5f7c320cfc15,8.558405e+10,165700,855.8405
1658281085,AKROUSDT,Sell,100,0.005164,MinusTick,4ec64d71-6007-5b6e-becb-9e0538fdd18a,5.164e+07,100,0.5164
1658281085,AKROUSDT,Sell,700,0.005164,ZeroMinusTick,2d7e3210-f53a-5f15-9545-d9f97d36f9ee,3.6148e+08,700,3.6148000000000002
1658281113,AKROUSDT,Buy,1500,0.005171,PlusTick,dc4112e8-b460-507a-92ac-9871b84bb2aa,7.7565e+08,1500,7.7565
1658281213,AKROUSDT,Buy,400,0.005172,PlusTick,7a891659-3a11-5c6e-a9b6-20e097043419,2.0688e+08,400,2.0688
1658281234,AKROUSDT,Buy,103500,0.005164,MinusTick,aa152c3b-0f9f-5b52-aa9d-40ea970b59b2,5.344740000000001e+10,103500,534.474
1658281234,AKROUSDT,Buy,110600,0.005164,ZeroMinusTick,bfd7a75d-d37d-56e9-95b3-fd498c639f31,5.711384000000001e+10,110600,571.1384
1658281234,AKROUSDT,Buy,45900,0.005164,ZeroMinusTick,be63a44e-73b5-5e45-a78e-ea42d5617e36,2.370276e+10,45900,237.0276
1658281235,AKROUSDT,Buy,260000,0.005164,ZeroMinusTick,cf7fc5b4-549c-560c-9e51-1119f79fc46b,1.3426400000000002e+11,260000,1342.64
1658281292,AKROUSDT,Buy,260000,0.005164,ZeroMinusTick,e88318ca-db7e-5b2c-8da0-bd79331589da,1.3426400000000002e+11,260000,1342.64
1658281323,AKROUSDT,Buy,1200,0.005170,PlusTick,9bce6f83-615f-505a-8137-0cc584b5f916,6.204e+08,1200,6.204
1658281343,AKROUSDT,Buy,83200,0.005163,MinusTick,97386104-b5a1-57ac-b8af-f0b7e079d07c,4.295616e+10,83200,429.5616
1658281343,AKROUSDT,Buy,84100,0.005163,ZeroMinusTick,6374f4e0-2b56-5bad-8540-8082797cdfd4,4.342083e+10,84100,434.2083
1658281343,AKROUSDT,Buy,92700,0.005163,ZeroMinusTick,e21d64b9-929c-54a7-87f1-249a472c477f,4.786101e+10,92700,478.6101
1658281343,AKROUSDT,Buy,78500,0.005163,ZeroMinusTick,dd80af2e-dff3-52cd-8f8a-36c61e01fce8,4.052955e+10,78500,405.2955
1658281343,AKROUSDT,Buy,87100,0.005163,ZeroMinusTick,b1d9f371-82b4-5d58-8f38-0fcad1c77300,4.496973e+10,87100,449.6973
1658281343,AKROUSDT,Buy,87100,0.005163,ZeroMinusTick,800329d6-2c5f-548e-a1e9-5cec3c76dc8d,4.496973e+10,87100,449.6973
1658281343,AKROUSDT,Buy,7300,0.005163,ZeroMinusTick,f82bcfb3-53f3-5ed0-aded-275c36e03622,3.76899e+09,7300,37.6899
1658281430,AKROUSDT,Buy,260000,0.005163,ZeroMinusTick,9831be2e-5baf-5420-958f-0e63d692b61a,1.3423800000000002e+11,260000,1342.38
1658281430,AKROUSDT,Buy,194600,0.005168,PlusTick,98d5ccee-9683-5d54-b3a1-6f07a3467ba1,1.0056927999999998e+11,194600,1005.6927999999999
1658281457,AKROUSDT,Buy,260000,0.005170,PlusTick,c91671d7-2729-5b91-9bd0-465db2ec919c,1.3442e+11,260000,1344.2
1658281458,AKROUSDT,Buy,260000,0.005170,ZeroMinusTick,55eed570-e1b2-5cea-988d-7c68b080a52e,1.3442e+11,260000,1344.2
1658281458,AKROUSDT,Buy,260000,0.005170,ZeroMinusTick,1abdf717-64bd-5f94-8133-45eff18aac91,1.3442e+11,260000,1344.2
1658281458,AKROUSDT,Buy,189800,0.005176,PlusTick,c67944b1-d503-5bca-a88f-a0ed1c171e0e,9.824048e+10,189800,982.4048
1658281458,AKROUSDT,Buy,45300,0.005176,ZeroMinusTick,d42c121a-35aa-5508-84dc-ac4f3baf8132,2.344728e+10,45300,234.4728
1658281458,AKROUSDT,Buy,20200,0.005176,ZeroMinusTick,e1c421f5-6ded-5631-84fe-ab2cb82ce6a4,1.045552e+10,20200,104.5552
1658281458,AKROUSDT,Buy,37000,0.005177,PlusTick,508da806-bcaf-5a40-8044-a7afc166a4bd,1.91549e+10,37000,191.549
1658281458,AKROUSDT,Buy,58200,0.005177,ZeroMinusTick,70f3cee5-f342-585e-9125-671079181f11,3.013014e+10,58200,301.3014
1658281458,AKROUSDT,Buy,144400,0.005177,ZeroMinusTick,d1725347-4cb5-52ba-963a-a98dd78e6f69,7.475588e+10,144400,747.5588
1658281458,AKROUSDT,Buy,47400,0.005178,PlusTick,a5b1e0a0-74c9-5a6f-9583-2b3173b6115e,2.454372e+10,47400,245.43720000000002
1658281458,AKROUSDT,Buy,24500,0.005179,PlusTick,96016113-b87c-5b4c-8070-563bda366589,1.268855e+10,24500,126.8855
1658281473,AKROUSDT,Buy,1200,0.005180,PlusTick,3a8f41df-c362-5157-9258-876af4e151e4,6.215999999999999e+08,1200,6.215999999999999
1658281477,AKROUSDT,Sell,400,0.005172,MinusTick,650da832-9800-5608-8fac-421be5d3d6c3,2.0688e+08,400,2.0688
1658281477,AKROUSDT,Sell,203200,0.005171,MinusTick,0f21c8ae-15a1-5804-b200-70144b86c71d,1.0507472e+11,203200,1050.7472
1658281533,AKROUSDT,Sell,1200,0.005167,MinusTick,5a3864d2-c8ce-50aa-8f41-4f7a4f5b2f98,6.200399999999999e+08,1200,6.200399999999999
1658281608,AKROUSDT,Buy,400,0.005173,PlusTick,3f75d01a-4001-50a8-b107-ef97381b6b8f,2.0692e+08,400,2.0692
1658281609,AKROUSDT,Buy,260000,0.005174,PlusTick,6d814aee-8248-5121-99ae-e47f56824e5b,1.34524e+11,260000,1345.24
1658281610,AKROUSDT,Buy,170000,0.005177,PlusTick,5e3f5f7c-ace7-5827-8f7e-566ec55f9a01,8.8009e+10,170000,880.09
1658281613,AKROUSDT,Sell,260000,0.005190,PlusTick,a5d8a4df-7768-56d5-97d7-4cbe89ac0038,1.3494000000000002e+11,260000,1349.4
1658281617,AKROUSDT,Buy,100,0.005192,PlusTick,2f9c8a63-0981-52b2-b371-136e0d62dc47,5.192e+07,100,0.5192
1658281617,AKROUSDT,Sell,260000,0.005200,PlusTick,a047c550-f8b5-5ef3-96af-47ea9d3b931b,1.352e+11,260000,1352
1658281617,AKROUSDT,Buy,13700,0.005208,PlusTick,4899e5e1-9690-554b-a859-cd860ac24198,7.13496e+09,13700,71.3496
1658281618,AKROUSDT,Sell,260000,0.005200,MinusTick,02b44027-c0c9-5d5d-8bd6-5d8c22c992cd,1.352e+11,260000,1352
1658281618,AKROUSDT,Sell,400,0.005201,PlusTick,977b3f2a-01c6-5a74-86a2-eaa3c59ce347,2.0804e+08,400,2.0804
1658281679,AKROUSDT,Buy,100,0.005205,PlusTick,bfc91672-9849-5e81-bf0a-ffb92be4a92f,5.205000000000001e+07,100,0.5205000000000001
1658281694,AKROUSDT,Buy,100,0.005205,ZeroMinusTick,0f96dc45-b434-5895-9c69-2fc859bdae52,5.205000000000001e+07,100,0.5205000000000001
1658281713,AKROUSDT,Buy,200,0.005205,ZeroMinusTick,35984fba-203d-5395-b1ce-6667417c050c,1.0410000000000001e+08,200,1.0410000000000001
1658281713,AKROUSDT,Sell,1100,0.005205,ZeroMinusTick,6d2c13e6-937f-54d3-b559-2c99f905c3fd,5.7255e+08,1100,5.7255
1658281790,AKROUSDT,Buy,12800,0.005206,PlusTick,deb7109b-87f8-565e-9585-542e1f4ffa0a,6.663679999999999e+09,12800,66.6368
1658281803,AKROUSDT,Buy,1000,0.005206,ZeroMinusTick,d849ba49-7d3f-53fd-88fb-89c459a760c2,5.2059999999999994e+08,1000,5.2059999999999995
1658281859,AKROUSDT,Buy,100,0.005206,ZeroMinusTick,47cdcd08-f350-5eae-b8f5-ea2c97f75cad,5.205999999999999e+07,100,0.5206
1658281861,AKROUSDT,Buy,100,0.005206,ZeroMinusTick,62a6e44a-b443-5157-b4af-fba24296d32b,5.205999999999999e+07,100,0.5206
1658281884,AKROUSDT,Sell,100,0.005201,MinusTick,6a881628-27b5-54b1-93b2-5da1131bd02c,5.201e+07,100,0.5201
1658281884,AKROUSDT,Sell,300,0.005201,ZeroMinusTick,f5ab43b1-ab4c-555d-8c68-75709f2b7985,1.5603e+08,300,1.5603
1658281884,AKROUSDT,Sell,24500,0.005200,MinusTick,9d2b0758-42bc-5196-b41a-c74005d9fe39,1.274e+10,24500,127.39999999999999
1658281943,AKROUSDT,Sell,100,0.005188,MinusTick,6876f166-2173-5f04-8081-244a276a8f18,5.188000000000001e+07,100,0.5188
1658282123,AKROUSDT,Sell,2000,0.005188,ZeroMinusTick,4d8e47dc-8411-5fa0-8941-894159d64951,1.0376e+09,2000,10.376
1658282274,AKROUSDT,Buy,400,0.005196,PlusTick,e4662900-7e2a-50e9-9bb0-1fdcc08e3d1a,2.0784000000000003e+08,400,2.0784000000000002
1658282274,AKROUSDT,Buy,14900,0.005197,PlusTick,88864163-5d3f-5da4-b4f8-65b869abe874,7.74353e+09,14900,77.4353
1658282279,AKROUSDT,Buy,15300,0.005197,ZeroMinusTick,1af0d7f8-4fee-50c8-b505-77b6f0c59b95,7.95141e+09,15300,79.5141
1658282323,AKROUSDT,Sell,100,0.005189,MinusTick,c9af2127-b337-51cb-9c99-4b594d85a23a,5.189e+07,100,0.5189
1658282393,AKROUSDT,Sell,400,0.005189,ZeroMinusTick,f88d7207-b411-5720-8425-5e7fefb04a50,2.0756e+08,400,2.0756
1658282393,AKROUSDT,Sell,600,0.005189,ZeroMinusTick,0e58bd1e-a4e9-512f-ac8f-ca061864d892,3.1134e+08,600,3.1134
1658282454,AKROUSDT,Sell,89600,0.005194,PlusTick,34ad95dd-b7ae-5627-865b-ffc292fb0527,4.653823999999999e+10,89600,465.38239999999996
1658282454,AKROUSDT,Sell,84500,0.005194,ZeroMinusTick,d965e452-c982-5622-80ab-a52e2989eb72,4.38893e+10,84500,438.893
1658282454,AKROUSDT,Sell,85900,0.005194,ZeroMinusTick,e7c0c025-7536-5cd1-80c3-28747af80477,4.461646e+10,85900,446.1646
1658282455,AKROUSDT,Buy,500,0.005194,ZeroMinusTick,c8d8080d-1107-5ede-8367-6968fe233f54,2.597e+08,500,2.597
1658282455,AKROUSDT,Buy,24500,0.005195,PlusTick,c3976454-b814-56fc-b05e-26adb3062fd4,1.272775e+10,24500,127.2775
1658282459,AKROUSDT,Sell,82200,0.005197,PlusTick,a2717137-bf2b-514c-af6b-071f30bfedca,4.271934e+10,82200,427.1934
1658282459,AKROUSDT,Sell,78800,0.005197,ZeroMinusTick,c0fa8508-f409-52b7-a902-3a7e9ecc918a,4.095236000000001e+10,78800,409.52360000000004
1658282459,AKROUSDT,Sell,78800,0.005197,ZeroMinusTick,4ac18e77-dc6c-5368-8ff4-d4383a4eec33,4.095236000000001e+10,78800,409.52360000000004
1658282459,AKROUSDT,Sell,20200,0.005197,ZeroMinusTick,dcb33d46-4271-5900-8ea7-ff615b929521,1.049794e+10,20200,104.9794
1658282468,AKROUSDT,Buy,23400,0.005197,ZeroMinusTick,89ca6824-bac9-5efa-8b38-c00da78cbee7,1.216098e+10,23400,121.6098
1658282491,AKROUSDT,Sell,238300,0.005190,MinusTick,67d1895b-a99e-5c20-9e2e-528b524ffa40,1.236777e+11,238300,1236.777
1658282491,AKROUSDT,Sell,260000,0.005190,ZeroMinusTick,3a66d87e-8886-55a8-be9f-92e0f4a7a82e,1.3494000000000002e+11,260000,1349.4
1658282491,AKROUSDT,Sell,260000,0.005190,ZeroMinusTick,feddaf87-d259-5fe5-8d59-2d13d5366024,1.3494000000000002e+11,260000,1349.4
1658282512,AKROUSDT,Sell,260000,0.005194,PlusTick,0840a009-94f0-55d5-b89a-d61b2e31d626,1.35044e+11,260000,1350.44
1658282633,AKROUSDT,Buy,2000,0.005195,PlusTick,0f0e3f83-3e5b-5fed-b868-381dfcf74f34,1.039e+09,2000,10.39
1658282763,AKROUSDT,Buy,600,0.005195,ZeroMinusTick,99f34a3e-a10f-540f-9e77-29eaf2a91f14,3.117e+08,600,3.117
1658282783,AKROUSDT,Sell,100,0.005190,MinusTick,45370af7-80fd-5f78-a21f-ac90b0f2f4d7,5.19e+07,100,0.519
1658282956,AKROUSDT,Buy,100,0.005186,MinusTick,ab06d97a-cff7-507c-ac92-22e158f44985,5.185999999999999e+07,100,0.5186
1658282956,AKROUSDT,Buy,84400,0.005186,ZeroMinusTick,724efcfe-fb9f-5f10-a23c-981f79fd8bef,4.376984e+10,84400,437.6984
1658282956,AKROUSDT,Buy,177600,0.005186,ZeroMinusTick,0d4f3a1b-e15d-567c-b741-72a68e2b387d,9.210336e+10,177600,921.0336
1658282956,AKROUSDT,Buy,34400,0.005187,PlusTick,0546bba9-5e83-50b2-957e-35f56832253d,1.784328e+10,34400,178.4328
1658282963,AKROUSDT,Buy,300,0.005194,PlusTick,68ceda54-9d51-5e22-a80e-2da2d3b2b2e1,1.5582e+08,300,1.5582
1658283083,AKROUSDT,Sell,400,0.005186,MinusTick,8365a9ca-532d-597b-b4a8-73bf192610ab,2.0743999999999997e+08,400,2.0744
1658283083,AKROUSDT,Buy,1500,0.005186,ZeroMinusTick,6d137917-861d-57c1-9685-f3229090dc65,7.778999999999999e+08,1500,7.778999999999999
1658283178,AKROUSDT,Sell,1500,0.005186,ZeroMinusTick,38fafe1b-bde5-5a45-bcc5-784b4e61fcaf,7.778999999999999e+08,1500,7.778999999999999
1658283178,AKROUSDT,Buy,48500,0.005186,ZeroMinusTick,57562acf-328a-5063-8a52-d38436d40423,2.51521e+10,48500,251.521
1658283263,AKROUSDT,Buy,400,0.005196,PlusTick,79340ddb-e09f-5c1e-bdae-e214fb3baf5b,2.0784000000000003e+08,400,2.0784000000000002
1658283263,AKROUSDT,Sell,800,0.005196,ZeroMinusTick,bebdbe16-f02e-58d1-80d8-32ef93e3da4b,4.1568000000000006e+08,800,4.1568000000000005
1658283433,AKROUSDT,Buy,1600,0.005197,PlusTick,25f64968-d417-5c57-8e80-051db4606a6a,8.315200000000001e+08,1600,8.3152
1658283613,AKROUSDT,Sell,400,0.005186,MinusTick,f5715334-6983-50e2-94bb-86298a4fd960,2.0743999999999997e+08,400,2.0744
1658283613,AKROUSDT,Buy,1000,0.005186,ZeroMinusTick,532a3104-4489-57eb-8784-8e33c82b283b,5.186e+08,1000,5.186
1658283773,AKROUSDT,Buy,400,0.005194,PlusTick,88b022de-ea2b-50b4-ad3a-17ad76ab08af,2.0776e+08,400,2.0776
1658283773,AKROUSDT,Buy,24500,0.005195,PlusTick,3ce55d12-221c-5119-bc5c-43d4ed9b375f,1.272775e+10,24500,127.2775
1658283773,AKROUSDT,Buy,24500,0.005193,MinusTick,661ff86c-65fd-5210-a185-e923e07a4a97,1.272285e+10,24500,127.2285
1658283773,AKROUSDT,Buy,15500,0.005196,PlusTick,862e900a-a240-52fa-a4a6-1b84f0064de7,8.0538e+09,15500,80.538
1658283777,AKROUSDT,Buy,24500,0.005192,MinusTick,a0f79d0b-1617-5893-b79b-f7a4d00f9131,1.27204e+10,24500,127.204
1658283779,AKROUSDT,Buy,24500,0.005191,MinusTick,9415cdda-d5e9-57d2-9e8e-c87151292245,1.271795e+10,24500,127.1795
1658283782,AKROUSDT,Buy,24500,0.005188,MinusTick,de632dfd-3c6b-54f0-82c4-f7133e6c0480,1.27106e+10,24500,127.106
1658283783,AKROUSDT,Buy,21600,0.005194,PlusTick,a586a1c4-9adc-5099-9224-23519f1962ef,1.121904e+10,21600,112.1904
1658283813,AKROUSDT,Sell,400,0.005187,MinusTick,814b3a40-4492-5c02-bc05-55fb1c20fd8e,2.0747999999999997e+08,400,2.0747999999999998
1658283813,AKROUSDT,Buy,200,0.005187,ZeroMinusTick,e54f89db-f193-5ee9-bd86-2f3fd5c96309,1.0373999999999999e+08,200,1.0373999999999999
1658283923,AKROUSDT,Sell,1600,0.005187,ZeroMinusTick,6f49f68d-2bf4-5f8a-9a97-8adeba1de370,8.299199999999999e+08,1600,8.299199999999999
1658283971,AKROUSDT,Sell,22900,0.005187,ZeroMinusTick,40ce9fc5-8612-5be8-8571-e17e31d2979f,1.187823e+10,22900,118.78229999999999
1658283971,AKROUSDT,Sell,22700,0.005187,ZeroMinusTick,e78cbe8f-7cd9-5bd5-b1be-ed39e30a02e2,1.177449e+10,22700,117.7449
1658283971,AKROUSDT,Sell,1000,0.005186,MinusTick,6e7e4498-859d-5119-b394-39b94270eb3b,5.186e+08,1000,5.186
1658283971,AKROUSDT,Sell,24500,0.005185,MinusTick,7ace88f9-4d20-5302-bebd-2a8e28ce64d6,1.2703250000000002e+10,24500,127.03250000000001
1658283971,AKROUSDT,Sell,231000,0.005184,MinusTick,a1af79d7-8b71-5a73-9e69-e5f683dfcf11,1.1975040000000002e+11,231000,1197.5040000000001
1658283971,AKROUSDT,Sell,210000,0.005183,MinusTick,c8744df7-3766-55c3-8b63-8a3a896c02b1,1.08843e+11,210000,1088.43
1658283971,AKROUSDT,Sell,185600,0.005178,MinusTick,c3481148-a5ef-53a8-a52b-e73aba1bcff2,9.610368000000002e+10,185600,961.0368000000001
1658283975,AKROUSDT,Sell,109800,0.005190,PlusTick,dce35be9-16c6-52d4-ad86-a7e421d09601,5.69862e+10,109800,569.862
1658283975,AKROUSDT,Sell,109800,0.005190,ZeroMinusTick,231757e7-a2aa-5c3f-98f9-db862d443001,5.69862e+10,109800,569.862
1658283975,AKROUSDT,Sell,40400,0.005190,ZeroMinusTick,9ec624c6-f8d3-5dc3-bf1f-e5e125e087d8,2.09676e+10,40400,209.67600000000002
1658284047,AKROUSDT,Buy,400,0.005194,PlusTick,1127130f-07fa-5f4f-9d4e-76204b6c90b5,2.0776e+08,400,2.0776
1658284047,AKROUSDT,Buy,24500,0.005195,PlusTick,a12e97ff-b5fa-5ecd-b5ff-179e54284c55,1.272775e+10,24500,127.2775
1658284047,AKROUSDT,Buy,2200,0.005198,PlusTick,930bae0b-5ae1-5c9b-8cef-633ea9c563f6,1.14356e+09,2200,11.4356
1658284063,AKROUSDT,Buy,500,0.005195,MinusTick,490fa02a-3436-5866-a5f4-a90a6461cc6c,2.5975e+08,500,2.5975
1658284122,AKROUSDT,Sell,125900,0.005192,MinusTick,9b1af884-955b-59c0-97e1-67e753fb57c5,6.536727999999999e+10,125900,653.6727999999999
1658284122,AKROUSDT,Sell,102900,0.005192,ZeroMinusTick,5b558f08-741d-55b4-8003-1bff820b31c4,5.342568e+10,102900,534.2568
1658284179,AKROUSDT,Buy,24500,0.005193,PlusTick,d54fa9a6-3d98-5886-9668-e879e0575349,1.272285e+10,24500,127.2285
1658284179,AKROUSDT,Buy,57400,0.005196,PlusTick,1013a573-4ffd-5f72-8ae0-bbc3f700f4ba,2.982504e+10,57400,298.2504
1658284213,AKROUSDT,Buy,1500,0.005195,MinusTick,37718b95-581d-5b88-b7a4-1bd2d9be3711,7.7925e+08,1500,7.7924999999999995
1658284383,AKROUSDT,Sell,100,0.005190,MinusTick,548b9226-73ba-53a5-9b0f-f1514038ab95,5.19e+07,100,0.519
1658284458,AKROUSDT,Buy,153800,0.005196,PlusTick,07c1ef40-cc52-5b00-978a-1450568cb9f2,7.991448e+10,153800,799.1448
1658284458,AKROUSDT,Buy,179000,0.005198,PlusTick,db603d13-5ccf-54c2-9173-3b2dc1785778,9.304420000000002e+10,179000,930.4420000000001
1658284458,AKROUSDT,Buy,200000,0.005200,PlusTick,ec3f7ad7-9fd8-586c-89c5-24a5529ce29f,1.04e+11,200000,1040
1658284563,AKROUSDT,Sell,900,0.005196,MinusTick,846ae422-03fe-5f61-b805-8c96f2fb774d,4.6764e+08,900,4.6764
1658284620,AKROUSDT,Sell,24500,0.005201,PlusTick,2c6832b8-4053-54b0-8ba6-9b6d1e65d3f8,1.274245e+10,24500,127.4245
1658284621,AKROUSDT,Sell,61100,0.005201,ZeroMinusTick,cc85669b-3e22-5b5c-ac10-cf8cd206fdb4,3.1778109999999996e+10,61100,317.7811
1658284624,AKROUSDT,Buy,24500,0.005203,PlusTick,4c200cfd-d58e-5d3e-beb5-0d99ea6075f6,1.274735e+10,24500,127.4735
1658284624,AKROUSDT,Buy,25500,0.005204,PlusTick,6997ed8d-08d4-59ed-b124-e31e81615e54,1.32702e+10,25500,132.702
1658284753,AKROUSDT,Sell,400,0.005198,MinusTick,39ba78d3-c724-5998-8940-66dcd594a1cb,2.0792000000000003e+08,400,2.0792
1658284773,AKROUSDT,Buy,24500,0.005205,PlusTick,668ccf9d-8a85-5822-98ec-64e453504dfb,1.275225e+10,24500,127.52250000000001
1658284773,AKROUSDT,Buy,3600,0.005207,PlusTick,63f38922-5040-54a3-adac-f18780e5a968,1.87452e+09,3600,18.7452
1658284863,AKROUSDT,Buy,2000,0.005206,MinusTick,9ab05554-4b09-51f8-8478-b015618dd142,1.0411999999999999e+09,2000,10.411999999999999
1658284898,AKROUSDT,Sell,24500,0.005200,MinusTick,5dec7248-61a8-504a-814a-6294d5a690a0,1.274e+10,24500,127.39999999999999
1658284898,AKROUSDT,Sell,94200,0.005200,ZeroMinusTick,ac8c1714-38a3-5512-99f1-7764729c750a,4.8984e+10,94200,489.84
1658284907,AKROUSDT,Sell,24500,0.005200,ZeroMinusTick,3dce6a80-4013-5b5d-b447-a8ea29454d8e,1.274e+10,24500,127.39999999999999
1658284908,AKROUSDT,Sell,24500,0.005200,ZeroMinusTick,c07e529a-d0b7-5d1f-ad79-bc53bba6e7c8,1.274e+10,24500,127.39999999999999
1658284948,AKROUSDT,Buy,24500,0.005200,ZeroMinusTick,a5d7758b-fbaa-586a-b876-8ff3fc1dd510,1.274e+10,24500,127.39999999999999
1658284983,AKROUSDT,Buy,22500,0.005206,PlusTick,abc98e80-21a8-591d-a07f-ec9ada070dae,1.17135e+10,22500,117.13499999999999
1658284983,AKROUSDT,Buy,200000,0.005208,PlusTick,3b072c4a-9f02-5a15-8959-b0318e880e13,1.0415999999999998e+11,200000,1041.6
1658284983,AKROUSDT,Buy,102100,0.005208,ZeroMinusTick,bb889c45-04ed-5e72-9792-0e80d613426e,5.317368e+10,102100,531.7368
1658284983,AKROUSDT,Buy,113100,0.005208,ZeroMinusTick,bcaf00b9-01a4-57a2-bc9c-3611960c19e6,5.890248e+10,113100,589.0248
1658284984,AKROUSDT,Sell,4000,0.005203,MinusTick,c060fd60-cd33-54e0-969c-5b2290aa0967,2.0812e+09,4000,20.812
1658285003,AKROUSDT,Buy,1800,0.005209,PlusTick,31db8e9a-fd34-5ad1-862b-808fefccddba,9.376200000000001e+08,1800,9.3762
1658285024,AKROUSDT,Buy,100,0.005209,ZeroMinusTick,98499947-199f-5d05-b368-027f270bedcb,5.209e+07,100,0.5209
1658285159,AKROUSDT,Sell,20500,0.005203,MinusTick,58214d5f-22eb-531e-8db0-778c76e8c702,1.066615e+10,20500,106.6615
1658285159,AKROUSDT,Sell,73900,0.005202,MinusTick,cb136caa-fec9-59c7-ad19-e5c472583ae5,3.844278e+10,73900,384.4278
1658285173,AKROUSDT,Buy,1400,0.005209,PlusTick,df335e5d-40db-50b9-80f7-5caa58ffb678,7.2926e+08,1400,7.2926
1658285313,AKROUSDT,Buy,800,0.005207,MinusTick,6405e59a-e48b-5102-af65-c38b0fca4f6a,4.1655999999999994e+08,800,4.1655999999999995
1658285513,AKROUSDT,Sell,1000,0.005200,MinusTick,f35c3eac-1a68-5a43-9936-6e81096285e1,5.2e+08,1000,5.2
1658285550,AKROUSDT,Sell,23500,0.005200,ZeroMinusTick,6a51caff-9a0c-5f01-bec0-54a8bc3bdfb4,1.2219999999999998e+10,23500,122.19999999999999
1658285550,AKROUSDT,Sell,153700,0.005200,ZeroMinusTick,1d1650b4-fa97-5369-97ab-1c375f6f9c93,7.9924e+10,153700,799.24
1658285550,AKROUSDT,Sell,218800,0.005200,ZeroMinusTick,60980230-2952-5593-8a9f-5704078af300,1.13776e+11,218800,1137.76
1658285550,AKROUSDT,Sell,124100,0.005200,ZeroMinusTick,167914f0-c95e-542a-858f-eb01c0863a6d,6.453199999999999e+10,124100,645.3199999999999
1658285550,AKROUSDT,Sell,57100,0.005200,ZeroMinusTick,11b1fbc0-b240-5483-97f7-d681653e787c,2.9691999999999996e+10,57100,296.91999999999996
1658285550,AKROUSDT,Sell,36800,0.005200,ZeroMinusTick,c0a71694-c5d5-599a-82f8-43a7cf571ca2,1.9136e+10,36800,191.35999999999999
1658285550,AKROUSDT,Sell,260000,0.005200,ZeroMinusTick,98e8a566-16cf-5c08-8428-64cb93f0b196,1.352e+11,260000,1352
1658285550,AKROUSDT,Sell,70800,0.005199,MinusTick,a3f51de4-97a0-5df0-a5bb-3f18b7d89e8a,3.680891999999999e+10,70800,368.08919999999995
1658285550,AKROUSDT,Sell,153400,0.005199,ZeroMinusTick,3e3ab9fb-3f1b-52a1-82d5-2166a3fab938,7.975265999999998e+10,153400,797.5265999999999
1658285550,AKROUSDT,Sell,400,0.005197,MinusTick,366cf6ee-684c-580a-be7e-3d524221304c,2.0788000000000003e+08,400,2.0788
1658285550,AKROUSDT,Sell,18400,0.005196,MinusTick,8778d2dc-ce70-526d-8f30-ea9945ab405e,9.56064e+09,18400,95.60640000000001
1658285653,AKROUSDT,Sell,1100,0.005191,MinusTick,81ad5149-ef47-5be4-8bdf-455c4d03e786,5.710100000000001e+08,1100,5.710100000000001
1658285709,AKROUSDT,Buy,400,0.005199,PlusTick,7b0277c7-02bd-5a03-871b-fb215b3db84c,2.0795999999999997e+08,400,2.0795999999999997
1658285711,AKROUSDT,Sell,400,0.005196,MinusTick,4afedee3-1bfa-5a2d-84a3-90dc7ca5eb2d,2.0784000000000003e+08,400,2.0784000000000002
1658285711,AKROUSDT,Sell,24500,0.005195,MinusTick,14e62d01-3783-5e78-8f60-7ffad98f686a,1.272775e+10,24500,127.2775
1658285711,AKROUSDT,Sell,57000,0.005192,MinusTick,f705ab37-e13d-5462-950a-3c855cdd8696,2.9594399999999996e+10,57000,295.94399999999996
1658285724,AKROUSDT,Buy,400,0.005200,PlusTick,8a32f708-aab2-598c-8130-369d9db26310,2.08e+08,400,2.08
1658285724,AKROUSDT,Buy,24500,0.005201,PlusTick,8a0e28eb-548b-5ef1-9ede-30b1fa8fdad2,1.274245e+10,24500,127.4245
1658285730,AKROUSDT,Buy,24500,0.005202,PlusTick,57311ae0-e544-5538-a7bf-0316534ae665,1.27449e+10,24500,127.449
1658285793,AKROUSDT,Buy,200,0.005208,PlusTick,c9099725-63ff-5d4b-bc4e-a859f2821660,1.0416000000000001e+08,200,1.0416
1658285821,AKROUSDT,Sell,24500,0.005202,MinusTick,8efd5f48-0b57-57b6-8ccc-28fdee965d9c,1.27449e+10,24500,127.449
1658285833,AKROUSDT,Sell,24500,0.005206,PlusTick,98901f19-de6a-5da8-9542-9bd5e668b194,1.27547e+10,24500,127.547
1658285835,AKROUSDT,Sell,24500,0.005205,MinusTick,a8e61a8e-3fc6-5bd2-932f-534a59faadfd,1.275225e+10,24500,127.52250000000001
1658285835,AKROUSDT,Buy,100,0.005208,PlusTick,141edcbe-d81d-5a79-a3ac-195bebabc0e9,5.208000000000001e+07,100,0.5208
1658285870,AKROUSDT,Sell,400,0.005196,MinusTick,9e80755a-be86-52b1-ac96-b3685655ca3a,2.0784000000000003e+08,400,2.0784000000000002
1658285899,AKROUSDT,Sell,260000,0.005190,MinusTick,e8a70ef8-7a10-55a7-afa2-2aa92bea4cf4,1.3494000000000002e+11,260000,1349.4
1658285899,AKROUSDT,Sell,197700,0.005188,MinusTick,92127bd0-8646-5bce-88c1-d127d4935f38,1.0256676e+11,197700,1025.6676
1658285899,AKROUSDT,Sell,182900,0.005187,MinusTick,c7805bf2-74df-547b-a405-11aad29f680b,9.487022999999998e+10,182900,948.7022999999999
1658285899,AKROUSDT,Sell,41300,0.005190,PlusTick,71e8ebd6-e7fc-51ba-b6df-4163ced10c2d,2.14347e+10,41300,214.347
1658285899,AKROUSDT,Sell,41300,0.005190,ZeroMinusTick,5c2cbe7d-a63c-5ecb-b3fe-321487abeeac,2.14347e+10,41300,214.347
1658285899,AKROUSDT,Sell,400,0.005190,ZeroMinusTick,9609504a-dc10-5881-a387-25f93fc0051d,2.076e+08,400,2.076
1658285899,AKROUSDT,Sell,124400,0.005190,ZeroMinusTick,cda978a1-07ba-5448-83d8-167a5321380d,6.45636e+10,124400,645.636
1658285899,AKROUSDT,Sell,40600,0.005186,MinusTick,b951b04e-6baf-57ed-9c21-98e47a017776,2.1055159999999996e+10,40600,210.55159999999998
1658285899,AKROUSDT,Buy,24500,0.005189,PlusTick,208e948a-108a-51e8-86c2-8f6b85a1b6c0,1.271305e+10,24500,127.1305
1658285899,AKROUSDT,Buy,24500,0.005188,MinusTick,0ffa7cde-59e1-5fe7-a8b4-832a3e07b1bd,1.27106e+10,24500,127.106
1658285899,AKROUSDT,Buy,24500,0.005187,MinusTick,2b971ed4-3cde-529b-b67b-1bacfdb9c4aa,1.270815e+10,24500,127.08149999999999
1658285899,AKROUSDT,Buy,400,0.005186,MinusTick,abb6423a-f6d0-54ef-b5b0-a4d9353726b0,2.0743999999999997e+08,400,2.0744
1658285899,AKROUSDT,Buy,24100,0.005187,PlusTick,887e531e-1da1-5c1c-8562-17a22caf9667,1.250067e+10,24100,125.0067
1658285973,AKROUSDT,Sell,400,0.005187,ZeroMinusTick,3c348925-a4c5-53db-8b3c-8146eaa5ab9c,2.0747999999999997e+08,400,2.0747999999999998
1658285973,AKROUSDT,Buy,200,0.005187,ZeroMinusTick,46dc0651-2df5-5bf9-9a74-389e3a914af8,1.0373999999999999e+08,200,1.0373999999999999
1658285979,AKROUSDT,Sell,24500,0.005193,PlusTick,eb2e83a3-f4ee-5162-9a67-37be737395f6,1.272285e+10,24500,127.2285
1658285991,AKROUSDT,Buy,400,0.005193,ZeroMinusTick,f72a7f68-606f-56f8-b821-a82e45bfa03f,2.0772e+08,400,2.0772
1658285991,AKROUSDT,Buy,24500,0.005194,PlusTick,28b5ae2b-caf5-5aeb-b805-84e60f2b3869,1.27253e+10,24500,127.253
1658286009,AKROUSDT,Buy,125900,0.005193,MinusTick,33ce6241-3b0f-56fd-8ca7-6e9be4c51c38,6.537986999999999e+10,125900,653.7986999999999
1658286027,AKROUSDT,Sell,24500,0.005200,PlusTick,311a317a-9cdd-563f-abaf-260c88437b9a,1.274e+10,24500,127.39999999999999
1658286060,AKROUSDT,Sell,260000,0.005199,MinusTick,848756d3-ad2b-56bb-ad9f-11f10302ed95,1.35174e+11,260000,1351.74
1658286060,AKROUSDT,Buy,102900,0.005198,MinusTick,9982330c-b442-5a05-a07c-d96bac77df90,5.348742000000001e+10,102900,534.8742000000001
1658286060,AKROUSDT,Buy,24500,0.005199,PlusTick,e65e5f2d-4c29-547a-9e9c-213168fa9fbb,1.2737549999999998e+10,24500,127.37549999999999
1658286069,AKROUSDT,Sell,24500,0.005200,PlusTick,12b20f41-31f8-561a-912e-d3de0a621898,1.274e+10,24500,127.39999999999999
1658286110,AKROUSDT,Buy,218700,0.005205,PlusTick,afae6419-5184-5e1c-957e-599078052c88,1.1383335000000002e+11,218700,1138.3335000000002
1658286148,AKROUSDT,Buy,100,0.005208,PlusTick,d3d5d619-ad95-5831-9adf-32ad1de433fd,5.208000000000001e+07,100,0.5208
1658286153,AKROUSDT,Sell,400,0.005201,MinusTick,3069f0de-560d-514f-8f57-380a13be834d,2.0804e+08,400,2.0804
1658286153,AKROUSDT,Buy,700,0.005201,ZeroMinusTick,edb9a781-1d2a-59c7-aadb-f21e72746966,3.6407e+08,700,3.6407
1658286313,AKROUSDT,Sell,900,0.005198,MinusTick,f6c436e1-bdb1-5ead-91f1-f30da076e71c,4.6782000000000006e+08,900,4.6782
1658286401,AKROUSDT,Buy,24500,0.005202,PlusTick,5f346095-d574-5b21-beb9-fb68a17e7e80,1.27449e+10,24500,127.449
1658286402,AKROUSDT,Buy,400,0.005200,MinusTick,0cc58f8c-bd50-5216-bf6d-5e62812d95d4,2.08e+08,400,2.08
1658286402,AKROUSDT,Buy,24500,0.005201,PlusTick,53464d5e-5ed1-5187-bd7e-3e39cd4db61a,1.274245e+10,24500,127.4245
1658286442,AKROUSDT,Buy,24500,0.005200,MinusTick,29b0f3dc-2e5d-5b8b-b5ae-52b33b0cd451,1.274e+10,24500,127.39999999999999
1658286442,AKROUSDT,Buy,24500,0.005200,ZeroMinusTick,867328f6-54d7-5179-9a90-b88f1063dfaa,1.274e+10,24500,127.39999999999999
1658286458,AKROUSDT,Buy,100,0.005205,PlusTick,0c51e394-40d6-5738-b0f0-ef755647439a,5.205000000000001e+07,100,0.5205000000000001
1658286458,AKROUSDT,Buy,100,0.005205,ZeroMinusTick,5a194c85-3d9f-5f9e-864f-1d77e9802955,5.205000000000001e+07,100,0.5205000000000001
1658286458,AKROUSDT,Buy,24300,0.005205,ZeroMinusTick,8a4083e4-0708-50ca-8940-89afdc450726,1.2648150000000002e+10,24300,126.48150000000001
1658286458,AKROUSDT,Buy,100800,0.005206,PlusTick,a8c4a96b-7929-5c2d-b651-ef64b60fdc61,5.247647999999999e+10,100800,524.7647999999999
1658286458,AKROUSDT,Buy,54900,0.005207,PlusTick,f97ae6cc-8b4f-5bc5-9e3c-9dd3b7bbfb5c,2.858643e+10,54900,285.8643
1658286458,AKROUSDT,Buy,180000,0.005207,ZeroMinusTick,fef52bc8-e877-5cbf-9eb0-0d2780c7a870,9.3726e+10,180000,937.26
1658286458,AKROUSDT,Buy,16800,0.005207,ZeroMinusTick,c812cfc4-9dd9-543c-8a0c-4948fdaf6561,8.74776e+09,16800,87.4776
1658286458,AKROUSDT,Buy,109100,0.005207,ZeroMinusTick,a193a636-8ac3-5a30-849e-487b31219368,5.680837e+10,109100,568.0837
1658286458,AKROUSDT,Buy,93900,0.005207,ZeroMinusTick,e6de57be-12e4-5969-ae68-4d96548007c9,4.889373e+10,93900,488.9373
1658286458,AKROUSDT,Buy,72600,0.005208,PlusTick,9b52e455-fe25-5faf-9ab4-56a9f514f8c4,3.781008e+10,72600,378.1008
1658286458,AKROUSDT,Buy,135800,0.005208,ZeroMinusTick,d1d8cd31-107c-5ffe-bd49-e7f59b68ca82,7.072464e+10,135800,707.2464
1658286458,AKROUSDT,Buy,30700,0.005209,PlusTick,bcc339ff-f49a-5349-925a-c5f52b3e2c6d,1.599163e+10,30700,159.9163
1658286458,AKROUSDT,Buy,166500,0.005209,ZeroMinusTick,bcecb175-f190-5449-b74a-afa40ece99b1,8.672985e+10,166500,867.2985
1658286458,AKROUSDT,Buy,52800,0.005209,ZeroMinusTick,0dbe15d4-3919-573c-bf20-1a8f5d49ca99,2.7503520000000004e+10,52800,275.03520000000003
1658286458,AKROUSDT,Buy,100,0.005213,PlusTick,96f6abde-72e0-5ac0-8afe-1735598f97b9,5.213e+07,100,0.5213
1658286458,AKROUSDT,Buy,54500,0.005213,ZeroMinusTick,391d5c18-51fe-567a-bb4d-75ec17846a87,2.841085e+10,54500,284.1085
1658286459,AKROUSDT,Sell,260000,0.005229,PlusTick,91d7ed87-e39b-57bd-b54a-91b0f9af9b23,1.35954e+11,260000,1359.54
1658286459,AKROUSDT,Sell,5000,0.005222,MinusTick,8cbae768-4693-5255-8e48-e7ab963e8597,2.611e+09,5000,26.11
1658286513,AKROUSDT,Sell,400,0.005225,PlusTick,17a9050f-322a-57b3-a6db-4dcf0ce06e38,2.09e+08,400,2.09
1658286513,AKROUSDT,Buy,300,0.005225,ZeroMinusTick,c7676bad-f7da-5316-a1af-71589d041d59,1.5675e+08,300,1.5675
1658286573,AKROUSDT,Sell,500,0.005225,ZeroMinusTick,a66d9e00-fade-5f43-a0b0-38f3e7efdd44,2.6124999999999997e+08,500,2.6125
1658286587,AKROUSDT,Buy,400,0.005231,PlusTick,32b397b5-6f59-5b07-91ad-7566bcb6e1e9,2.0924e+08,400,2.0924
1658286587,AKROUSDT,Buy,24500,0.005232,PlusTick,425a594d-7f1c-5ec9-a859-1e13534b3cfe,1.28184e+10,24500,128.184
1658286587,AKROUSDT,Buy,170500,0.005233,PlusTick,1c6ac8f7-18f8-5b51-abaf-2772b21fdba2,8.922265e+10,170500,892.2265
1658286587,AKROUSDT,Buy,28700,0.005233,ZeroMinusTick,fd082299-8226-5124-8f89-6d462d459449,1.5018709999999998e+10,28700,150.1871
1658286587,AKROUSDT,Buy,24500,0.005234,PlusTick,c2a87db6-59c9-5cc4-8a0b-5a26d59e3fa3,1.28233e+10,24500,128.233
1658286587,AKROUSDT,Buy,104000,0.005234,ZeroMinusTick,6cd26688-a057-54c2-a5a7-eb39bf667168,5.44336e+10,104000,544.336
1658286587,AKROUSDT,Buy,146000,0.005234,ZeroMinusTick,ce00f8f7-1f09-5497-a436-1ad9c52bbfb5,7.64164e+10,146000,764.164
1658286587,AKROUSDT,Buy,24500,0.005237,PlusTick,8b5c92e5-3f15-51d6-ba2f-28150d98c59e,1.283065e+10,24500,128.3065
1658286587,AKROUSDT,Sell,164300,0.005236,MinusTick,e25a0ea0-0fd6-5273-b83e-72f0c4d00232,8.602748e+10,164300,860.2748
1658286587,AKROUSDT,Buy,21400,0.005237,PlusTick,21ebad80-d6fe-573c-a6ff-a340b8d9c4e2,1.1207180000000002e+10,21400,112.07180000000001
1658286587,AKROUSDT,Buy,24500,0.005237,ZeroMinusTick,ee77f831-a9ac-52cc-81ed-07c82a7238dd,1.283065e+10,24500,128.3065
1658286590,AKROUSDT,Buy,6700,0.005237,ZeroMinusTick,117f360e-5e06-54f0-90ac-725ddb966d9d,3.5087900000000005e+09,6700,35.087900000000005
1658286613,AKROUSDT,Sell,4000,0.005233,MinusTick,691bdb69-dd25-5af0-b2ac-53a98831dbd4,2.0931999999999998e+09,4000,20.932
1658286618,AKROUSDT,Buy,38700,0.005234,PlusTick,66e616bb-2e1a-514f-8deb-bf195177fbda,2.025558e+10,38700,202.5558
1658286618,AKROUSDT,Buy,10700,0.005234,ZeroMinusTick,97c2a621-1053-5602-a2b5-dd926cd7c70e,5.60038e+09,10700,56.0038
1658286630,AKROUSDT,Sell,3100,0.005234,ZeroMinusTick,028cc88d-c706-575e-b4d2-0ac06da692df,1.62254e+09,3100,16.2254
1658286630,AKROUSDT,Sell,27500,0.005234,ZeroMinusTick,7e1e4d07-444b-5e8c-9d60-bafd7c023d48,1.43935e+10,27500,143.935
1658286643,AKROUSDT,Buy,42800,0.005234,ZeroMinusTick,0103764d-033e-5fda-922b-e434ca7d7c00,2.240152e+10,42800,224.0152
1658286648,AKROUSDT,Sell,68300,0.005235,PlusTick,684401e6-99ae-5f86-954a-1c17a241e43e,3.575505e+10,68300,357.5505
1658286648,AKROUSDT,Sell,382600,0.005234,MinusTick,454f1c26-9461-594d-8170-d188e1e3f694,2.0025284e+11,382600,2002.5284
1658286649,AKROUSDT,Buy,24500,0.005233,MinusTick,99481d77-2fa9-568e-a906-9e57b5f022d4,1.2820849999999998e+10,24500,128.2085
1658286649,AKROUSDT,Sell,260000,0.005229,MinusTick,928d21b7-1fa2-5daa-84ef-63e69bbd5f65,1.35954e+11,260000,1359.54
1658286653,AKROUSDT,Sell,400,0.005224,MinusTick,05996bc5-cb1d-56b8-9774-4a2cae4854f4,2.0896000000000003e+08,400,2.0896000000000003
1658286653,AKROUSDT,Buy,1000,0.005224,ZeroMinusTick,81d1053c-e81a-5fca-8c16-13e8ae027057,5.224e+08,1000,5.224
1658286663,AKROUSDT,Buy,400,0.005231,PlusTick,eb2670c2-cf5f-5989-a55e-03d91575fb9e,2.0924e+08,400,2.0924
1658286665,AKROUSDT,Buy,125900,0.005231,ZeroMinusTick,e638733e-6cad-5388-98b6-9031ab3b25fb,6.585829e+10,125900,658.5829
1658286669,AKROUSDT,Sell,383200,0.005226,MinusTick,cf713b89-7933-5ad8-9df2-72ee23ba4d23,2.0026031999999997e+11,383200,2002.6031999999998
1658286803,AKROUSDT,Sell,800,0.005225,MinusTick,8c329df0-a181-54da-a238-0410dc4485c5,4.18e+08,800,4.18
1658286824,AKROUSDT,Sell,313400,0.005232,PlusTick,84c27942-2c73-5fc3-9902-275f3f7a9e74,1.6397088e+11,313400,1639.7087999999999
1658286824,AKROUSDT,Sell,125900,0.005230,MinusTick,35406378-96e1-5c6d-8eca-db2c5c9e1ed3,6.58457e+10,125900,658.457
1658286837,AKROUSDT,Buy,125900,0.005230,ZeroMinusTick,0a9c803c-0fdb-5625-ab70-d7d9441055d1,6.58457e+10,125900,658.457
1658286837,AKROUSDT,Buy,24500,0.005230,ZeroMinusTick,7ae1b5db-cd55-5da6-9201-e202f69f754f,1.2813500000000002e+10,24500,128.13500000000002
1658286837,AKROUSDT,Buy,258400,0.005232,PlusTick,3611b2c5-2e8e-59b7-b48d-47c113ebf96a,1.3519487999999998e+11,258400,1351.9488
1658286837,AKROUSDT,Buy,34400,0.005239,PlusTick,18de6184-5cbf-5b9d-89b5-5e3c23d0c294,1.802216e+10,34400,180.2216
1658286837,AKROUSDT,Buy,215600,0.005239,ZeroMinusTick,9e7f1af0-6580-5785-bb69-39db8896b586,1.1295283999999998e+11,215600,1129.5284
1658286837,AKROUSDT,Buy,97700,0.005240,PlusTick,fe6162b5-b900-5929-9400-6b5f39b9b55f,5.11948e+10,97700,511.948
1658286837,AKROUSDT,Buy,12800,0.005241,PlusTick,cee4e64f-e3f6-5d67-8e48-cfbf91b56818,6.70848e+09,12800,67.0848
1658286837,AKROUSDT,Buy,65500,0.005241,ZeroMinusTick,23f8a82a-c138-55e8-bf60-3dfceb86beb6,3.432855e+10,65500,343.2855
1658286837,AKROUSDT,Buy,56000,0.005241,ZeroMinusTick,8add8f0c-630e-5dc6-8f04-57c888d94028,2.9349599999999996e+10,56000,293.496
1658286837,AKROUSDT,Buy,45200,0.005241,ZeroMinusTick,46dc667c-395e-5cef-b455-b79330e5c6d1,2.368932e+10,45200,236.8932
1658286837,AKROUSDT,Buy,52500,0.005242,PlusTick,d63ad4c9-2a6b-5d60-abff-c13cb4f406d6,2.75205e+10,52500,275.205
1658286851,AKROUSDT,Sell,24500,0.005242,ZeroMinusTick,bbfff460-694a-5e90-9c18-4114de90b5b8,1.28429e+10,24500,128.429
1658286851,AKROUSDT,Sell,24500,0.005242,ZeroMinusTick,7737fea7-d01f-566f-969f-a5e16e40c01b,1.28429e+10,24500,128.429
1658286851,AKROUSDT,Sell,24500,0.005242,ZeroMinusTick,a7be5fff-b0b3-5a4d-8011-7384b920b537,1.28429e+10,24500,128.429
1658286868,AKROUSDT,Buy,24500,0.005245,PlusTick,c7a04e67-9f15-568d-ac97-eb61e2ce290e,1.285025e+10,24500,128.5025
1658286868,AKROUSDT,Buy,1200,0.005249,PlusTick,f0309976-9340-5850-9f72-413871e7273f,6.2988e+08,1200,6.2988
1658286874,AKROUSDT,Sell,97900,0.005249,ZeroMinusTick,2ff3dff8-d467-593a-a775-718e585b975c,5.138771000000001e+10,97900,513.8771
1658286874,AKROUSDT,Sell,97900,0.005249,ZeroMinusTick,3a67aff2-7f27-5c9b-92b5-129036142895,5.138771000000001e+10,97900,513.8771
1658286874,AKROUSDT,Sell,64200,0.005249,ZeroMinusTick,0fefa2e2-644f-5eef-a4e5-a9554ee49bfc,3.3698580000000004e+10,64200,336.98580000000004
1658286874,AKROUSDT,Buy,24500,0.005245,MinusTick,e128dc03-15b6-5ac0-b605-517065d5a4d0,1.285025e+10,24500,128.5025
1658286874,AKROUSDT,Sell,72700,0.005248,PlusTick,5960adb7-b1b6-533b-99d9-aaa262a60124,3.815296e+10,72700,381.5296
1658286874,AKROUSDT,Sell,187300,0.005248,ZeroMinusTick,42b7e801-1142-5ed4-bff9-87a50d488830,9.829504e+10,187300,982.9504000000001
1658286875,AKROUSDT,Buy,100,0.005246,MinusTick,3b34559a-13dd-5ff5-9b83-cb9c760fdd4d,5.245999999999999e+07,100,0.5246
1658286876,AKROUSDT,Sell,143000,0.005241,MinusTick,b1d2af91-f4cc-59ca-90bc-3b2149f77197,7.49463e+10,143000,749.463
1658286876,AKROUSDT,Sell,212300,0.005240,MinusTick,a25f28f7-3b7d-5812-9a37-6f1e42c3e149,1.112452e+11,212300,1112.452
1658286876,AKROUSDT,Sell,87900,0.005239,MinusTick,0334263d-1f45-589b-a273-12560de5636e,4.605080999999999e+10,87900,460.50809999999996
1658286935,AKROUSDT,Sell,217800,0.005240,PlusTick,143dbe7d-b025-5604-b661-1d80621fa78e,1.141272e+11,217800,1141.272
1658286935,AKROUSDT,Sell,24500,0.005240,ZeroMinusTick,81195bc7-13bd-5828-b47a-b21fe33df0f2,1.2838e+10,24500,128.38
1658286941,AKROUSDT,Sell,111400,0.005238,MinusTick,ee8349c8-efec-52a4-9deb-487d6824db40,5.835132e+10,111400,583.5132
1658286941,AKROUSDT,Sell,212400,0.005237,MinusTick,6e17e9c4-e80a-523a-8275-125c9f239500,1.1123388e+11,212400,1112.3388
1658286950,AKROUSDT,Sell,78600,0.005238,PlusTick,6424cbf2-f107-5e38-815c-c9152b9882cb,4.117068e+10,78600,411.7068
1658286950,AKROUSDT,Sell,78600,0.005238,ZeroMinusTick,7ffe4d7b-2e8b-58b2-9790-b5d54e8dd734,4.117068e+10,78600,411.7068
1658286950,AKROUSDT,Sell,84800,0.005238,ZeroMinusTick,1a0f8129-0527-5e20-bd22-b4f93216c3cd,4.441824e+10,84800,444.1824
1658286950,AKROUSDT,Sell,18000,0.005238,ZeroMinusTick,82c805e7-52f0-5017-b70f-ee591015da04,9.4284e+09,18000,94.28399999999999
1658286953,AKROUSDT,Sell,400,0.005230,MinusTick,098c66b4-56ea-52a7-b1bf-a6e230169b87,2.092e+08,400,2.092
1658286953,AKROUSDT,Buy,1600,0.005230,ZeroMinusTick,c19970cb-bd58-5860-80d1-789053d6d10a,8.368e+08,1600,8.368
1658286982,AKROUSDT,Buy,400,0.005237,PlusTick,66d08655-4b6a-558c-a120-27007b354222,2.0948000000000003e+08,400,2.0948
1658286982,AKROUSDT,Buy,24500,0.005238,PlusTick,eef24161-4471-5016-a648-cba2f0b5466c,1.2833099999999998e+10,24500,128.331
1658286982,AKROUSDT,Buy,24500,0.005238,ZeroMinusTick,cd988f90-3dbf-54e6-b49d-69687fc66b2a,1.2833099999999998e+10,24500,128.331
1658286988,AKROUSDT,Sell,24500,0.005240,PlusTick,d951bca2-8e20-5692-8ee3-5f7a835b19fe,1.2838e+10,24500,128.38
1658286997,AKROUSDT,Buy,100,0.005240,ZeroMinusTick,631120eb-2a9c-545b-9b6a-706d47cb7a57,5.24e+07,100,0.524
1658286997,AKROUSDT,Buy,358100,0.005240,ZeroMinusTick,31a6c14d-0692-5fb2-810f-401c1a4833c1,1.876444e+11,358100,1876.444
1658286997,AKROUSDT,Sell,124200,0.005248,PlusTick,a2187e29-28bb-56e5-9719-0389e07a21ce,6.518016e+10,124200,651.8016
1658287093,AKROUSDT,Buy,24500,0.005247,MinusTick,03766502-7b73-5967-a7bb-d652df7f8ed3,1.285515e+10,24500,128.5515
1658287114,AKROUSDT,Buy,24500,0.005253,PlusTick,f88ffe71-1155-5582-87d5-0af8f14c585d,1.286985e+10,24500,128.6985
1658287114,AKROUSDT,Buy,43700,0.005253,ZeroMinusTick,bf22854d-4d58-588c-9f86-a69d0ab7615c,2.295561e+10,43700,229.5561
1658287114,AKROUSDT,Buy,68200,0.005253,ZeroMinusTick,d0ef9799-77a3-5f7e-abfc-435ae99691c8,3.582546e+10,68200,358.2546
1658287114,AKROUSDT,Buy,188100,0.005253,ZeroMinusTick,eafe5ec6-7856-5e92-95ff-9fb4fff47f39,9.880893e+10,188100,988.0893
1658287114,AKROUSDT,Buy,1900,0.005254,PlusTick,fee82c74-c21b-5363-b151-13e685804af1,9.9826e+08,1900,9.9826
1658287114,AKROUSDT,Buy,208800,0.005255,PlusTick,4aa35ab6-00c4-5acb-89f2-ef9ad530abfa,1.0972439999999998e+11,208800,1097.244
1658287114,AKROUSDT,Buy,44400,0.005257,PlusTick,9680220c-1c16-5f49-b171-15dbf6d58cd2,2.3341080000000004e+10,44400,233.41080000000002
1658287114,AKROUSDT,Buy,15300,0.005257,ZeroMinusTick,2d3e6fa5-a297-546e-b0d0-925ae13129a4,8.043210000000001e+09,15300,80.4321
1658287114,AKROUSDT,Buy,15300,0.005257,ZeroMinusTick,a7f22841-00c0-5ef6-8920-beaf94b8ebe5,8.043210000000001e+09,15300,80.4321
1658287114,AKROUSDT,Buy,15300,0.005257,ZeroMinusTick,6f661aeb-eaa7-5750-8a9d-9532e7fb59c3,8.043210000000001e+09,15300,80.4321
1658287114,AKROUSDT,Buy,206800,0.005258,PlusTick,222ffe2d-b7c7-54dc-82f3-113dc3b4794b,1.0873544e+11,206800,1087.3544
1658287115,AKROUSDT,Sell,400,0.005260,PlusTick,febfe9f1-8cab-5867-bbab-c0967bc1fa9f,2.104e+08,400,2.104
1658287115,AKROUSDT,Sell,24600,0.005259,MinusTick,4e311a23-3ac9-5e66-b0a6-1902d3ebf209,1.293714e+10,24600,129.3714
1658287115,AKROUSDT,Sell,4500,0.005259,ZeroMinusTick,4e88672d-37e5-5517-87c1-4d79a9411172,2.36655e+09,4500,23.665499999999998
1658287122,AKROUSDT,Buy,125900,0.005261,PlusTick,f9ee3461-e269-586f-aa5a-0ccd94d54732,6.623599000000001e+10,125900,662.3599
1658287123,AKROUSDT,Buy,400,0.005262,PlusTick,d955b663-696b-5d21-98e8-177e7fcb08df,2.1048e+08,400,2.1048
1658287123,AKROUSDT,Buy,1300,0.005262,ZeroMinusTick,c9023c93-046e-500b-a89c-cc676251f4cd,6.8406e+08,1300,6.8406
1658287126,AKROUSDT,Buy,101600,0.005262,ZeroMinusTick,54f9ae9a-d4d6-5503-b4a9-037f2d0e52cf,5.346192e+10,101600,534.6192
1658287167,AKROUSDT,Sell,100000,0.005262,ZeroMinusTick,fb52c482-ddc9-5226-aa37-1eaa0691d664,5.262000000000001e+10,100000,526.2
1658287169,AKROUSDT,Buy,50000,0.005261,MinusTick,2ff6d7e8-4355-5838-9747-67884543d47b,2.6305e+10,50000,263.05
1658287170,AKROUSDT,Sell,220200,0.005260,MinusTick,3cd417d7-7a1b-5fd2-b1ff-e44ddec5a6a8,1.158252e+11,220200,1158.252
1658287172,AKROUSDT,Sell,122000,0.005259,MinusTick,f6294357-d644-534e-932a-817ef403358c,6.415979999999999e+10,122000,641.598
1658287172,AKROUSDT,Sell,122000,0.005259,ZeroMinusTick,f733e99e-226c-5cef-af53-f51d7f9b21b0,6.415979999999999e+10,122000,641.598
1658287172,AKROUSDT,Sell,16000,0.005259,ZeroMinusTick,42b296ff-ef88-511e-9705-c95ac19bc66a,8.414399999999999e+09,16000,84.14399999999999
1658287232,AKROUSDT,Buy,35600,0.005256,MinusTick,50aa318b-0ac3-515e-87ce-d89f0b8b22a6,1.8711360000000004e+10,35600,187.11360000000002
1658287236,AKROUSDT,Buy,383200,0.005259,PlusTick,17e297b3-39fe-5122-82f5-b03b35040a27,2.0152487999999997e+11,383200,2015.2487999999998
1658287236,AKROUSDT,Buy,223800,0.005259,ZeroMinusTick,abfaa8be-a05b-5b7c-9fdf-2462a14dfee4,1.1769641999999998e+11,223800,1176.9642
1658287236,AKROUSDT,Buy,204300,0.005260,PlusTick,1cedbed9-cfe0-51ce-b4bb-69de41795f53,1.074618e+11,204300,1074.618
1658287278,AKROUSDT,Sell,5200,0.005255,MinusTick,f2b8f3e9-e4cf-5c68-9605-74578d29723a,2.7326e+09,5200,27.326
1658287280,AKROUSDT,Buy,24500,0.005261,PlusTick,2223cac4-d1da-5fc7-9cb7-7903444bb181,1.288945e+10,24500,128.8945
1658287280,AKROUSDT,Buy,10800,0.005261,ZeroMinusTick,aed0225d-feac-52bc-9f7f-76601f5fc200,5.68188e+09,10800,56.8188
1658287280,AKROUSDT,Buy,35300,0.005261,ZeroMinusTick,f8e9aa47-331e-5e63-bd87-2b781d0d8cc7,1.857133e+10,35300,185.7133
1658287280,AKROUSDT,Buy,22000,0.005261,ZeroMinusTick,017d524d-e093-525a-9a45-4d896b49cd0c,1.15742e+10,22000,115.742
1658287280,AKROUSDT,Buy,68300,0.005261,ZeroMinusTick,2ed5d97a-0c86-5bb4-a04e-e6824e92acb3,3.593263e+10,68300,359.3263
1658287280,AKROUSDT,Buy,67200,0.005261,ZeroMinusTick,2e598552-3a35-50c9-b23c-b7839245f720,3.535392e+10,67200,353.5392
1658287280,AKROUSDT,Buy,9700,0.005261,ZeroMinusTick,c1b4e476-3b6b-5535-9ab2-1bb5b580a296,5.10317e+09,9700,51.0317
1658287286,AKROUSDT,Sell,24500,0.005265,PlusTick,ef1de8a6-6f6a-582f-bc7b-ac42c069b81a,1.289925e+10,24500,128.9925
1658287286,AKROUSDT,Buy,17500,0.005266,PlusTick,d297c975-134c-5496-b3c3-9e09c84d67ba,9.2155e+09,17500,92.155
1658287286,AKROUSDT,Sell,24500,0.005265,MinusTick,eb06c840-003f-55a2-91fb-d79d55d697e6,1.289925e+10,24500,128.9925
1658287287,AKROUSDT,Sell,24500,0.005265,ZeroMinusTick,fda25ba9-b4ea-5b27-b7b3-916ff31b93a7,1.289925e+10,24500,128.9925
1658287287,AKROUSDT,Buy,260000,0.005262,MinusTick,dcada1b6-2988-52a3-8c04-0c18fc907d86,1.3681200000000002e+11,260000,1368.1200000000001
1658287288,AKROUSDT,Buy,260000,0.005262,ZeroMinusTick,53f7aca2-0126-5a35-b58a-ec5ef429024d,1.3681200000000002e+11,260000,1368.1200000000001
1658287293,AKROUSDT,Buy,100,0.005267,PlusTick,b5f997f5-2482-5777-911f-e3029b726289,5.266999999999999e+07,100,0.5267
1658287297,AKROUSDT,Sell,90100,0.005261,MinusTick,8b2a3804-68d7-5e2b-8411-668926cdb4ef,4.740161e+10,90100,474.0161
1658287322,AKROUSDT,Buy,107600,0.005260,MinusTick,40ce344b-de79-533b-9a0d-1435f7a4cf23,5.65976e+10,107600,565.976
1658287322,AKROUSDT,Buy,93700,0.005260,ZeroMinusTick,f79b7d4c-45d7-51ea-9dbc-199c682888be,4.92862e+10,93700,492.86199999999997
1658287322,AKROUSDT,Buy,45300,0.005266,PlusTick,e443e6e0-8a01-5eec-8ee2-f91d7bf3fd34,2.385498e+10,45300,238.5498
1658287322,AKROUSDT,Buy,20200,0.005266,ZeroMinusTick,b2ce7956-f02f-5a7f-a192-f7058c1db200,1.063732e+10,20200,106.3732
1658287322,AKROUSDT,Buy,37000,0.005267,PlusTick,2ccc682e-12aa-53de-b49a-f2451a2ce3fa,1.94879e+10,37000,194.879
1658287322,AKROUSDT,Buy,207400,0.005267,ZeroMinusTick,f5bb9188-e9f4-57b4-84e3-302190ce8055,1.0923758e+11,207400,1092.3758
1658287322,AKROUSDT,Buy,82100,0.005267,ZeroMinusTick,1fe4f866-60f8-57a0-9375-9b2f5d924a8e,4.324207e+10,82100,432.4207
1658287322,AKROUSDT,Buy,125900,0.005267,ZeroMinusTick,a6207ad5-2985-5801-869f-fc9ecb33f1c7,6.631153000000001e+10,125900,663.1153
1658287323,AKROUSDT,Buy,24500,0.005264,MinusTick,75c7828b-aecc-5c53-bb51-d5800d0a2080,1.2896799999999998e+10,24500,128.968
1658287323,AKROUSDT,Buy,24500,0.005266,PlusTick,15f299d2-b28f-51e1-a00a-a06fbfaaa728,1.29017e+10,24500,129.017
1658287323,AKROUSDT,Buy,24500,0.005266,ZeroMinusTick,390ffe44-07a8-5755-97e6-8dc5118234c0,1.29017e+10,24500,129.017
1658287326,AKROUSDT,Sell,400,0.005264,MinusTick,4b1c3bce-2d1d-5bc2-87b8-a84be9d8f393,2.1056e+08,400,2.1056
1658287326,AKROUSDT,Sell,91400,0.005263,MinusTick,c6dad0ab-dd4e-5cce-8e06-535f656b9db9,4.810382e+10,91400,481.0382
1658287326,AKROUSDT,Sell,91400,0.005263,ZeroMinusTick,12660f9b-467f-5ab6-8388-c3e40cc5291e,4.810382e+10,91400,481.0382
1658287326,AKROUSDT,Sell,68900,0.005263,ZeroMinusTick,6bac791f-a5d0-57ee-b86d-bfb16546232e,3.626207e+10,68900,362.6207
1658287327,AKROUSDT,Sell,100,0.005256,MinusTick,c30b9d41-8215-5337-9c46-0b35be07e9f0,5.256000000000001e+07,100,0.5256000000000001
1658287327,AKROUSDT,Sell,196500,0.005250,MinusTick,66231c25-ce92-5321-b1dd-97d98e3b676d,1.031625e+11,196500,1031.625
1658287359,AKROUSDT,Buy,61200,0.005259,PlusTick,18fa203e-50e8-5f06-af9b-56cf05534a5e,3.218508e+10,61200,321.8508
1658287359,AKROUSDT,Buy,400,0.005260,PlusTick,09a28f27-0391-52ad-8147-f88b5e012ccc,2.104e+08,400,2.104
1658287359,AKROUSDT,Buy,96300,0.005261,PlusTick,df2c477f-45e3-52f5-bc06-8d165609f853,5.066343e+10,96300,506.6343
1658287359,AKROUSDT,Buy,197000,0.005262,PlusTick,7f989e8c-3603-54f5-a6be-35781d6a062a,1.036614e+11,197000,1036.614
1658287409,AKROUSDT,Buy,260000,0.005259,MinusTick,88a07742-a9ac-56dc-9ab7-82018fb2c235,1.3673399999999998e+11,260000,1367.34
1658287414,AKROUSDT,Buy,100,0.005259,ZeroMinusTick,97404acc-129f-526a-9b20-4cc539aab3f9,5.259e+07,100,0.5259
1658287434,AKROUSDT,Buy,10000,0.005259,ZeroMinusTick,2bfe4d9b-50f4-5cd7-b6a0-b7ff36691568,5.259e+09,10000,52.589999999999996
1658287494,AKROUSDT,Sell,300,0.005256,MinusTick,8dea71cd-9083-5dc6-91c1-5a6e8398b8f3,1.5768e+08,300,1.5768
1658287512,AKROUSDT,Sell,24500,0.005258,PlusTick,09b74999-6205-5610-9375-6158f6c8d515,1.28821e+10,24500,128.821
1658287518,AKROUSDT,Sell,24500,0.005258,ZeroMinusTick,ac38c7ce-5069-561b-b5b8-78f9591bc053,1.28821e+10,24500,128.821
1658287519,AKROUSDT,Sell,24500,0.005258,ZeroMinusTick,dcb5b916-5754-54d2-a6a7-a74b2ad35e37,1.28821e+10,24500,128.821
1658287535,AKROUSDT,Buy,15000,0.005262,PlusTick,5b306725-844c-50a9-9e6a-322f69a28f11,7.893000000000001e+09,15000,78.93
1658287620,AKROUSDT,Buy,24500,0.005258,MinusTick,c50b1e35-2d74-5bfb-9025-4bcac22d2b65,1.28821e+10,24500,128.821
1658287620,AKROUSDT,Buy,15700,0.005259,PlusTick,8ffb8c2f-567c-5934-b3b5-371ad6af8214,8.25663e+09,15700,82.5663
1658287633,AKROUSDT,Sell,24500,0.005262,PlusTick,0e9e2629-e7ba-56b6-bfe8-de4be4f4d3c9,1.2891900000000002e+10,24500,128.919
1658287684,AKROUSDT,Sell,600,0.005257,MinusTick,3d9392d1-7d02-5c99-a21a-8d5eb8fccfa8,3.1542000000000006e+08,600,3.1542000000000003
1658287823,AKROUSDT,Sell,260000,0.005273,PlusTick,0067bf8b-04cd-58ab-a2e3-6005f62b9cea,1.37098e+11,260000,1370.98
1658287823,AKROUSDT,Sell,24500,0.005269,MinusTick,0c594177-e974-53f1-b296-875f57f20ef9,1.2909050000000002e+10,24500,129.09050000000002
1658287823,AKROUSDT,Sell,24500,0.005270,PlusTick,6cd4218e-0999-5cf4-b23d-3ccdf9dd101d,1.29115e+10,24500,129.115
1658287827,AKROUSDT,Sell,24500,0.005271,PlusTick,10a6563b-ae17-57f8-ace4-e82892dfd36c,1.291395e+10,24500,129.1395
1658287827,AKROUSDT,Sell,223800,0.005271,ZeroMinusTick,43ebf411-2aed-5e2a-a062-6e1c34044ea3,1.1796497999999998e+11,223800,1179.6498
1658287828,AKROUSDT,Buy,100,0.005273,PlusTick,4e84d451-7536-55a2-9306-b775affa0c4b,5.273e+07,100,0.5273
1658287829,AKROUSDT,Buy,100,0.005272,MinusTick,27e17e05-e3cd-563d-95e0-3bf8af02da7d,5.272e+07,100,0.5272
1658287829,AKROUSDT,Sell,24500,0.005271,MinusTick,5aaa7a67-734d-5f65-a313-b6a8a29752cf,1.291395e+10,24500,129.1395
1658287831,AKROUSDT,Buy,125900,0.005270,MinusTick,91328cca-18c5-573f-b5f1-e4b8768142d8,6.634930000000001e+10,125900,663.493
1658287831,AKROUSDT,Buy,358100,0.005270,ZeroMinusTick,433e7539-b2cc-5533-b350-3ab8529b1769,1.887187e+11,358100,1887.1870000000001
1658287831,AKROUSDT,Buy,223800,0.005270,ZeroMinusTick,4c7fe09d-6371-59cc-88fe-162d4a5494a0,1.1794260000000002e+11,223800,1179.4260000000002
1658287831,AKROUSDT,Sell,63200,0.005272,PlusTick,1084c04c-8a63-55b8-976f-74f9a17edeef,3.331904e+10,63200,333.1904
1658287831,AKROUSDT,Sell,63200,0.005272,ZeroMinusTick,5287d613-598a-538a-b331-b103154f73f8,3.331904e+10,63200,333.1904
1658287831,AKROUSDT,Sell,83800,0.005272,ZeroMinusTick,bf94d74c-688d-55f3-ab66-8d8cffdf45da,4.417936e+10,83800,441.79359999999997
1658287831,AKROUSDT,Sell,49800,0.005272,ZeroMinusTick,4793456d-7092-5d31-a687-d191f23a06b5,2.6254559999999996e+10,49800,262.5456
1658287831,AKROUSDT,Sell,24500,0.005272,ZeroMinusTick,ff59039a-7e73-5a23-97a0-b2032807b7d8,1.2916399999999998e+10,24500,129.164
1658287831,AKROUSDT,Sell,24500,0.005269,MinusTick,de847e05-3d27-53ea-9eb8-d1f654c7e370,1.2909050000000002e+10,24500,129.09050000000002
1658287831,AKROUSDT,Sell,24500,0.005269,ZeroMinusTick,2d08c385-ff2a-5024-bea2-63c5adf024c1,1.2909050000000002e+10,24500,129.09050000000002
1658287831,AKROUSDT,Sell,24500,0.005269,ZeroMinusTick,07bb863a-ae1c-54b6-9636-7ba3123c0d80,1.2909050000000002e+10,24500,129.09050000000002
1658287831,AKROUSDT,Sell,125800,0.005269,ZeroMinusTick,fa8bf908-f085-5c4b-a496-9860b4b6493f,6.628402e+10,125800,662.8402
1658287831,AKROUSDT,Sell,49000,0.005269,ZeroMinusTick,8a6084cd-3a74-5451-bbc9-677a2f3baf39,2.5818100000000004e+10,49000,258.18100000000004
1658287832,AKROUSDT,Buy,100,0.005268,MinusTick,78f9199c-3015-5ccc-b92d-9b7044a77f20,5.268000000000001e+07,100,0.5268
1658287834,AKROUSDT,Sell,23400,0.005267,MinusTick,b196386d-f953-58ec-bebb-ee4ad7ce50af,1.232478e+10,23400,123.2478
1658287836,AKROUSDT,Buy,24500,0.005269,PlusTick,4f74e2af-41a0-5152-b08f-4c3a25a779ab,1.2909050000000002e+10,24500,129.09050000000002
1658287839,AKROUSDT,Sell,24500,0.005270,PlusTick,9434bf96-d20e-5caf-8507-51e2134d143d,1.29115e+10,24500,129.115
1658287843,AKROUSDT,Sell,11300,0.005266,MinusTick,0b75ddf8-ba8b-524a-964c-04e06e2d6619,5.95058e+09,11300,59.5058
1658287844,AKROUSDT,Buy,1000,0.005272,PlusTick,269e9cd1-a77d-5a78-b228-4302277b58f7,5.2719999999999994e+08,1000,5.271999999999999
1658287849,AKROUSDT,Sell,125900,0.005269,MinusTick,c676e80b-10cd-5a8a-be89-9a5f84907702,6.633671000000001e+10,125900,663.3671
1658287862,AKROUSDT,Sell,23000,0.005266,MinusTick,08760ef6-094a-5e78-ba6c-feb7064ca7c9,1.21118e+10,23000,121.118
1658287877,AKROUSDT,Buy,358100,0.005268,PlusTick,fd4fe688-d755-5f7b-b6a4-9cef54804ffd,1.8864708e+11,358100,1886.4708
1658287877,AKROUSDT,Buy,24500,0.005270,PlusTick,e7482814-cb52-5e44-9b14-ad3091220d02,1.29115e+10,24500,129.115
1658287884,AKROUSDT,Sell,24500,0.005268,MinusTick,124818d1-4cdc-54e3-add0-aba9c4d400aa,1.29066e+10,24500,129.066
1658287922,AKROUSDT,Sell,260000,0.005268,ZeroMinusTick,7a6bafed-aca0-5139-903e-d1adebc46663,1.36968e+11,260000,1369.68
1658287924,AKROUSDT,Sell,100,0.005267,MinusTick,b197b75f-e4f5-5611-8d2f-d628b15485ce,5.266999999999999e+07,100,0.5267
1658288056,AKROUSDT,Buy,24500,0.005260,MinusTick,465a3970-2f3b-5f7a-a83c-a4a1490724dd,1.2887e+10,24500,128.87
1658288056,AKROUSDT,Buy,24500,0.005260,ZeroMinusTick,5ef6a84e-96ed-5c64-8536-02c1b3f5ecd0,1.2887e+10,24500,128.87
1658288057,AKROUSDT,Buy,24500,0.005262,PlusTick,af2e01b1-763a-50cc-a29c-650176fbc282,1.2891900000000002e+10,24500,128.919
1658288058,AKROUSDT,Buy,24500,0.005262,ZeroMinusTick,c00c93ed-43c2-5ff5-a445-7576fe645845,1.2891900000000002e+10,24500,128.919
1658288099,AKROUSDT,Sell,238300,0.005259,MinusTick,f695b23b-6f13-593b-8141-41ad61adc0b9,1.2532196999999998e+11,238300,1253.2196999999999
1658288099,AKROUSDT,Buy,24500,0.005258,MinusTick,143f6604-0e56-5eb4-8474-48d0e2ce6264,1.28821e+10,24500,128.821
1658288114,AKROUSDT,Buy,500,0.005260,PlusTick,63ca1244-a384-5bae-ba88-6ba214798c9f,2.63e+08,500,2.63
1658288214,AKROUSDT,Sell,81500,0.005259,MinusTick,c8916070-9dfb-51aa-8397-047f9e858c55,4.286085e+10,81500,428.6085
1658288214,AKROUSDT,Sell,81500,0.005259,ZeroMinusTick,062574cf-4b75-52c2-876b-1c74cf3a014d,4.286085e+10,81500,428.6085
1658288215,AKROUSDT,Sell,95500,0.005259,ZeroMinusTick,faaa3833-4e72-54e8-9d5c-d61d46951cc2,5.022345e+10,95500,502.23449999999997
1658288215,AKROUSDT,Sell,1500,0.005259,ZeroMinusTick,59830696-4a6b-5f06-9bc9-e11cc9bf7c49,7.8885e+08,1500,7.8885
1658288224,AKROUSDT,Buy,1700,0.005260,PlusTick,99b8e723-bb8e-5363-b613-6ab7f1a48614,8.942e+08,1700,8.942
1658288254,AKROUSDT,Sell,22500,0.005254,MinusTick,b0d00e92-9209-55bd-9ccc-3d0acd009fb2,1.18215e+10,22500,118.215
1658288270,AKROUSDT,Sell,260000,0.005259,PlusTick,02d7034e-febd-547c-a15e-10f68b5be61d,1.3673399999999998e+11,260000,1367.34
1658288285,AKROUSDT,Buy,142800,0.005263,PlusTick,aa03c328-f838-554e-a3c8-fc041273f8c4,7.515564e+10,142800,751.5564
1658288285,AKROUSDT,Buy,142800,0.005263,ZeroMinusTick,9d6c0233-9795-5248-9538-850bdd123a0d,7.515564e+10,142800,751.5564
1658288285,AKROUSDT,Buy,97600,0.005263,ZeroMinusTick,5e807d95-1d25-5c49-9762-d135266b589f,5.136688e+10,97600,513.6688
1658288285,AKROUSDT,Sell,260000,0.005268,PlusTick,58aa58d6-4a4b-5eed-8125-0726e52e9d2b,1.36968e+11,260000,1369.68
1658288285,AKROUSDT,Sell,260000,0.005267,MinusTick,7e1ffae2-af89-5e85-a29d-1a7129df67bf,1.36942e+11,260000,1369.42
1658288371,AKROUSDT,Buy,24500,0.005271,PlusTick,b5756022-b0fe-5b1a-8f2c-d4daa4b1a93a,1.291395e+10,24500,129.1395
1658288371,AKROUSDT,Buy,164900,0.005272,PlusTick,b4ba3eb3-b3d1-57d6-aef0-0b2cf2fad901,8.693528e+10,164900,869.3528
1658288371,AKROUSDT,Buy,118600,0.005272,ZeroMinusTick,d8ed0955-c57c-5222-b3a8-46c915143615,6.252592e+10,118600,625.2592
1658288371,AKROUSDT,Buy,196600,0.005272,ZeroMinusTick,052562ee-23bb-5d04-9002-be93ad65742c,1.0364751999999998e+11,196600,1036.4751999999999
1658288371,AKROUSDT,Buy,68000,0.005273,PlusTick,c890a20a-a7a9-5b76-bce5-6bfc28b28882,3.58564e+10,68000,358.564
1658288371,AKROUSDT,Buy,191900,0.005273,ZeroMinusTick,8bc77fc5-139e-53fa-adca-0165629d5a87,1.0118887e+11,191900,1011.8887
1658288371,AKROUSDT,Buy,72600,0.005274,PlusTick,a608bd56-990f-56e6-a75b-c6295cb6fde9,3.828924e+10,72600,382.8924
1658288371,AKROUSDT,Buy,223800,0.005274,ZeroMinusTick,06499e21-6e1a-52a1-b127-786b6b1c104f,1.1803212000000002e+11,223800,1180.3212
1658288371,AKROUSDT,Buy,3600,0.005274,ZeroMinusTick,7454d218-9a01-5bcb-88ea-7bb4111f35d5,1.89864e+09,3600,18.9864
1658288371,AKROUSDT,Buy,40000,0.005280,PlusTick,e20246ef-4a7b-5d5c-ab86-30885e7f3648,2.112e+10,40000,211.2
1658288371,AKROUSDT,Buy,100,0.005305,PlusTick,71c24e61-80fd-57c1-9b70-b5fe56e1bd66,5.305e+07,100,0.5305
1658288371,AKROUSDT,Sell,30500,0.005282,MinusTick,49859052-4ad6-5166-94e8-c6dbfcc0f5cf,1.61101e+10,30500,161.101
1658288371,AKROUSDT,Sell,15900,0.005281,MinusTick,480cc992-8845-5def-956d-f28ca9ace46b,8.39679e+09,15900,83.9679
1658288371,AKROUSDT,Buy,12100,0.005301,PlusTick,3266ba63-93c5-59ae-88da-dd0595735ad4,6.41421e+09,12100,64.1421
1658288371,AKROUSDT,Sell,260000,0.005298,MinusTick,796e855f-aefd-5ba1-9d76-e47e5548103b,1.37748e+11,260000,1377.48
1658288371,AKROUSDT,Sell,196600,0.005299,PlusTick,7bc94da4-01ce-59dc-bef4-e8754e394493,1.0417834e+11,196600,1041.7834
1658288371,AKROUSDT,Sell,161500,0.005299,ZeroMinusTick,39523a6a-42b7-515a-8357-fd3379bb2192,8.557885e+10,161500,855.7885
1658288371,AKROUSDT,Sell,196600,0.005289,MinusTick,35ea5c08-2e87-537e-b914-6450aa254e24,1.0398174000000002e+11,196600,1039.8174000000001
1658288371,AKROUSDT,Sell,132800,0.005288,MinusTick,0644c14d-8eab-5ab3-a392-4451ddac9490,7.022464e+10,132800,702.2464
1658288371,AKROUSDT,Sell,118200,0.005288,ZeroMinusTick,caef820d-2265-5d02-877e-39c9734770b7,6.250416e+10,118200,625.0416
1658288372,AKROUSDT,Buy,7400,0.005299,PlusTick,e9fbef9b-a4b9-508f-ad5f-94bf8302c9f9,3.92126e+09,7400,39.2126
1658288374,AKROUSDT,Buy,1700,0.005299,ZeroMinusTick,86f5016c-b0c8-5d9e-8d15-e1f24b395289,9.0083e+08,1700,9.0083
1658288374,AKROUSDT,Buy,5000,0.005299,ZeroMinusTick,cabbd4fb-cd6c-5443-83d5-ed2e2f5f680d,2.6495e+09,5000,26.495
1658288377,AKROUSDT,Sell,100,0.005291,MinusTick,9daad4e5-6631-53f1-8cd6-6a5ad1476a46,5.291e+07,100,0.5291
1658288377,AKROUSDT,Sell,300,0.005291,ZeroMinusTick,23195c70-f02e-5738-9b7a-6a57e8bec146,1.5873e+08,300,1.5873
1658288377,AKROUSDT,Sell,24500,0.005290,MinusTick,450a8922-3801-53e9-bb70-d6903cd272b5,1.2960500000000002e+10,24500,129.60500000000002
1658288377,AKROUSDT,Sell,260000,0.005288,MinusTick,a7b15ad4-a2fa-51d3-bfa1-e8a6ce7659be,1.37488e+11,260000,1374.88
1658288377,AKROUSDT,Sell,24500,0.005285,MinusTick,e9e12a41-a6f6-50dc-b19f-7b7a0ff4c89a,1.2948249999999998e+10,24500,129.4825
1658288377,AKROUSDT,Sell,160000,0.005277,MinusTick,16bda508-1a12-5454-b158-6f52f367be26,8.4432e+10,160000,844.3199999999999
1658288377,AKROUSDT,Sell,5400,0.005277,ZeroMinusTick,4d59ba01-798d-5e3e-8432-58c5d32c64d8,2.84958e+09,5400,28.4958
1658288377,AKROUSDT,Buy,221600,0.005270,MinusTick,0476bb4d-3379-5cfd-94d2-1064e12622b3,1.1678320000000002e+11,221600,1167.832
1658288377,AKROUSDT,Buy,15900,0.005270,ZeroMinusTick,aba4ac0e-0ecd-509e-8c96-73cedea2d7d3,8.379300000000001e+09,15900,83.793
1658288377,AKROUSDT,Buy,30000,0.005270,ZeroMinusTick,d75b4d3e-d041-553d-9b2d-8f697116f375,1.5810000000000002e+10,30000,158.10000000000002
1658288377,AKROUSDT,Buy,500,0.005269,MinusTick,7e69e4d7-0782-570e-a9ee-bea06b849808,2.6345e+08,500,2.6345
1658288377,AKROUSDT,Buy,400,0.005270,PlusTick,a004b2f4-3e8d-52ff-bfc8-0d27eff1a02d,2.108e+08,400,2.108
1658288377,AKROUSDT,Sell,400,0.005260,MinusTick,a04ebca6-062d-5f2a-b358-50e1c753e163,2.104e+08,400,2.104
1658288377,AKROUSDT,Sell,24500,0.005259,MinusTick,c19493f3-562c-5812-91c1-5b7b94c4ea98,1.2884549999999998e+10,24500,128.8455
1658288377,AKROUSDT,Buy,295000,0.005258,MinusTick,d193e6fd-644c-592a-ae48-1601cc076e40,1.55111e+11,295000,1551.11
1658288377,AKROUSDT,Buy,63100,0.005258,ZeroMinusTick,82f16d1b-e180-5f88-9e61-5b77f05db046,3.3177979999999996e+10,63100,331.77979999999997
1658288377,AKROUSDT,Buy,231900,0.005259,PlusTick,13702499-b540-5861-ad40-6d5e00a53f25,1.2195620999999998e+11,231900,1219.5620999999999
1658288377,AKROUSDT,Buy,63100,0.005259,ZeroMinusTick,2f9922a8-4749-5369-9900-174d50ddca79,3.318429e+10,63100,331.8429
1658288377,AKROUSDT,Buy,231900,0.005259,ZeroMinusTick,d826a71b-ca9e-5f99-a3d4-81bf6f2cd6a0,1.2195620999999998e+11,231900,1219.5620999999999
1658288377,AKROUSDT,Buy,88000,0.005259,ZeroMinusTick,8c92a6e4-4b5b-58ed-a5c9-0077d8eabe40,4.62792e+10,88000,462.792
1658288378,AKROUSDT,Buy,400,0.005271,PlusTick,a4fd5ac1-26ed-5e5b-995d-159c41d98525,2.1084e+08,400,2.1084
1658288378,AKROUSDT,Buy,24500,0.005272,PlusTick,f3b3df6f-da45-56ea-9cca-15959a1030f2,1.2916399999999998e+10,24500,129.164
1658288378,AKROUSDT,Buy,24500,0.005274,PlusTick,bcc48453-5fa7-5512-9f0a-2c3121b149f4,1.29213e+10,24500,129.213
1658288378,AKROUSDT,Sell,5800,0.005272,MinusTick,66052f08-7cd2-59e1-86a2-7aaf1f27afe3,3.05776e+09,5800,30.5776
1658288393,AKROUSDT,Buy,24500,0.005279,PlusTick,210c55ce-f361-51ec-bb51-557e64b39bb4,1.293355e+10,24500,129.3355
1658288393,AKROUSDT,Buy,71000,0.005282,PlusTick,427b33c9-2c13-5235-94ae-40591b9cf0cb,3.75022e+10,71000,375.022
1658288393,AKROUSDT,Buy,71000,0.005282,ZeroMinusTick,e3edb43a-5c79-5d09-88e2-b8b21efd7a67,3.75022e+10,71000,375.022
1658288393,AKROUSDT,Sell,24500,0.005283,PlusTick,154b251c-a2ff-5bea-bd59-43db07708177,1.294335e+10,24500,129.4335
1658288398,AKROUSDT,Sell,400,0.005283,ZeroMinusTick,d9cf6c8d-4ed6-5fe9-9791-3a4db6bc3f01,2.1132e+08,400,2.1132
1658288398,AKROUSDT,Sell,19100,0.005282,MinusTick,ed3ff226-0df2-516d-a7ef-fe70837aaaf1,1.008862e+10,19100,100.8862
1658288398,AKROUSDT,Buy,18600,0.005290,PlusTick,7fe49af6-009e-5c2d-ae81-2c9d983b8a3c,9.8394e+09,18600,98.394
1658288440,AKROUSDT,Sell,100,0.005283,MinusTick,d7ac5316-d3a7-56fa-b863-e966174553ea,5.283e+07,100,0.5283
1658288486,AKROUSDT,Buy,400,0.005289,PlusTick,10f9f0c5-21ab-5ff4-b657-8ae814ec2808,2.1156e+08,400,2.1156
1658288486,AKROUSDT,Buy,5900,0.005290,PlusTick,ec8881eb-b6a9-5dea-9774-117171502f99,3.1211e+09,5900,31.211000000000002
1658288486,AKROUSDT,Buy,165400,0.005293,PlusTick,0ce1553b-1186-59a3-86dd-89ffa4cbd2c2,8.754622e+10,165400,875.4621999999999
1658288486,AKROUSDT,Buy,129700,0.005294,PlusTick,783acfe1-721b-50f4-8bc1-20685f1f9b70,6.866318e+10,129700,686.6318
1658288486,AKROUSDT,Buy,18400,0.005294,ZeroMinusTick,c94db9d5-738c-56c7-8ef2-01635929d975,9.74096e+09,18400,97.4096
1658288486,AKROUSDT,Buy,28400,0.005300,PlusTick,29d56724-70db-5fbc-a736-eb24ecc9402f,1.5052000000000002e+10,28400,150.52
1658288486,AKROUSDT,Buy,24500,0.005301,PlusTick,b7f7b076-04fe-5006-a619-5443def872b8,1.2987450000000002e+10,24500,129.8745
1658288486,AKROUSDT,Buy,54200,0.005302,PlusTick,1b6e8e87-6da7-518b-bfcc-37868234e678,2.873684e+10,54200,287.3684
1658288486,AKROUSDT,Buy,221400,0.005304,PlusTick,e3c91f34-0030-5c58-abc9-930c672acb74,1.1743055999999998e+11,221400,1174.3056
1658288489,AKROUSDT,Buy,24500,0.005302,MinusTick,2c09c3cb-b259-5848-a47b-2c7c551f56a8,1.29899e+10,24500,129.899
1658288489,AKROUSDT,Buy,168600,0.005303,PlusTick,9f59da76-8d09-5c24-8f77-fb87688d6a8a,8.940858e+10,168600,894.0858000000001
1658288489,AKROUSDT,Buy,95900,0.005304,PlusTick,e7d46dcd-7b65-5693-a19d-f7c1bc8f429a,5.086536e+10,95900,508.6536
1658288531,AKROUSDT,Sell,400,0.005294,MinusTick,05a89a16-e3aa-5668-b92a-196f4cb96c58,2.1176e+08,400,2.1176
1658288531,AKROUSDT,Sell,6300,0.005293,MinusTick,d95affd0-276a-5efd-b55c-2aaf26954d7d,3.33459e+09,6300,33.3459
1658288554,AKROUSDT,Sell,1300,0.005296,PlusTick,f4d8110d-6ae3-56ec-baf1-5a45ba943782,6.8848e+08,1300,6.8848
1658288660,AKROUSDT,Buy,400,0.005303,PlusTick,3a561691-5063-5305-b647-24b4cd918c9f,2.1212e+08,400,2.1212
1658288660,AKROUSDT,Buy,32700,0.005304,PlusTick,1dbd18e0-cc45-578c-870b-70d1fb7743d6,1.734408e+10,32700,173.4408
1658288660,AKROUSDT,Buy,56900,0.005304,ZeroMinusTick,8d8f7b15-faf7-523a-8b11-09673e1012e9,3.017976e+10,56900,301.7976
1658288660,AKROUSDT,Buy,168600,0.005306,PlusTick,780dcc7e-ff63-52f5-a1f1-cf3bc3c111ef,8.945916e+10,168600,894.5916
1658288660,AKROUSDT,Buy,100000,0.005309,PlusTick,ec2924ff-2acc-5d59-8861-7d73d476d8f3,5.309000000000001e+10,100000,530.9000000000001
1658288665,AKROUSDT,Sell,24500,0.005308,MinusTick,0f3117c9-6522-58b9-8b79-5486e01174e1,1.30046e+10,24500,130.046
1658288665,AKROUSDT,Sell,24500,0.005308,ZeroMinusTick,7da11e2f-3170-5638-868d-e9208e4aba5a,1.30046e+10,24500,130.046
1658288677,AKROUSDT,Sell,293100,0.005304,MinusTick,723b1dd8-2dc0-52d4-b913-3c6f489554e6,1.5546024e+11,293100,1554.6024
1658288677,AKROUSDT,Sell,154400,0.005304,ZeroMinusTick,e455d31c-d4b9-5741-a7a5-cdbe25228d5c,8.189376e+10,154400,818.9376
1658288677,AKROUSDT,Sell,24500,0.005303,MinusTick,313a9659-f7ea-5e75-9dff-f70305359bbb,1.2992350000000002e+10,24500,129.92350000000002
1658288685,AKROUSDT,Sell,100,0.005294,MinusTick,4df19087-ab86-50b1-83b4-1c9b60f43743,5.294e+07,100,0.5294
1658288685,AKROUSDT,Sell,300,0.005294,ZeroMinusTick,1227b315-f29d-5a48-bc30-24d7b0411ca9,1.5882e+08,300,1.5882
1658288685,AKROUSDT,Sell,173100,0.005293,MinusTick,2f050e0f-dca8-58d9-922c-0fef68a16552,9.162183e+10,173100,916.2183
1658288685,AKROUSDT,Sell,115400,0.005293,ZeroMinusTick,fadceada-67df-5db5-8e66-13bc534a99ce,6.108121999999999e+10,115400,610.8122
1658288685,AKROUSDT,Sell,79100,0.005292,MinusTick,4c65d55f-680b-572f-934f-e1d4cbea0025,4.185972e+10,79100,418.5972
1658288685,AKROUSDT,Sell,100,0.005292,ZeroMinusTick,7799af85-71fe-5129-8b04-aecf0872aad0,5.292e+07,100,0.5292
1658288685,AKROUSDT,Sell,122400,0.005292,ZeroMinusTick,4b43baba-e603-58f2-8717-198e6994da91,6.477408e+10,122400,647.7408
1658288685,AKROUSDT,Sell,148100,0.005288,MinusTick,f786d28d-bffa-59c5-abf8-f490b52d942d,7.831528e+10,148100,783.1528000000001
1658288698,AKROUSDT,Buy,400,0.005283,MinusTick,5c37cb78-f64e-5eca-ab44-d521ad1f7ce2,2.1132e+08,400,2.1132
1658288734,AKROUSDT,Sell,400,0.005280,MinusTick,363fff14-f6b6-5785-ae15-3fae311f2b91,2.112e+08,400,2.112
1658288734,AKROUSDT,Buy,1100,0.005280,ZeroMinusTick,deabcab7-c181-54f4-8a5e-397555728188,5.808e+08,1100,5.808
1658288773,AKROUSDT,Buy,400,0.005289,PlusTick,715532f9-4d63-56f7-a53b-ec98cbdc6bbc,2.1156e+08,400,2.1156
1658288773,AKROUSDT,Buy,176700,0.005292,PlusTick,d84a51bd-322e-5d6e-ab30-092e36f949f6,9.350964e+10,176700,935.0964
1658288773,AKROUSDT,Buy,123600,0.005292,ZeroMinusTick,76ae85ad-780c-5805-8c99-a3a4ab9960c4,6.540911999999999e+10,123600,654.0912
1658288773,AKROUSDT,Buy,383200,0.005293,PlusTick,7022aa1d-0798-5512-b318-83ff1a10f877,2.0282776e+11,383200,2028.2776
1658288773,AKROUSDT,Buy,116500,0.005293,ZeroMinusTick,78ab36f9-6db3-5ba9-ae0b-598a678e5105,6.166345e+10,116500,616.6345
1658288773,AKROUSDT,Buy,266700,0.005293,ZeroMinusTick,9b3a7cb9-046a-5e22-bbe3-d4dffb7d9ab6,1.4116431e+11,266700,1411.6431
1658288773,AKROUSDT,Buy,221600,0.005293,ZeroMinusTick,bb5b0941-51bd-531b-bb09-16c752d3f57b,1.1729287999999998e+11,221600,1172.9288
1658288773,AKROUSDT,Buy,97700,0.005293,ZeroMinusTick,36840466-c837-5d0e-80dd-ee794a4aed86,5.171260999999999e+10,97700,517.1261
1658288773,AKROUSDT,Buy,105600,0.005299,PlusTick,7dd7b156-8de8-53ad-af1e-f6eaaf140b4c,5.595744e+10,105600,559.5744
1658288773,AKROUSDT,Buy,107700,0.005299,ZeroMinusTick,cc114dcb-ec9f-5f34-a427-5a16eae7dec2,5.707023e+10,107700,570.7023
1658288774,AKROUSDT,Buy,42800,0.005310,PlusTick,fdda07a8-54a4-5632-80a6-d9bf94e756c9,2.2726799999999996e+10,42800,227.26799999999997
1658288774,AKROUSDT,Buy,65500,0.005311,PlusTick,a7ed9827-c8b0-55e3-ae5f-6ef3b1e2e346,3.478705e+10,65500,347.8705
1658288774,AKROUSDT,Buy,101200,0.005311,ZeroMinusTick,6c2cf011-8224-599f-9558-ef6352af2e33,5.374732e+10,101200,537.4732
