timestamp,symbol,side,size,price,tickDirection,trdMatchID,grossValue,homeNotional,foreignNotional
1658102431,AKROUSDT,Sell,400,0.004812,PlusTick,26ccf034-aa6b-5b35-ba94-824deeaf93d6,1.9248e+08,400,1.9248
1658102431,AKROUSDT,Sell,244900,0.004811,MinusTick,7d5064ad-c52b-5fa0-b5f7-14431e9b0148,1.1782139e+11,244900,1178.2139
1658102435,AKROUSDT,Sell,100,0.004808,MinusTick,d842ad4e-982d-5cf1-9582-95c4726762ca,4.808e+07,100,0.4808
1658102438,AKROUSDT,Sell,18500,0.004809,PlusTick,f7172cd9-27f3-56e5-9047-0f9d4c8047ab,8.89665e+09,18500,88.9665
1658102440,AKROUSDT,Sell,84600,0.004808,MinusTick,425fe0f4-7599-5526-a0c5-56b4f1f10d45,4.067568e+10,84600,406.7568
1658102448,AKROUSDT,Sell,144800,0.004807,MinusTick,64004585-cbd2-53c6-a183-b8b18a489ea6,6.960536e+10,144800,696.0536
1658102454,AKROUSDT,Sell,100000,0.004804,MinusTick,9a5b40d6-8527-588f-9757-3bf20a32b376,4.804e+10,100000,480.40000000000003
1658102454,AKROUSDT,Sell,99900,0.004804,ZeroMinusTick,52d438de-80e8-5966-8173-6f1297337b60,4.799196e+10,99900,479.9196
1658102478,AKROUSDT,Buy,400,0.004809,PlusTick,9045354a-ea53-51bb-a1ba-33b3f1082767,1.9236e+08,400,1.9236
1658102478,AKROUSDT,Buy,13200,0.004810,PlusTick,c2aa0832-1813-5a2c-aca6-13730f9f0497,6.3492e+09,13200,63.492
1658102492,AKROUSDT,Sell,100,0.004802,MinusTick,5cf1b15a-eb93-596c-bdee-94223a397fc2,4.801999999999999e+07,100,0.48019999999999996
1658102492,AKROUSDT,Sell,100,0.004802,ZeroMinusTick,b8738f24-7493-5e8b-a107-f8b159641975,4.801999999999999e+07,100,0.48019999999999996
1658102492,AKROUSDT,Sell,200,0.004802,ZeroMinusTick,56bc91ea-cd6f-57d6-b374-96336c4e756a,9.603999999999999e+07,200,0.9603999999999999
1658102492,AKROUSDT,Sell,68500,0.004801,MinusTick,6c5c0c28-4d52-57a9-87d3-af3c49c53eb0,3.288685e+10,68500,328.8685
1658102492,AKROUSDT,Sell,97200,0.004801,ZeroMinusTick,7b41b916-29b3-5d48-a623-02a113714f9f,4.666572e+10,97200,466.6572
1658102492,AKROUSDT,Sell,296400,0.004800,MinusTick,fc0c27f9-b0f3-5931-a117-5928d7dcaf75,1.4227199999999997e+11,296400,1422.7199999999998
1658102492,AKROUSDT,Sell,129300,0.004800,ZeroMinusTick,684d35ce-81bc-53f5-af57-673464784081,6.2064e+10,129300,620.64
1658102492,AKROUSDT,Sell,579900,0.004800,ZeroMinusTick,e800402e-62c6-58ab-b714-e88a802e47fe,2.78352e+11,579900,2783.52
1658102492,AKROUSDT,Sell,120700,0.004800,ZeroMinusTick,45ffd983-7e17-564a-aaee-367b283aa325,5.793599999999999e+10,120700,579.3599999999999
1658102492,AKROUSDT,Sell,7000,0.004800,ZeroMinusTick,684c7f77-3f38-5a6f-9ac5-9842c1308aa7,3.3599999999999995e+09,7000,33.599999999999994
1658102492,AKROUSDT,Sell,38400,0.004797,MinusTick,9274e03d-ed74-5179-9051-075415a00c67,1.842048e+10,38400,184.2048
1658102492,AKROUSDT,Sell,238100,0.004796,MinusTick,d2743c9a-c571-5442-a86f-8468df283400,1.1419276e+11,238100,1141.9276
1658102492,AKROUSDT,Sell,13400,0.004796,ZeroMinusTick,14ca4ff8-5e03-5709-9516-19076b54255c,6.42664e+09,13400,64.2664
1658102492,AKROUSDT,Sell,11000,0.004794,MinusTick,d658e705-146e-5021-90a9-7a3991ff2aff,5.273399999999999e+09,11000,52.733999999999995
1658102492,AKROUSDT,Sell,6800,0.004794,ZeroMinusTick,63f08eb5-8ecd-5887-8c61-a9eeb46728e6,3.2599199999999995e+09,6800,32.599199999999996
1658102492,AKROUSDT,Sell,5000,0.004791,MinusTick,b8dd0ced-1d49-55cf-bbb7-779596d3447e,2.3955e+09,5000,23.955000000000002
1658102492,AKROUSDT,Sell,4000,0.004790,MinusTick,7ebc5f7e-9714-5933-a6c5-fea4cd4c791a,1.916e+09,4000,19.16
1658102492,AKROUSDT,Sell,29400,0.004790,ZeroMinusTick,322e7d33-737d-50e7-8f68-99a7e1792ace,1.40826e+10,29400,140.826
1658102492,AKROUSDT,Buy,700,0.004809,PlusTick,c2cdb474-76d8-5d36-b9f0-23d40db0a31d,3.3663e+08,700,3.3663
1658102492,AKROUSDT,Sell,24000,0.004790,MinusTick,1b18b0b4-4a69-5405-a0d5-ed1f90c79182,1.1496e+10,24000,114.96
1658102492,AKROUSDT,Sell,79000,0.004790,ZeroMinusTick,593b3c92-b590-56f7-a33c-386590fb0a63,3.7841e+10,79000,378.41
1658102492,AKROUSDT,Sell,14900,0.004787,MinusTick,fa83bbff-e294-55e3-b35d-26fe946e7296,7.132629999999999e+09,14900,71.32629999999999
1658102492,AKROUSDT,Sell,3400,0.004780,MinusTick,8cc0683a-d7a6-54a3-a331-5ad3abe2d2a1,1.6252000000000002e+09,3400,16.252000000000002
1658102492,AKROUSDT,Sell,6100,0.004776,MinusTick,33b578b4-07ac-5fa2-8a42-0e39f58310b7,2.91336e+09,6100,29.133599999999998
1658102492,AKROUSDT,Sell,8000,0.004772,MinusTick,75a17435-f510-57ef-8e62-3f0ac51df563,3.8176e+09,8000,38.176
1658102492,AKROUSDT,Sell,8000,0.004772,ZeroMinusTick,2620bd2c-3247-5350-ac30-a500f72dfaeb,3.8176e+09,8000,38.176
1658102492,AKROUSDT,Sell,5000,0.004768,MinusTick,46765ec1-44e7-5f49-965c-f4c10cb4f303,2.384e+09,5000,23.84
1658102492,AKROUSDT,Sell,400,0.004761,MinusTick,d3ae2cd7-e23c-5354-aa3d-d880cfc5dd0d,1.9044e+08,400,1.9043999999999999
1658102492,AKROUSDT,Sell,7600,0.004761,ZeroMinusTick,7ea38070-6726-5e2d-b20b-112e91f17d78,3.61836e+09,7600,36.1836
1658102492,AKROUSDT,Sell,86100,0.004760,MinusTick,d6aa448a-a38d-5894-85cb-574810d0a78e,4.09836e+10,86100,409.836
1658102492,AKROUSDT,Sell,54100,0.004760,ZeroMinusTick,71c0d5e2-4a8f-5dc5-899c-245ed860561c,2.5751600000000004e+10,54100,257.516
1658102492,AKROUSDT,Buy,6800,0.004771,PlusTick,f518a564-9aec-5053-8116-92a0b8e84218,3.24428e+09,6800,32.4428
1658102492,AKROUSDT,Buy,13400,0.004781,PlusTick,037ee29f-acbc-53aa-af20-b682032a0e96,6.40654e+09,13400,64.0654
1658102492,AKROUSDT,Buy,8000,0.004781,ZeroMinusTick,be043a6f-e938-5ee1-ad9f-c42307755b08,3.8247999999999995e+09,8000,38.248
1658102492,AKROUSDT,Buy,8000,0.004781,ZeroMinusTick,9e8470e5-4614-59c2-9278-cb9fe76f88a0,3.8247999999999995e+09,8000,38.248
1658102492,AKROUSDT,Buy,26500,0.004781,ZeroMinusTick,0d618eb6-f60c-5f34-bdf8-13ba28457f3d,1.2669649999999998e+10,26500,126.69649999999999
1658102492,AKROUSDT,Sell,17200,0.004765,MinusTick,04ea83fa-663e-5c2e-9679-d0ddbe478061,8.1958e+09,17200,81.958
1658102492,AKROUSDT,Sell,13500,0.004765,ZeroMinusTick,774e696c-13bd-552c-865d-75f94200b4a8,6.43275e+09,13500,64.3275
1658102492,AKROUSDT,Sell,100,0.004768,PlusTick,1cb8521e-4470-528e-9877-80ee94c1e1ac,4.767999999999999e+07,100,0.47679999999999995
1658102492,AKROUSDT,Sell,6500,0.004768,ZeroMinusTick,9140a9c6-ef14-5ab3-8266-64572877aec4,3.0991999999999995e+09,6500,30.991999999999997
1658102492,AKROUSDT,Sell,13600,0.004764,MinusTick,93fde522-e8e7-557b-b53d-c32e887552b9,6.479040000000001e+09,13600,64.7904
1658102492,AKROUSDT,Buy,11000,0.004762,MinusTick,0a1f78dd-dabe-52c1-ac12-f44a13ef2469,5.2382e+09,11000,52.382
1658102492,AKROUSDT,Buy,13600,0.004762,ZeroMinusTick,f8497561-38be-5f06-981d-39c39aac44dd,6.47632e+09,13600,64.7632
1658102492,AKROUSDT,Buy,146600,0.004762,ZeroMinusTick,8352f929-2d9d-5774-8d0e-ea26941f75ad,6.981092e+10,146600,698.1092
1658102492,AKROUSDT,Buy,21500,0.004762,ZeroMinusTick,e627e06b-f10b-51e0-8a13-7bb37a3ded52,1.02383e+10,21500,102.383
1658102492,AKROUSDT,Buy,6600,0.004762,ZeroMinusTick,b2185956-2c8e-530c-886a-d02bd456a315,3.14292e+09,6600,31.429199999999998
1658102492,AKROUSDT,Buy,400,0.004763,PlusTick,c1d6dbfa-1c01-59a2-b65c-2c4782f3b3e8,1.9052e+08,400,1.9052
1658102492,AKROUSDT,Buy,13600,0.004764,PlusTick,3be9d52a-2630-548f-8dc3-5db42d828ba8,6.479040000000001e+09,13600,64.7904
1658102494,AKROUSDT,Buy,24200,0.004767,PlusTick,432ecc05-482b-5d9e-b4ee-77b38f8e192e,1.153614e+10,24200,115.3614
1658102494,AKROUSDT,Buy,6100,0.004769,PlusTick,8572d9a6-fcdc-5792-8cdf-2e7cd62aeb0c,2.90909e+09,6100,29.090899999999998
1658102494,AKROUSDT,Buy,8000,0.004769,ZeroMinusTick,ceb7a0d2-4d38-58ea-a29f-fe4bbddfdbad,3.8152e+09,8000,38.152
1658102494,AKROUSDT,Buy,260000,0.004770,PlusTick,8688878b-956b-5ce7-9b6c-3d32169ec39b,1.2402e+11,260000,1240.2
1658102494,AKROUSDT,Sell,400,0.004766,MinusTick,388f845a-ec5d-5fab-9e0f-dbf364a847fc,1.9064e+08,400,1.9064
1658102494,AKROUSDT,Sell,6800,0.004765,MinusTick,d96bc0fe-159d-5409-a188-007a77df0e47,3.2402e+09,6800,32.402
1658102495,AKROUSDT,Sell,4300,0.004765,ZeroMinusTick,12a820ba-152e-534b-8bc3-da5364056169,2.04895e+09,4300,20.4895
1658102496,AKROUSDT,Buy,400,0.004777,PlusTick,038e1692-23e0-5a7a-aa63-ca8c975fcdd3,1.9108e+08,400,1.9108
1658102496,AKROUSDT,Buy,38800,0.004781,PlusTick,ecdbccad-4f88-5afc-b192-ace2bbc11b76,1.8550279999999996e+10,38800,185.50279999999998
1658102496,AKROUSDT,Buy,24200,0.004781,ZeroMinusTick,602ad3c8-7935-53fb-a454-85546ae2d534,1.157002e+10,24200,115.7002
1658102496,AKROUSDT,Buy,38500,0.004782,PlusTick,015cc356-ab85-5904-9819-bae31c93a799,1.84107e+10,38500,184.107
1658102496,AKROUSDT,Buy,24200,0.004782,ZeroMinusTick,0ecb763b-d013-567c-882d-e6e546560a2a,1.1572439999999998e+10,24200,115.72439999999999
1658102510,AKROUSDT,Buy,82800,0.004787,PlusTick,2817db1a-fa65-5aba-a2f6-40753dd25c9c,3.963636e+10,82800,396.36359999999996
1658102510,AKROUSDT,Buy,82800,0.004787,ZeroMinusTick,a2f1f0d9-ee66-5a8c-9bf2-f3d33b212995,3.963636e+10,82800,396.36359999999996
1658102510,AKROUSDT,Buy,94800,0.004787,ZeroMinusTick,d6454d6d-3b51-5238-93ea-5b1ee83155b9,4.538076e+10,94800,453.8076
1658102513,AKROUSDT,Buy,90700,0.004787,ZeroMinusTick,bbf0dffb-c947-50f2-8280-a3e04f4903d8,4.341808999999999e+10,90700,434.18089999999995
1658102519,AKROUSDT,Sell,32600,0.004788,PlusTick,7f4aab18-d380-5c77-b6d3-4e4207b16db9,1.560888e+10,32600,156.0888
1658102520,AKROUSDT,Buy,260000,0.004790,PlusTick,a0cb6164-1539-5074-8383-eec95c14705e,1.2454000000000002e+11,260000,1245.4
1658102520,AKROUSDT,Buy,24200,0.004790,ZeroMinusTick,6c4dc678-db17-5ecc-a575-8cb32ea91afb,1.15918e+10,24200,115.918
1658102520,AKROUSDT,Buy,24200,0.004793,PlusTick,85dfd52d-718a-58ea-8144-dd606c861f0e,1.1599060000000002e+10,24200,115.99060000000001
1658102520,AKROUSDT,Buy,400,0.004794,PlusTick,8244a9a6-b4d2-5ce1-bc62-e6c3b7de559d,1.9175999999999997e+08,400,1.9175999999999997
1658102520,AKROUSDT,Buy,219800,0.004797,PlusTick,ea86905a-7926-58e3-ad1e-13f2e30e5e2f,1.0543806e+11,219800,1054.3806
1658102525,AKROUSDT,Buy,100,0.004791,MinusTick,6745c9c9-45d7-5db3-ba82-3f05ce2ba7a7,4.791e+07,100,0.4791
1658102526,AKROUSDT,Sell,100,0.004790,MinusTick,e4eb01dd-f5b5-5202-b1a5-a9ad5eb244e4,4.79e+07,100,0.479
1658102536,AKROUSDT,Buy,101500,0.004789,MinusTick,146658c2-7643-54d3-a215-e53dad10cae0,4.860834999999999e+10,101500,486.08349999999996
1658102538,AKROUSDT,Sell,14800,0.004789,ZeroMinusTick,e0c0866e-a7e8-5fd4-812f-aa176ca41efb,7.08772e+09,14800,70.8772
1658102539,AKROUSDT,Buy,260000,0.004790,PlusTick,3a667b31-00b0-5888-a760-9f3f66ef1fcf,1.2454000000000002e+11,260000,1245.4
1658102540,AKROUSDT,Buy,24200,0.004794,PlusTick,27ec5226-3db9-5bd1-8240-ef590b86b22f,1.160148e+10,24200,116.0148
1658102544,AKROUSDT,Sell,100,0.004792,MinusTick,617986d0-0b7e-5668-9073-b1ada44d905a,4.792e+07,100,0.4792
1658102545,AKROUSDT,Sell,47400,0.004792,ZeroMinusTick,412e6e59-a1d7-5342-9c4a-d1c80bc9242b,2.271408e+10,47400,227.1408
1658102545,AKROUSDT,Sell,40800,0.004792,ZeroMinusTick,477cd72e-697e-5f79-af25-8eb412ac5626,1.955136e+10,40800,195.5136
1658102545,AKROUSDT,Sell,88400,0.004792,ZeroMinusTick,5c235afa-bc37-5d7f-a19b-5bb5800ec11c,4.236128000000001e+10,88400,423.61280000000005
1658102545,AKROUSDT,Sell,40800,0.004792,ZeroMinusTick,80fc5df6-47ac-5bc0-801b-2dd9693f416b,1.955136e+10,40800,195.5136
1658102545,AKROUSDT,Sell,88400,0.004792,ZeroMinusTick,2911a0ac-cffa-5141-a309-e48394787b9c,4.236128000000001e+10,88400,423.61280000000005
1658102545,AKROUSDT,Sell,88400,0.004792,ZeroMinusTick,58b9edd2-1e7b-5ad1-9fa5-367597e7837f,4.236128000000001e+10,88400,423.61280000000005
1658102545,AKROUSDT,Sell,33600,0.004792,ZeroMinusTick,a0409816-d433-5e6b-a94e-27adcd96552f,1.610112e+10,33600,161.0112
1658102547,AKROUSDT,Buy,260000,0.004790,MinusTick,dbfc679a-3667-5e59-9c11-b6235e5955c6,1.2454000000000002e+11,260000,1245.4
1658102556,AKROUSDT,Sell,100,0.004792,PlusTick,8c6a262c-d65c-5903-9d40-99a8134e5eb5,4.792e+07,100,0.4792
1658102557,AKROUSDT,Buy,1000,0.004797,PlusTick,42219030-b2ce-5dbc-b23b-1d0d41972597,4.797e+08,1000,4.797
1658102568,AKROUSDT,Sell,109400,0.004792,MinusTick,24c1dd3b-3394-5960-a3e8-7fa4c249b4f2,5.242448000000001e+10,109400,524.2448
1658102581,AKROUSDT,Sell,100,0.004792,ZeroMinusTick,d5a98b46-4fcc-50e6-92b9-6c3d2c12570c,4.792e+07,100,0.4792
1658102581,AKROUSDT,Sell,34000,0.004792,ZeroMinusTick,35856112-f3b8-5604-b6a9-6e3a178587f7,1.62928e+10,34000,162.928
1658102581,AKROUSDT,Sell,127700,0.004790,MinusTick,2fcdb55b-a0e4-5752-a8bd-33eeffcd4b83,6.11683e+10,127700,611.683
1658102581,AKROUSDT,Sell,24200,0.004789,MinusTick,c91dd506-7307-5859-9a8c-c2ce4d2755a8,1.158938e+10,24200,115.8938
1658102620,AKROUSDT,Sell,10800,0.004783,MinusTick,67d44896-9fd2-5341-aac6-d97d6de0c11c,5.16564e+09,10800,51.6564
1658102625,AKROUSDT,Sell,1700,0.004783,ZeroMinusTick,ec3f7d82-824a-5ab7-a7cd-2716db2ebe3f,8.1311e+08,1700,8.1311
1658102632,AKROUSDT,Sell,11700,0.004783,ZeroMinusTick,796cf61d-94a3-5f55-acb1-591883bc214f,5.59611e+09,11700,55.9611
1658102632,AKROUSDT,Buy,304000,0.004783,ZeroMinusTick,2d5845bc-6194-56c7-8388-c9c0b6da590a,1.454032e+11,304000,1454.032
1658102632,AKROUSDT,Buy,104400,0.004783,ZeroMinusTick,b244e936-5b78-5c49-af2c-113b94244a59,4.993452e+10,104400,499.3452
1658102632,AKROUSDT,Buy,84800,0.004783,ZeroMinusTick,c6fbe2bc-0566-56e5-9f4a-0f1f91aaa828,4.055984e+10,84800,405.59839999999997
1658102632,AKROUSDT,Buy,18300,0.004783,ZeroMinusTick,3b19430e-81bd-5072-8eeb-fd232aa84359,8.75289e+09,18300,87.5289
1658102665,AKROUSDT,Buy,26300,0.004790,PlusTick,472bd096-00b8-5adb-b89d-15267dfeadda,1.25977e+10,26300,125.977
1658102697,AKROUSDT,Sell,121900,0.004789,MinusTick,278fbc0a-836a-5635-b85c-3ac5ecefa0aa,5.837791e+10,121900,583.7791
1658102730,AKROUSDT,Buy,24200,0.004790,PlusTick,4f0af246-c6a6-593a-93dc-d9fa952582ae,1.15918e+10,24200,115.918
1658102737,AKROUSDT,Buy,200000,0.004790,ZeroMinusTick,34c9573c-a91e-5c27-8a95-acf99ea4924d,9.58e+10,200000,958
1658102745,AKROUSDT,Sell,700,0.004785,MinusTick,b81b625c-dc81-5dc4-8138-d10a2e29ce0a,3.3495e+08,700,3.3495
1658102756,AKROUSDT,Buy,24200,0.004790,PlusTick,83dddda6-c1bf-5007-a9a7-e568c574d3e5,1.15918e+10,24200,115.918
1658102756,AKROUSDT,Buy,1.0295e+06,0.004790,ZeroMinusTick,3e78727c-0b49-541b-85c3-652fa0a800b3,4.931305e+11,1.0295e+06,4931.305
1658102756,AKROUSDT,Buy,260000,0.004791,PlusTick,b9557a68-a61e-5e5d-b470-49a4bc9ce51a,1.2456600000000002e+11,260000,1245.66
1658102756,AKROUSDT,Buy,24200,0.004791,ZeroMinusTick,7a02bb24-1d1c-5446-bd67-4ba7161d3e0a,1.159422e+10,24200,115.9422
1658102756,AKROUSDT,Buy,214300,0.004792,PlusTick,de51f7b7-7d0b-56dc-9b4f-2a9c576f691b,1.0269256e+11,214300,1026.9256
1658102756,AKROUSDT,Buy,285900,0.004793,PlusTick,557429ae-9592-5153-ac90-88beca3c7fea,1.3703187e+11,285900,1370.3187
1658102756,AKROUSDT,Buy,161900,0.004798,PlusTick,5e9c5b4c-9803-530c-b046-af8e261dd559,7.767962e+10,161900,776.7962
1658102756,AKROUSDT,Buy,4100,0.004797,MinusTick,e35841e9-8f0a-5b6b-ac8b-d847b8d9f067,1.96677e+09,4100,19.6677
1658102764,AKROUSDT,Buy,287900,0.004793,MinusTick,2dde06cc-1931-5752-935a-8fe5f22a9e7b,1.3799047e+11,287900,1379.9047
1658102764,AKROUSDT,Buy,109700,0.004794,PlusTick,9807d84f-9f69-5fbd-ae5a-fff43439ca74,5.259018e+10,109700,525.9018
1658102764,AKROUSDT,Buy,16700,0.004794,ZeroMinusTick,6028467f-9b69-5232-aeb3-fceef40c334b,8.00598e+09,16700,80.0598
1658102764,AKROUSDT,Buy,7500,0.004794,ZeroMinusTick,2e74569d-52af-5b07-8f4d-8fc78c55adda,3.5955e+09,7500,35.955
1658102764,AKROUSDT,Buy,24200,0.004795,PlusTick,b0a46a0d-be77-51ef-be7e-8f63fa4d248f,1.16039e+10,24200,116.039
1658102764,AKROUSDT,Buy,128000,0.004795,ZeroMinusTick,b4e3bca5-cec3-5f2e-84a8-1009b46f01f2,6.1376e+10,128000,613.76
1658102764,AKROUSDT,Buy,25400,0.004795,ZeroMinusTick,5957c16f-f898-525d-939f-72923bf5ddfe,1.21793e+10,25400,121.79299999999999
1658102764,AKROUSDT,Buy,134300,0.004795,ZeroMinusTick,3984b707-250f-5ae7-8e99-31845818c085,6.439684999999999e+10,134300,643.9685
1658102764,AKROUSDT,Buy,161200,0.004795,ZeroMinusTick,04af3461-40b0-5421-9a74-5d9a98f3bd3c,7.72954e+10,161200,772.954
1658102764,AKROUSDT,Buy,141500,0.004795,ZeroMinusTick,f75045dc-ad0b-5197-80b0-111abc436fb3,6.784924999999999e+10,141500,678.4925
1658102764,AKROUSDT,Buy,150400,0.004795,ZeroMinusTick,449a4b08-89f2-5b20-82b8-9bab3963527a,7.21168e+10,150400,721.168
1658102764,AKROUSDT,Buy,120800,0.004795,ZeroMinusTick,e8ddeec7-8c84-5106-b2a2-e3870adbb16c,5.79236e+10,120800,579.236
1658102764,AKROUSDT,Buy,20700,0.004796,PlusTick,6808eeb4-d522-52ae-92f2-6b7660c81e10,9.92772e+09,20700,99.2772
1658102773,AKROUSDT,Buy,260000,0.004801,PlusTick,e62d9746-e7bb-55c4-9912-ae07f6c81e2b,1.24826e+11,260000,1248.26
1658102774,AKROUSDT,Buy,238100,0.004808,PlusTick,70735901-531c-5b9f-8e14-aed0efee70c6,1.1447847999999998e+11,238100,1144.7848
1658102774,AKROUSDT,Buy,27200,0.004808,ZeroMinusTick,1a75232d-7e70-586a-b14a-bb4be47c57be,1.307776e+10,27200,130.7776
1658102776,AKROUSDT,Buy,260000,0.004803,MinusTick,dc1c8160-e585-5987-890b-b4611a2b13aa,1.24878e+11,260000,1248.78
1658102776,AKROUSDT,Buy,260000,0.004804,PlusTick,5846da61-1d2a-5da1-bbed-ab5a80d5475e,1.24904e+11,260000,1249.04
1658102786,AKROUSDT,Buy,272600,0.004808,PlusTick,01dff7a8-e8cb-54d7-963e-c697cf8ff804,1.3106607999999998e+11,272600,1310.6607999999999
1658102786,AKROUSDT,Buy,208100,0.004809,PlusTick,d1bc0159-bd71-56af-acbf-89bb98142903,1.0007529e+11,208100,1000.7529
1658102786,AKROUSDT,Buy,238100,0.004809,ZeroMinusTick,23ace0ec-1644-5438-b64c-b4dc6e7c49a4,1.1450229e+11,238100,1145.0229
1658102786,AKROUSDT,Buy,45300,0.004810,PlusTick,5d265fb6-582e-55b7-9586-0e2e5687e694,2.17893e+10,45300,217.893
1658102786,AKROUSDT,Buy,20200,0.004810,ZeroMinusTick,7ab8f07c-da59-55c8-a956-886270d823b5,9.7162e+09,20200,97.162
1658102786,AKROUSDT,Buy,37000,0.004811,PlusTick,651c77b5-0248-5ed7-a63c-30d75f5a2d16,1.78007e+10,37000,178.007
1658102786,AKROUSDT,Buy,202600,0.004811,ZeroMinusTick,b3584921-b9cd-57e7-a2ee-89e9ff531c66,9.747086e+10,202600,974.7086
1658102786,AKROUSDT,Buy,28700,0.004812,PlusTick,5a72d458-8f6e-5373-9c83-a399c4834d1d,1.381044e+10,28700,138.1044
1658102786,AKROUSDT,Buy,55400,0.004812,ZeroMinusTick,029509fa-a5db-5a51-aaa5-916731c81f40,2.6658480000000004e+10,55400,266.58480000000003
1658102786,AKROUSDT,Buy,31300,0.004812,ZeroMinusTick,274bad47-6d61-5fa1-8a76-08fd499f004a,1.506156e+10,31300,150.6156
1658102786,AKROUSDT,Buy,465400,0.004813,PlusTick,98168cf9-a258-5bb3-b295-bd28148cf215,2.2399701999999997e+11,465400,2239.9701999999997
1658102786,AKROUSDT,Buy,141500,0.004813,ZeroMinusTick,915a96ac-e1ea-589e-abc2-3fecf1c2b536,6.810395e+10,141500,681.0395
1658102786,AKROUSDT,Buy,103100,0.004814,PlusTick,880e3c09-7ab0-56a9-8109-a5cf957949da,4.963234e+10,103100,496.3234
1658102786,AKROUSDT,Buy,64900,0.004815,PlusTick,624372ce-cc48-5323-b0d6-47cdb9958912,3.124935e+10,64900,312.4935
1658102786,AKROUSDT,Buy,50900,0.004815,ZeroMinusTick,98a9a48f-ecdc-5404-aa8d-73b43257ff14,2.450835e+10,50900,245.0835
1658102786,AKROUSDT,Buy,30800,0.004816,PlusTick,2924e328-579d-5698-9c8e-690db9b06495,1.483328e+10,30800,148.3328
1658102786,AKROUSDT,Buy,4100,0.004827,PlusTick,cf0e4b09-2814-5761-b552-44c18dd1f390,1.9790699999999998e+09,4100,19.790699999999998
1658102787,AKROUSDT,Buy,260000,0.004807,MinusTick,ad35a2c7-cc91-5d45-84ee-071ef1141431,1.24982e+11,260000,1249.82
1658102792,AKROUSDT,Sell,24200,0.004806,MinusTick,1a6ff34a-a632-5a33-bc26-2eab56a7c59c,1.1630520000000002e+10,24200,116.30520000000001
1658102792,AKROUSDT,Sell,4100,0.004806,ZeroMinusTick,e3859f8a-7cb8-516d-b105-973e8520baba,1.9704600000000002e+09,4100,19.704600000000003
1658102793,AKROUSDT,Buy,260000,0.004805,MinusTick,1aad9e97-c496-5658-a315-f9bba3954ae8,1.2493e+11,260000,1249.3
1658102796,AKROUSDT,Sell,100,0.004804,MinusTick,abc39ddd-b0ad-5b17-9038-7f240641310f,4.804e+07,100,0.4804
1658102802,AKROUSDT,Buy,66400,0.004810,PlusTick,1a0cb5d2-ed23-5fe3-aec8-2d1faf61c548,3.19384e+10,66400,319.384
1658102802,AKROUSDT,Sell,100,0.004804,MinusTick,72cac2d6-075d-5998-9e56-e45a2cd658d4,4.804e+07,100,0.4804
1658102810,AKROUSDT,Buy,37800,0.004810,PlusTick,80b0797f-bf2a-507c-831e-3f7149d2c3d3,1.81818e+10,37800,181.818
1658102810,AKROUSDT,Buy,45300,0.004811,PlusTick,77df8a87-c5b4-5c4e-9ee8-0f1e202f0d50,2.179383e+10,45300,217.9383
1658102810,AKROUSDT,Buy,24200,0.004811,ZeroMinusTick,66419483-0efd-5bd4-b9bb-058644dc8b90,1.164262e+10,24200,116.42620000000001
1658102810,AKROUSDT,Buy,144000,0.004811,ZeroMinusTick,e05a5671-a805-5a4d-9684-b6e633ffa27f,6.92784e+10,144000,692.784
1658102810,AKROUSDT,Buy,20200,0.004811,ZeroMinusTick,066ee77e-865b-5e66-bd92-8f8fcd9c0e07,9.71822e+09,20200,97.18220000000001
1658102810,AKROUSDT,Buy,30800,0.004811,ZeroMinusTick,babcf6d6-eb74-5630-880f-dd9503413a0f,1.481788e+10,30800,148.1788
1658102810,AKROUSDT,Buy,37000,0.004812,PlusTick,39aa6ce2-d434-51d8-a473-4deeea9fceb7,1.78044e+10,37000,178.044
1658102810,AKROUSDT,Buy,121600,0.004812,ZeroMinusTick,a777fe3d-dd01-501e-9878-efb5f13dcedd,5.851392000000001e+10,121600,585.1392000000001
1658102810,AKROUSDT,Buy,30800,0.004813,PlusTick,be811267-5331-5173-af1d-af68c5b6a2cb,1.482404e+10,30800,148.2404
1658102810,AKROUSDT,Buy,24600,0.004813,ZeroMinusTick,4c59e72c-0212-521c-a69b-af493eedb52a,1.1839979999999998e+10,24600,118.39979999999998
1658102810,AKROUSDT,Buy,31300,0.004813,ZeroMinusTick,0470edb8-7d2d-5cd0-9125-4d14cb9e5474,1.5064689999999998e+10,31300,150.6469
1658102810,AKROUSDT,Buy,143200,0.004813,ZeroMinusTick,05765a58-8296-5fdc-ae41-a02773fcbfd6,6.892216e+10,143200,689.2216
1658102810,AKROUSDT,Buy,13700,0.004814,PlusTick,f58b0d7b-4c3b-5e41-a692-c63e8dad1527,6.595179999999999e+09,13700,65.95179999999999
1658102810,AKROUSDT,Buy,53100,0.004814,ZeroMinusTick,bac29bc8-099a-5ca3-bab5-0adfca905c73,2.5562339999999996e+10,53100,255.62339999999998
1658102810,AKROUSDT,Buy,103100,0.004815,PlusTick,edd21689-eeb9-5ef1-a0f3-b30c9ef8afcb,4.964265e+10,103100,496.4265
1658102810,AKROUSDT,Buy,102900,0.004815,ZeroMinusTick,484f49a5-e755-58ee-acd6-73b1005ddb9d,4.954635e+10,102900,495.4635
1658102810,AKROUSDT,Buy,16500,0.004816,PlusTick,d4dda57c-26db-53f0-b6b8-e0dc87252594,7.9464e+09,16500,79.464
1658102810,AKROUSDT,Buy,48400,0.004816,ZeroMinusTick,daaedf2f-49e6-501e-9430-65d83e32f77f,2.330944e+10,48400,233.0944
1658102810,AKROUSDT,Buy,50900,0.004816,ZeroMinusTick,86bc2e7b-bceb-5a4b-8faa-8b8ef84187b9,2.451344e+10,50900,245.1344
1658102810,AKROUSDT,Buy,68100,0.004816,ZeroMinusTick,8e6d1379-464f-51f1-ab2e-6640b877a560,3.279696e+10,68100,327.9696
1658102810,AKROUSDT,Buy,12600,0.004817,PlusTick,9bcd1e8f-0383-5eb8-b426-683d47e98eae,6.06942e+09,12600,60.6942
1658102810,AKROUSDT,Buy,18200,0.004817,ZeroMinusTick,5363e5f2-d491-545b-839f-204b9f094329,8.76694e+09,18200,87.6694
1658102810,AKROUSDT,Buy,6000,0.004818,PlusTick,afe4f2c0-df0f-56d3-9c65-59e86da55f47,2.8908e+09,6000,28.908
1658102810,AKROUSDT,Buy,52000,0.004818,ZeroMinusTick,9778ff3f-b6ed-59a2-9fd4-85fc660a6ccc,2.50536e+10,52000,250.536
1658102810,AKROUSDT,Buy,238100,0.004819,PlusTick,a89c0857-1492-556b-9995-5ea8777bbba6,1.1474039e+11,238100,1147.4039
1658102810,AKROUSDT,Buy,45200,0.004823,PlusTick,3a791389-bea5-5d39-a604-c11f85f35e25,2.179996e+10,45200,217.99960000000002
1658102810,AKROUSDT,Buy,6000,0.004824,PlusTick,f494041c-fd49-5b1d-8e95-7f5551af1d97,2.8944000000000005e+09,6000,28.944000000000003
1658102810,AKROUSDT,Buy,55300,0.004829,PlusTick,bdfe01ab-43f4-54ab-8dfd-8986a6ecf793,2.670437e+10,55300,267.0437
1658102810,AKROUSDT,Buy,58200,0.004829,ZeroMinusTick,399ff3c6-4bbf-5132-918c-d6b7c0fbf7ff,2.810478e+10,58200,281.0478
1658102810,AKROUSDT,Buy,360900,0.004830,PlusTick,e0ef1409-ec43-593a-b7be-6f636b6f6451,1.743147e+11,360900,1743.147
1658102811,AKROUSDT,Buy,260000,0.004811,MinusTick,64c64f73-adf3-57ea-a70c-87bb6b685566,1.2508600000000002e+11,260000,1250.8600000000001
1658102811,AKROUSDT,Buy,128000,0.004811,ZeroMinusTick,601ebe8c-8960-5c6e-ae82-3a9ead21e430,6.15808e+10,128000,615.808
1658102815,AKROUSDT,Buy,100,0.004811,ZeroMinusTick,a0ddc51c-c5f7-55e4-b130-4220441ef786,4.811e+07,100,0.4811
1658102820,AKROUSDT,Buy,14300,0.004811,ZeroMinusTick,678a36e9-bd2b-599a-bb07-96cd23b73be0,6.879730000000001e+09,14300,68.7973
1658102820,AKROUSDT,Buy,31000,0.004811,ZeroMinusTick,24072f94-0dd1-5ca9-a450-06d863ba4f94,1.49141e+10,31000,149.141
1658102820,AKROUSDT,Buy,14100,0.004812,PlusTick,1e8090e1-6535-5b2e-99be-a263670e0ad7,6.784920000000001e+09,14100,67.84920000000001
1658102820,AKROUSDT,Buy,59400,0.004812,ZeroMinusTick,a327ef2a-c588-52d8-9173-fc54c6db07a8,2.8583280000000004e+10,59400,285.8328
1658102820,AKROUSDT,Buy,20400,0.004812,ZeroMinusTick,355cbe5b-b83b-5a13-b59a-e720241ce59f,9.81648e+09,20400,98.1648
1658102820,AKROUSDT,Buy,18300,0.004812,ZeroMinusTick,61aae3ce-6ed2-525f-8f18-bf94871c1abe,8.80596e+09,18300,88.0596
1658102820,AKROUSDT,Buy,20700,0.004813,PlusTick,6bcbda64-dba8-5849-91c2-93598a9255b7,9.96291e+09,20700,99.6291
1658102820,AKROUSDT,Buy,10100,0.004813,ZeroMinusTick,d39a1c80-59b9-5c8b-835e-d05d0e9e0548,4.861129999999999e+09,10100,48.61129999999999
1658102820,AKROUSDT,Buy,198400,0.004813,ZeroMinusTick,1251f09e-2445-5eb8-acb1-eb784f15b6e6,9.548992e+10,198400,954.8992
1658102821,AKROUSDT,Buy,260000,0.004813,ZeroMinusTick,1118945f-f38e-5d78-aeff-12182e346dc1,1.2513799999999998e+11,260000,1251.3799999999999
1658102823,AKROUSDT,Sell,24200,0.004814,PlusTick,f592ab94-5159-5811-86c5-78d8a4752b86,1.1649879999999998e+10,24200,116.49879999999999
1658102823,AKROUSDT,Sell,6000,0.004814,ZeroMinusTick,1ddd8875-63d3-54db-bc90-b9929c1520e0,2.8883999999999995e+09,6000,28.883999999999997
1658102823,AKROUSDT,Buy,260000,0.004815,PlusTick,122ac8d2-b714-5efa-abe6-2762549c7d13,1.2518999999999998e+11,260000,1251.8999999999999
1658102823,AKROUSDT,Buy,24200,0.004820,PlusTick,ce87db45-8d6e-5bb3-81bd-9ac88053b024,1.16644e+10,24200,116.64399999999999
1658102823,AKROUSDT,Buy,7500,0.004821,PlusTick,e1368f0a-4330-55dc-a66e-bec21249f240,3.61575e+09,7500,36.1575
1658102823,AKROUSDT,Buy,194600,0.004821,ZeroMinusTick,433ee4cf-a967-5db7-bd7b-f57b99669e0e,9.381665999999998e+10,194600,938.1665999999999
1658102823,AKROUSDT,Buy,37000,0.004822,PlusTick,7911f0c3-363e-5462-b3a0-2fa23549872f,1.78414e+10,37000,178.414
1658102823,AKROUSDT,Buy,184000,0.004823,PlusTick,3a74cfb6-039d-5c85-abe0-b3d9f44f93dd,8.87432e+10,184000,887.432
1658102823,AKROUSDT,Buy,40100,0.004824,PlusTick,732dec9f-8b15-595b-b194-fbef397f658d,1.9344240000000004e+10,40100,193.44240000000002
1658102823,AKROUSDT,Buy,113300,0.004824,ZeroMinusTick,887f722d-9cda-5a30-a7a1-69119dd883f7,5.465592e+10,113300,546.5592
1658102823,AKROUSDT,Buy,115800,0.004826,PlusTick,b6efc078-a996-50d6-bd29-fa17a3222ad1,5.588508000000001e+10,115800,558.8508
1658102823,AKROUSDT,Buy,24200,0.004827,PlusTick,7afb54c6-97b0-56e1-927c-ca4dc6ce8bc4,1.1681339999999998e+10,24200,116.81339999999999
1658102823,AKROUSDT,Buy,52000,0.004835,PlusTick,b0680a9b-d86d-5f84-b045-b293bf5089aa,2.5142e+10,52000,251.42
1658102823,AKROUSDT,Buy,29600,0.004835,ZeroMinusTick,8fcb5c98-db14-5dd0-bbea-92aaf5868490,1.4311599999999998e+10,29600,143.11599999999999
1658102823,AKROUSDT,Buy,763700,0.004836,PlusTick,0e25129a-bcd5-59a0-b8bd-f6eaafc3e52f,3.6932532e+11,763700,3693.2532
1658102826,AKROUSDT,Sell,100,0.004819,MinusTick,be46809f-53b6-56e1-97c8-f99157b429f8,4.819000000000001e+07,100,0.48190000000000005
1658102826,AKROUSDT,Sell,100,0.004819,ZeroMinusTick,e498ab47-fde1-5e82-8b6a-32d78dcc0d48,4.819000000000001e+07,100,0.48190000000000005
1658102826,AKROUSDT,Sell,357900,0.004819,ZeroMinusTick,7a4af0bf-2a0a-5192-a3ac-384d55c8531c,1.7247201000000003e+11,357900,1724.7201000000002
1658102826,AKROUSDT,Sell,6000,0.004819,ZeroMinusTick,c52fc8af-e4ff-5fdc-a707-e23509fc350a,2.8914e+09,6000,28.914
1658102826,AKROUSDT,Sell,24200,0.004814,MinusTick,4a89011d-fc84-5dc4-9662-5da57d6d82b4,1.1649879999999998e+10,24200,116.49879999999999
1658102826,AKROUSDT,Buy,96300,0.004811,MinusTick,fc52c995-2b2a-598c-8d54-46ba2e219772,4.632993e+10,96300,463.2993
1658102826,AKROUSDT,Sell,100,0.004811,ZeroMinusTick,f76c407e-c8ef-5214-b5ea-59bb6494581f,4.811e+07,100,0.4811
1658102827,AKROUSDT,Sell,100,0.004811,ZeroMinusTick,141dadc9-35e9-50ee-80d5-2bb4dbbc0ea7,4.811e+07,100,0.4811
1658102827,AKROUSDT,Sell,100,0.004811,ZeroMinusTick,36db209c-2f95-536c-b9d7-2d0fc6e91f79,4.811e+07,100,0.4811
1658102827,AKROUSDT,Sell,100,0.004811,ZeroMinusTick,2d785bcc-13cd-5fda-ada5-5255fcf48660,4.811e+07,100,0.4811
1658102828,AKROUSDT,Sell,100,0.004811,ZeroMinusTick,18244ab1-f5d9-52c0-891e-e57db67e9c32,4.811e+07,100,0.4811
1658102829,AKROUSDT,Sell,100,0.004811,ZeroMinusTick,20cfb243-8d57-5378-abf8-8713bdcb08dd,4.811e+07,100,0.4811
1658102829,AKROUSDT,Buy,158600,0.004812,PlusTick,69c6605c-3cd7-5f38-8283-182ba1f2656d,7.631832e+10,158600,763.1832
1658102829,AKROUSDT,Buy,229400,0.004812,ZeroMinusTick,ffe8ea1c-2b4e-5e20-a985-86f121020e87,1.1038728000000002e+11,229400,1103.8728
1658102829,AKROUSDT,Sell,100,0.004811,MinusTick,f44723ff-60cc-5923-9505-7484ed496393,4.811e+07,100,0.4811
1658102830,AKROUSDT,Sell,100,0.004811,ZeroMinusTick,f2c335c7-3c5c-5ca4-8ef4-95e00e61bd9a,4.811e+07,100,0.4811
1658102830,AKROUSDT,Sell,100,0.004811,ZeroMinusTick,63c868b8-f44d-5062-bddf-26a7544b17ff,4.811e+07,100,0.4811
1658102831,AKROUSDT,Sell,100,0.004811,ZeroMinusTick,b0af9f97-9866-5420-afb6-9a8dbb041414,4.811e+07,100,0.4811
1658102832,AKROUSDT,Sell,100,0.004811,ZeroMinusTick,e0014b51-29e0-53d8-b03c-ed80f22e5eb9,4.811e+07,100,0.4811
1658102832,AKROUSDT,Sell,100,0.004811,ZeroMinusTick,f71e7e8f-2b94-5d83-8fd4-90699cc58050,4.811e+07,100,0.4811
1658102832,AKROUSDT,Sell,100,0.004811,ZeroMinusTick,883f07ca-5e04-5600-9df0-ce0f0e3331e0,4.811e+07,100,0.4811
1658102832,AKROUSDT,Buy,30600,0.004812,PlusTick,d2bb578d-c32e-5580-892b-b8602aebdf54,1.4724720000000002e+10,30600,147.24720000000002
1658102832,AKROUSDT,Buy,113300,0.004812,ZeroMinusTick,b3b3f73a-f403-5b38-b2df-3fdf8822ebc8,5.451996e+10,113300,545.1996
1658102832,AKROUSDT,Sell,100,0.004811,MinusTick,e17c80d1-668c-55a4-951b-424d6c58e886,4.811e+07,100,0.4811
1658102833,AKROUSDT,Sell,100,0.004812,PlusTick,e4603534-2acc-5dd6-b872-32ea95d162e3,4.812e+07,100,0.4812
1658102834,AKROUSDT,Sell,100,0.004812,ZeroMinusTick,c7f88d9e-2185-56cf-a6e4-bf50ee64e494,4.812e+07,100,0.4812
1658102834,AKROUSDT,Sell,100,0.004812,ZeroMinusTick,a48a3b80-f4c2-5824-80aa-eced4f1fae14,4.812e+07,100,0.4812
1658102834,AKROUSDT,Sell,100,0.004812,ZeroMinusTick,161199ba-68d2-52e3-87ea-aeebd39bec51,4.812e+07,100,0.4812
1658102835,AKROUSDT,Sell,100,0.004812,ZeroMinusTick,aaca68c9-113a-5de6-a3b6-2dac4591e075,4.812e+07,100,0.4812
1658102835,AKROUSDT,Sell,100,0.004812,ZeroMinusTick,f7c0de4a-f66a-522f-84db-4fbfa16a5396,4.812e+07,100,0.4812
1658102836,AKROUSDT,Sell,100,0.004812,ZeroMinusTick,a6578444-9499-5b07-a2a9-2feec75712f1,4.812e+07,100,0.4812
1658102837,AKROUSDT,Sell,100,0.004812,ZeroMinusTick,c0f57f70-0e6f-5f28-850b-52bc1bf53d19,4.812e+07,100,0.4812
1658102837,AKROUSDT,Sell,100,0.004812,ZeroMinusTick,76a86589-9209-511f-82c3-581b27ad4bce,4.812e+07,100,0.4812
1658102837,AKROUSDT,Sell,100,0.004812,ZeroMinusTick,bc9ab497-5ce9-591d-8e62-77823c522a51,4.812e+07,100,0.4812
1658102838,AKROUSDT,Sell,100,0.004812,ZeroMinusTick,e761042b-ead9-5b7f-8c67-e32a9aeb4418,4.812e+07,100,0.4812
1658102839,AKROUSDT,Sell,100,0.004812,ZeroMinusTick,e445b0b8-c4f9-5421-9696-887f3760e26e,4.812e+07,100,0.4812
1658102839,AKROUSDT,Sell,100,0.004812,ZeroMinusTick,090c0de5-fb98-5c0d-a67a-48a84c258778,4.812e+07,100,0.4812
1658102839,AKROUSDT,Sell,100,0.004812,ZeroMinusTick,45076ee2-9a42-5743-b9d6-1f6842406fd4,4.812e+07,100,0.4812
1658102840,AKROUSDT,Sell,100,0.004812,ZeroMinusTick,1615fec1-bb73-56be-8850-dc1b1f9828a3,4.812e+07,100,0.4812
1658102841,AKROUSDT,Sell,100,0.004812,ZeroMinusTick,55e3c5b5-b52e-5e3d-ac81-04af3997699b,4.812e+07,100,0.4812
1658102841,AKROUSDT,Sell,100,0.004812,ZeroMinusTick,5a9ca24a-8ff2-56fd-b6f8-328438de5b0f,4.812e+07,100,0.4812
1658102841,AKROUSDT,Sell,100,0.004812,ZeroMinusTick,52e85f1d-f2fb-58e5-9e74-bff6aeea78f1,4.812e+07,100,0.4812
1658102842,AKROUSDT,Sell,100,0.004812,ZeroMinusTick,05bb5059-8e80-532c-8af0-1d07caef29fc,4.812e+07,100,0.4812
1658102842,AKROUSDT,Sell,100,0.004812,ZeroMinusTick,2454112b-4af0-57fd-bbcf-37cf8b861a45,4.812e+07,100,0.4812
1658102843,AKROUSDT,Sell,100,0.004812,ZeroMinusTick,27370ae9-daeb-5165-ac27-45e711f58bfb,4.812e+07,100,0.4812
1658102843,AKROUSDT,Sell,100,0.004812,ZeroMinusTick,1397f72f-48d1-5ec0-96a9-030bd38d67e6,4.812e+07,100,0.4812
1658102843,AKROUSDT,Sell,100,0.004812,ZeroMinusTick,0e076926-39c2-5cd0-9747-8fa9200595e9,4.812e+07,100,0.4812
1658102844,AKROUSDT,Sell,100,0.004812,ZeroMinusTick,d2563edd-cfe6-5e1d-ae1d-38293323bc80,4.812e+07,100,0.4812
1658102844,AKROUSDT,Sell,100,0.004812,ZeroMinusTick,034e9e35-3bc2-5a7c-9668-b5c4c5d888f1,4.812e+07,100,0.4812
1658102844,AKROUSDT,Sell,100,0.004812,ZeroMinusTick,26dbb29a-43a7-54c1-8c70-1ec984d182b5,4.812e+07,100,0.4812
1658102844,AKROUSDT,Sell,100,0.004812,ZeroMinusTick,7cd47dd2-223b-53f5-8765-963aaf64771e,4.812e+07,100,0.4812
1658102844,AKROUSDT,Sell,100,0.004812,ZeroMinusTick,3e95340d-c4d8-5a04-957a-53abb625e2e1,4.812e+07,100,0.4812
1658102844,AKROUSDT,Sell,700,0.004812,ZeroMinusTick,9b844ff7-6a9b-5a16-9314-8272e8388963,3.3684e+08,700,3.3684000000000003
1658102845,AKROUSDT,Sell,100,0.004812,ZeroMinusTick,57cc18bd-d7f1-5097-8b69-ec2f995b6973,4.812e+07,100,0.4812
1658102845,AKROUSDT,Sell,116500,0.004812,ZeroMinusTick,6465d22d-b678-548b-b818-2f1dcbd089d2,5.605980000000001e+10,116500,560.5980000000001
1658102845,AKROUSDT,Sell,100,0.004812,ZeroMinusTick,fb208dac-4fa3-5d9d-8b53-730c84101a5b,4.812e+07,100,0.4812
1658102846,AKROUSDT,Sell,100,0.004812,ZeroMinusTick,fe864d07-392b-524b-967e-2a7591220036,4.812e+07,100,0.4812
1658102846,AKROUSDT,Sell,100,0.004812,ZeroMinusTick,bde36e9e-dab8-5d09-a7c7-1084726b2a86,4.812e+07,100,0.4812
1658102847,AKROUSDT,Sell,100,0.004812,ZeroMinusTick,788ff4f8-af65-5b9f-afdc-375f054a0eb4,4.812e+07,100,0.4812
1658102848,AKROUSDT,Sell,100,0.004812,ZeroMinusTick,6c3e9df3-25b4-581f-8deb-83da86310478,4.812e+07,100,0.4812
1658102848,AKROUSDT,Sell,100,0.004812,ZeroMinusTick,4a1e3f3d-e7d7-5252-858b-29d98111984e,4.812e+07,100,0.4812
1658102848,AKROUSDT,Sell,100,0.004812,ZeroMinusTick,3d40518b-9838-5571-aa89-e20de2c51f55,4.812e+07,100,0.4812
1658102849,AKROUSDT,Sell,100,0.004812,ZeroMinusTick,ee1855ac-8c60-5cef-a3e0-7100c00ef1c2,4.812e+07,100,0.4812
1658102849,AKROUSDT,Sell,100,0.004812,ZeroMinusTick,22cc47d9-3731-56d7-b1bc-cc2adf5b88e7,4.812e+07,100,0.4812
1658102849,AKROUSDT,Sell,100,0.004812,ZeroMinusTick,54cdd735-af72-583c-a138-fbda6e4bbb81,4.812e+07,100,0.4812
1658102850,AKROUSDT,Sell,100,0.004812,ZeroMinusTick,ac93ee7a-b008-561b-b442-b31da24cf7d5,4.812e+07,100,0.4812
1658102850,AKROUSDT,Sell,100,0.004812,ZeroMinusTick,f6a6741e-0c07-53b5-9d73-7919e4ce959c,4.812e+07,100,0.4812
1658102851,AKROUSDT,Sell,100,0.004812,ZeroMinusTick,d03bfd6b-b776-5abe-9e81-45b632d9fd87,4.812e+07,100,0.4812
1658102851,AKROUSDT,Sell,100,0.004812,ZeroMinusTick,7ed6ccb5-ad7b-5c9c-974c-205d3e69ee74,4.812e+07,100,0.4812
1658102852,AKROUSDT,Sell,100,0.004812,ZeroMinusTick,81b7edf8-f29e-514f-bfaf-bb189cf1855f,4.812e+07,100,0.4812
1658102852,AKROUSDT,Sell,100,0.004812,ZeroMinusTick,cc50611c-4ed8-5fc4-979f-c9ed53e0e485,4.812e+07,100,0.4812
1658102853,AKROUSDT,Buy,20000,0.004813,PlusTick,38e47835-ccb2-5b02-8137-cb7ba585b7e0,9.626e+09,20000,96.25999999999999
1658102853,AKROUSDT,Sell,100,0.004812,MinusTick,fff9f203-8840-5e0a-8f66-8ead33354e16,4.812e+07,100,0.4812
1658102853,AKROUSDT,Sell,100,0.004812,ZeroMinusTick,faff6ad8-389a-5787-8095-61c378c67716,4.812e+07,100,0.4812
1658102853,AKROUSDT,Sell,100,0.004812,ZeroMinusTick,ae979d01-7840-54c5-bd4b-b0e2215f94e0,4.812e+07,100,0.4812
1658102854,AKROUSDT,Sell,100,0.004812,ZeroMinusTick,673eb6bd-dcf1-5425-9ea8-57cc51121c24,4.812e+07,100,0.4812
1658102855,AKROUSDT,Sell,100,0.004812,ZeroMinusTick,9b91c677-0e88-54b1-bc34-e7ec9e70e74b,4.812e+07,100,0.4812
1658102855,AKROUSDT,Sell,100,0.004812,ZeroMinusTick,5eb0dfc4-8628-56e1-9eb5-ccee1f649883,4.812e+07,100,0.4812
1658102855,AKROUSDT,Sell,100,0.004812,ZeroMinusTick,115290f0-4bd8-5754-92f2-a6e57ea2caec,4.812e+07,100,0.4812
1658102856,AKROUSDT,Sell,100,0.004812,ZeroMinusTick,4c4f6b0e-fceb-5dba-9b75-ae63910fef61,4.812e+07,100,0.4812
1658102856,AKROUSDT,Sell,100,0.004812,ZeroMinusTick,52a423f5-e465-5814-bd5e-dc59dd294b20,4.812e+07,100,0.4812
1658102857,AKROUSDT,Sell,100,0.004812,ZeroMinusTick,5b9762b6-ef75-5193-8634-009b0a014864,4.812e+07,100,0.4812
1658102857,AKROUSDT,Sell,100,0.004812,ZeroMinusTick,9c9e4359-ac8b-5e8b-8909-25fd70884556,4.812e+07,100,0.4812
1658102857,AKROUSDT,Sell,100,0.004812,ZeroMinusTick,6f5f44b7-33f4-5545-9cfa-a1d9eddca141,4.812e+07,100,0.4812
1658102858,AKROUSDT,Sell,100,0.004812,ZeroMinusTick,519383c8-fd0d-56bc-8fd4-d35501938080,4.812e+07,100,0.4812
1658102859,AKROUSDT,Sell,100,0.004812,ZeroMinusTick,a64ba73f-bd83-5925-97f8-0e81fc44548e,4.812e+07,100,0.4812
1658102859,AKROUSDT,Sell,100,0.004812,ZeroMinusTick,3563f1ac-d879-52ca-aed8-d419ddd85437,4.812e+07,100,0.4812
1658102859,AKROUSDT,Sell,100,0.004812,ZeroMinusTick,f4ec6f6f-22b6-523b-878f-db5a03cd4ce1,4.812e+07,100,0.4812
1658102860,AKROUSDT,Sell,100,0.004812,ZeroMinusTick,6255ec65-622e-5637-8f5e-d43045b91dba,4.812e+07,100,0.4812
1658102860,AKROUSDT,Sell,100,0.004812,ZeroMinusTick,19a99d84-dbb7-541a-b318-4fc1536fe399,4.812e+07,100,0.4812
1658102861,AKROUSDT,Sell,100,0.004812,ZeroMinusTick,775dc763-0ff3-51e8-a499-a2b2fcedf250,4.812e+07,100,0.4812
1658102861,AKROUSDT,Sell,100,0.004812,ZeroMinusTick,e7467f68-5ab3-5033-8a0d-fdaf27dfd017,4.812e+07,100,0.4812
1658102861,AKROUSDT,Sell,100,0.004812,ZeroMinusTick,e24c9635-9924-5e3c-85a2-6cdb1155dfd7,4.812e+07,100,0.4812
1658102862,AKROUSDT,Sell,100,0.004812,ZeroMinusTick,fafe44e0-ce6c-579a-89f5-abc71a5b65cf,4.812e+07,100,0.4812
1658102862,AKROUSDT,Sell,100,0.004812,ZeroMinusTick,744174c0-afe8-5746-85bd-54bac08b6603,4.812e+07,100,0.4812
1658102862,AKROUSDT,Sell,100,0.004812,ZeroMinusTick,e8116b82-a18f-5fd8-99fa-31518c36e7f3,4.812e+07,100,0.4812
1658102863,AKROUSDT,Sell,100,0.004812,ZeroMinusTick,5dc34a1e-3d95-5cd0-add2-c2201625f06c,4.812e+07,100,0.4812
1658102863,AKROUSDT,Sell,50500,0.004812,ZeroMinusTick,cffab9d1-fbce-5f7d-a933-1ea8acd17c95,2.4300600000000004e+10,50500,243.00600000000003
1658102863,AKROUSDT,Sell,100,0.004812,ZeroMinusTick,be104330-cb9e-50c6-9abc-32f5da65974b,4.812e+07,100,0.4812
1658102863,AKROUSDT,Sell,100,0.004812,ZeroMinusTick,5d79d165-7f63-5951-980b-0c69f8a33afe,4.812e+07,100,0.4812
1658102864,AKROUSDT,Sell,100,0.004812,ZeroMinusTick,dd346732-2019-5709-8055-2069ee6faca7,4.812e+07,100,0.4812
1658102864,AKROUSDT,Sell,100,0.004812,ZeroMinusTick,827856c0-31d7-578b-96f9-7110aee71a0e,4.812e+07,100,0.4812
1658102865,AKROUSDT,Sell,100,0.004812,ZeroMinusTick,0a4240be-172a-5cca-ae6b-1a113caed46e,4.812e+07,100,0.4812
1658102865,AKROUSDT,Sell,100,0.004812,ZeroMinusTick,35620a78-d0cd-5b78-9d2f-6e2d9f41ece6,4.812e+07,100,0.4812
1658102865,AKROUSDT,Sell,100,0.004812,ZeroMinusTick,726908ae-afa2-5e33-8481-32953ffd2478,4.812e+07,100,0.4812
1658102865,AKROUSDT,Sell,100,0.004812,ZeroMinusTick,c2e2c7f4-3d14-5b97-a3c2-f33c9e3abec9,4.812e+07,100,0.4812
1658102866,AKROUSDT,Sell,100,0.004812,ZeroMinusTick,b0eb16b0-aac5-598b-a5a7-954b4548c18e,4.812e+07,100,0.4812
1658102867,AKROUSDT,Sell,100,0.004812,ZeroMinusTick,8f866076-3d52-57b9-9a59-7596267a88a9,4.812e+07,100,0.4812
1658102868,AKROUSDT,Sell,100,0.004812,ZeroMinusTick,b7d14f52-aaca-5df8-adc4-2bca9c149d6c,4.812e+07,100,0.4812
1658102871,AKROUSDT,Sell,16300,0.004811,MinusTick,ccf39cad-3f67-5916-8a25-b8257fa5f51b,7.841930000000001e+09,16300,78.4193
1658102877,AKROUSDT,Sell,100,0.004813,PlusTick,6a1b49d9-79b4-5e5c-ab57-fdeeb56c9a0a,4.812999999999999e+07,100,0.48129999999999995
1658102877,AKROUSDT,Buy,86700,0.004814,PlusTick,058c4552-22ba-5f58-b73a-ae45f2d09ca9,4.173737999999999e+10,86700,417.37379999999996
1658102877,AKROUSDT,Buy,260000,0.004814,ZeroMinusTick,1d6a8ee3-0d3e-54c6-ba81-ad9e9cc2e470,1.2516399999999998e+11,260000,1251.6399999999999
1658102877,AKROUSDT,Sell,100,0.004814,ZeroMinusTick,5c0d6eb4-f380-5cb0-941d-e31b836c7b95,4.814e+07,100,0.4814
1658102878,AKROUSDT,Sell,100,0.004814,ZeroMinusTick,5ea67e05-263d-5642-9799-8d3a6d5d0acd,4.814e+07,100,0.4814
1658102879,AKROUSDT,Sell,100,0.004814,ZeroMinusTick,994b25fe-21f1-56bc-9247-fa4f8949a935,4.814e+07,100,0.4814
1658102879,AKROUSDT,Sell,100,0.004814,ZeroMinusTick,4534dd10-1f53-511b-9bb2-1316e64e4f2c,4.814e+07,100,0.4814
1658102879,AKROUSDT,Sell,100,0.004814,ZeroMinusTick,addfd9d3-05da-5c71-8b5e-5efb7cc5202b,4.814e+07,100,0.4814
1658102880,AKROUSDT,Sell,100,0.004814,ZeroMinusTick,909a2440-7177-5978-8cb1-afe12f305ecb,4.814e+07,100,0.4814
1658102880,AKROUSDT,Sell,100,0.004814,ZeroMinusTick,8237db7b-f29e-5425-b5b5-768e69f12bd4,4.814e+07,100,0.4814
1658102880,AKROUSDT,Sell,100,0.004814,ZeroMinusTick,2acdf491-bee6-502c-a54e-a38c45923fbb,4.814e+07,100,0.4814
1658102881,AKROUSDT,Sell,100,0.004814,ZeroMinusTick,7cf12f85-30f6-5661-ae02-b7f29cbdaee6,4.814e+07,100,0.4814
1658102881,AKROUSDT,Sell,100,0.004814,ZeroMinusTick,478a6544-2e97-5846-aa3b-831b8571e23b,4.814e+07,100,0.4814
1658102882,AKROUSDT,Sell,100,0.004814,ZeroMinusTick,bbce23e5-7e7b-5419-8a77-2f87afc5b1a3,4.814e+07,100,0.4814
1658102882,AKROUSDT,Sell,100,0.004814,ZeroMinusTick,ecefdfd4-693e-5bee-9d0c-00ec4312429b,4.814e+07,100,0.4814
1658102883,AKROUSDT,Sell,100,0.004814,ZeroMinusTick,996526d8-d556-51fe-8bab-8600681946d0,4.814e+07,100,0.4814
1658102883,AKROUSDT,Sell,100,0.004814,ZeroMinusTick,119f5031-baf4-5cd4-b892-651c849b4ab4,4.814e+07,100,0.4814
1658102884,AKROUSDT,Sell,100,0.004814,ZeroMinusTick,caff1ec3-d8b1-5380-adb2-e8b6ad69649b,4.814e+07,100,0.4814
1658102885,AKROUSDT,Sell,100,0.004814,ZeroMinusTick,11f78238-292c-53d2-b039-46f088e4cfac,4.814e+07,100,0.4814
1658102886,AKROUSDT,Sell,100,0.004814,ZeroMinusTick,facaca7d-4bb3-5804-8b7f-d8ebafeb9f69,4.814e+07,100,0.4814
1658102887,AKROUSDT,Sell,100,0.004814,ZeroMinusTick,c03e4bda-4941-5fd0-9a75-d0a1d6a59901,4.814e+07,100,0.4814
1658102887,AKROUSDT,Sell,100,0.004814,ZeroMinusTick,05996b8d-a680-5eb2-92bf-7d6ed8e99c6d,4.814e+07,100,0.4814
1658102888,AKROUSDT,Sell,100,0.004814,ZeroMinusTick,6414ad6d-35f6-5aaf-8259-8be456d60f76,4.814e+07,100,0.4814
1658102888,AKROUSDT,Sell,100,0.004814,ZeroMinusTick,5861e345-7bbd-5a05-bdff-8d81ac23f63d,4.814e+07,100,0.4814
1658102888,AKROUSDT,Sell,100,0.004814,ZeroMinusTick,8115b597-084f-582b-b19d-7683ec3da58b,4.814e+07,100,0.4814
1658102889,AKROUSDT,Sell,100,0.004814,ZeroMinusTick,87ce78f6-f795-5833-9325-3d26a46c7863,4.814e+07,100,0.4814
1658102890,AKROUSDT,Sell,100,0.004814,ZeroMinusTick,00f2cada-4dc1-5dcf-a58e-8eda3f90a7b8,4.814e+07,100,0.4814
1658102890,AKROUSDT,Sell,100,0.004814,ZeroMinusTick,bdd8a229-97df-55f5-bf3b-5c25f71c628a,4.814e+07,100,0.4814
1658102890,AKROUSDT,Sell,100,0.004814,ZeroMinusTick,a141abdc-fc17-5e53-8b24-9933cf3f4d2b,4.814e+07,100,0.4814
1658102891,AKROUSDT,Sell,100,0.004814,ZeroMinusTick,139fd62e-10ea-5cf5-a0e4-a9416114c2de,4.814e+07,100,0.4814
1658102892,AKROUSDT,Sell,100,0.004814,ZeroMinusTick,4e99f6e1-1eb1-5d1f-aa74-c3abbf66b9e6,4.814e+07,100,0.4814
1658102892,AKROUSDT,Sell,100,0.004814,ZeroMinusTick,ed995daf-f2f5-5299-b45b-3a4bb32c3653,4.814e+07,100,0.4814
1658102892,AKROUSDT,Sell,100,0.004814,ZeroMinusTick,f81c725f-1538-5919-b62d-f29d5e08d924,4.814e+07,100,0.4814
1658102893,AKROUSDT,Sell,100,0.004814,ZeroMinusTick,59cb3e04-dea5-5f1c-8825-7fae0c9f6470,4.814e+07,100,0.4814
1658102894,AKROUSDT,Sell,100,0.004814,ZeroMinusTick,9984dbb9-9bd7-5c68-9c5f-e7808a0d871d,4.814e+07,100,0.4814
1658102895,AKROUSDT,Sell,100,0.004814,ZeroMinusTick,307ea8e5-dc10-54c4-8ef7-4c626fda6923,4.814e+07,100,0.4814
1658102895,AKROUSDT,Sell,100,0.004814,ZeroMinusTick,c71e82ee-b564-5bd3-90a7-5f68815aeda9,4.814e+07,100,0.4814
1658102895,AKROUSDT,Sell,100,0.004814,ZeroMinusTick,b07d8eb7-1302-5de7-acb3-39cc72103d54,4.814e+07,100,0.4814
1658102896,AKROUSDT,Sell,100,0.004814,ZeroMinusTick,f7c475f0-88c4-57bb-9062-2c3206ebff69,4.814e+07,100,0.4814
1658102897,AKROUSDT,Sell,100,0.004814,ZeroMinusTick,946679d5-2238-5d19-beee-e2e45af1fb55,4.814e+07,100,0.4814
1658102897,AKROUSDT,Sell,100,0.004814,ZeroMinusTick,78b25d8a-f3e6-5cc8-a82c-174d02ac67ef,4.814e+07,100,0.4814
1658102898,AKROUSDT,Sell,100,0.004814,ZeroMinusTick,214aa311-53a6-5447-a95f-691b17a80e53,4.814e+07,100,0.4814
1658102898,AKROUSDT,Sell,100,0.004814,ZeroMinusTick,4189192c-858c-59fa-9dfd-07007c117e87,4.814e+07,100,0.4814
1658102899,AKROUSDT,Sell,100,0.004814,ZeroMinusTick,129de502-948d-590f-ad73-69e50ca4298a,4.814e+07,100,0.4814
1658102899,AKROUSDT,Sell,100,0.004814,ZeroMinusTick,7c4a47df-9b8b-5900-836b-99a8f999f764,4.814e+07,100,0.4814
1658102900,AKROUSDT,Sell,100,0.004814,ZeroMinusTick,eeeb4406-e913-5b60-8b39-b7d992658471,4.814e+07,100,0.4814
1658102900,AKROUSDT,Sell,100,0.004814,ZeroMinusTick,392b90b0-d38f-56f0-b7e0-fbc242fb2194,4.814e+07,100,0.4814
1658102900,AKROUSDT,Sell,100,0.004814,ZeroMinusTick,86cdd829-0481-586e-b00b-c2105416b265,4.814e+07,100,0.4814
1658102901,AKROUSDT,Sell,100,0.004814,ZeroMinusTick,083565f9-6778-5359-a6b4-f2261c2a92d1,4.814e+07,100,0.4814
1658102901,AKROUSDT,Sell,100,0.004814,ZeroMinusTick,877e01fa-bdd5-5c3a-aee7-5cfc79eaeea3,4.814e+07,100,0.4814
1658102901,AKROUSDT,Buy,45300,0.004815,PlusTick,4ab68627-a155-5590-a842-a670522bab1c,2.181195e+10,45300,218.1195
1658102901,AKROUSDT,Buy,247800,0.004815,ZeroMinusTick,8556cb83-4dcf-515b-834c-0573918e66a5,1.193157e+11,247800,1193.157
1658102901,AKROUSDT,Sell,100,0.004814,MinusTick,ab96183f-8925-58be-8e0e-e20ad0cded13,4.814e+07,100,0.4814
1658102902,AKROUSDT,Sell,100,0.004814,ZeroMinusTick,ab4c728d-d8d9-5cc9-8349-c66744738055,4.814e+07,100,0.4814
1658102903,AKROUSDT,Sell,100,0.004814,ZeroMinusTick,64acb849-c0b8-5459-9b8b-a91bf5009e36,4.814e+07,100,0.4814
1658102903,AKROUSDT,Sell,100,0.004814,ZeroMinusTick,87712e0c-2ffb-53c2-b2bb-622b0186b09c,4.814e+07,100,0.4814
1658102904,AKROUSDT,Sell,100,0.004814,ZeroMinusTick,56823b8a-20b4-56d2-841b-4b831924eaf0,4.814e+07,100,0.4814
1658102905,AKROUSDT,Sell,100,0.004814,ZeroMinusTick,dc370727-9385-523a-a61e-5d2b2bf07f25,4.814e+07,100,0.4814
1658102905,AKROUSDT,Sell,100,0.004814,ZeroMinusTick,f06e7973-caae-570e-8320-fe4c74cdee82,4.814e+07,100,0.4814
1658102906,AKROUSDT,Sell,100,0.004814,ZeroMinusTick,4ad2ec70-0f89-523c-ae11-15c774e5d01b,4.814e+07,100,0.4814
1658102906,AKROUSDT,Sell,100,0.004814,ZeroMinusTick,b6797d7f-cae8-56e0-952e-24f4d60813dc,4.814e+07,100,0.4814
1658102907,AKROUSDT,Sell,100,0.004814,ZeroMinusTick,1212d261-4e8f-591a-aac5-265a911fa7a8,4.814e+07,100,0.4814
1658102908,AKROUSDT,Sell,100,0.004814,ZeroMinusTick,561c1271-5c8a-5fec-b619-bae2cb6d4962,4.814e+07,100,0.4814
1658102909,AKROUSDT,Sell,100,0.004814,ZeroMinusTick,fc060fa4-3cfd-53cc-b915-4b8daa2bf778,4.814e+07,100,0.4814
1658102909,AKROUSDT,Sell,100,0.004814,ZeroMinusTick,038d260e-a595-58b0-b9c8-3ade1e8a2989,4.814e+07,100,0.4814
1658102909,AKROUSDT,Sell,100,0.004814,ZeroMinusTick,a1fc8a59-c9cd-5f5a-8555-1e8f122fb3a1,4.814e+07,100,0.4814
1658102909,AKROUSDT,Sell,100,0.004814,ZeroMinusTick,e1484a80-c4e6-5169-824b-e1ed2589d4df,4.814e+07,100,0.4814
1658102910,AKROUSDT,Sell,100,0.004814,ZeroMinusTick,7ddae401-a059-59c4-96cb-671d0b7ee666,4.814e+07,100,0.4814
1658102910,AKROUSDT,Sell,100,0.004814,ZeroMinusTick,8fd9b9b6-345a-586d-a830-df6a3c98cbe6,4.814e+07,100,0.4814
1658102910,AKROUSDT,Sell,100,0.004814,ZeroMinusTick,4476ef37-a023-578f-b9ba-d1114776f688,4.814e+07,100,0.4814
1658102910,AKROUSDT,Sell,100,0.004814,ZeroMinusTick,744e9830-7ea3-54b7-87d0-83c89a98c0d6,4.814e+07,100,0.4814
1658102911,AKROUSDT,Sell,100,0.004814,ZeroMinusTick,ee186c8e-9961-547b-acfd-0d0325d0b655,4.814e+07,100,0.4814
1658102911,AKROUSDT,Sell,100,0.004814,ZeroMinusTick,8d07f790-f41a-5742-9abd-efa9908205f2,4.814e+07,100,0.4814
1658102912,AKROUSDT,Sell,100,0.004814,ZeroMinusTick,fa3c47c2-26d8-5acb-88cb-0911f958f6c7,4.814e+07,100,0.4814
1658102912,AKROUSDT,Buy,12200,0.004815,PlusTick,0bee29bc-2fd1-5432-824d-e99fdcb8c9d9,5.874299999999999e+09,12200,58.742999999999995
1658102912,AKROUSDT,Buy,20200,0.004815,ZeroMinusTick,9427be4d-d0c5-5430-8836-9234e890e7ad,9.7263e+09,20200,97.26299999999999
1658102912,AKROUSDT,Buy,25100,0.004815,ZeroMinusTick,bfcef9b3-c5d5-58f4-b1dd-654eacfb4923,1.208565e+10,25100,120.8565
1658102912,AKROUSDT,Sell,100,0.004814,MinusTick,446ea3e4-5caa-52a7-a5e2-8711aed6bac3,4.814e+07,100,0.4814
1658102912,AKROUSDT,Buy,37000,0.004816,PlusTick,986b2c9b-93d7-50a6-9aeb-f6db22ade57e,1.78192e+10,37000,178.192
1658102912,AKROUSDT,Buy,75200,0.004816,ZeroMinusTick,09c07025-41dd-568c-8c62-c8db810c5922,3.621632e+10,75200,362.1632
1658102912,AKROUSDT,Buy,126300,0.004816,ZeroMinusTick,9f8c5c96-a467-5d11-a0c8-ac793e9a9161,6.082608e+10,126300,608.2608
1658102912,AKROUSDT,Buy,260000,0.004817,PlusTick,e7ebce20-b418-5507-817b-1e0627fa240f,1.25242e+11,260000,1252.42
1658102912,AKROUSDT,Sell,24200,0.004816,MinusTick,3e12eef3-1c51-5e8e-a48c-ebf7c0e3e05e,1.165472e+10,24200,116.5472
1658102912,AKROUSDT,Sell,50300,0.004814,MinusTick,0bcef6c3-28b4-5a0d-a988-29f05d07d89e,2.421442e+10,50300,242.14419999999998
1658102913,AKROUSDT,Buy,260000,0.004816,PlusTick,1ef133d0-4f13-5577-88cb-73ec7ca4c3cd,1.2521600000000002e+11,260000,1252.16
1658102916,AKROUSDT,Sell,100,0.004816,ZeroMinusTick,170269e1-f376-5922-9cfb-3f03929fa0f7,4.816e+07,100,0.4816
1658102916,AKROUSDT,Sell,100,0.004816,ZeroMinusTick,591ab762-7da9-514f-971f-8f247859a07f,4.816e+07,100,0.4816
1658102916,AKROUSDT,Sell,24200,0.004816,ZeroMinusTick,b3d969a9-f25f-5f6e-a40b-13a0c0e3d70c,1.165472e+10,24200,116.5472
1658102916,AKROUSDT,Sell,100,0.004814,MinusTick,5d1d80a5-41d8-5955-a7a6-0f704681341c,4.814e+07,100,0.4814
1658102916,AKROUSDT,Sell,100,0.004814,ZeroMinusTick,82f679e0-d974-5d77-953e-56fb8f137743,4.814e+07,100,0.4814
1658102917,AKROUSDT,Sell,100,0.004814,ZeroMinusTick,faeeaa0b-2baf-51ea-9114-13f544180285,4.814e+07,100,0.4814
1658102917,AKROUSDT,Sell,100,0.004814,ZeroMinusTick,df35cb9f-b96b-59ac-ac67-2b97c835a5cc,4.814e+07,100,0.4814
1658102917,AKROUSDT,Sell,100,0.004814,ZeroMinusTick,e4bd9c19-4828-55ec-aa4c-09421ec55dc8,4.814e+07,100,0.4814
1658102918,AKROUSDT,Sell,100,0.004814,ZeroMinusTick,b5ce3c31-dda4-5c8d-905a-d3d74283e75a,4.814e+07,100,0.4814
1658102918,AKROUSDT,Sell,100,0.004814,ZeroMinusTick,eb932e17-87cf-546c-a6cc-5f0d42614ac3,4.814e+07,100,0.4814
1658102918,AKROUSDT,Buy,15700,0.004815,PlusTick,ca6ca12d-b7a2-5ef3-a272-8206f6f6ca8b,7.55955e+09,15700,75.5955
1658102918,AKROUSDT,Buy,244300,0.004815,ZeroMinusTick,36c89a49-79f6-5d58-8517-fad1beb90aee,1.1763045e+11,244300,1176.3045
1658102918,AKROUSDT,Buy,96300,0.004815,ZeroMinusTick,593a847d-51e6-5fda-bfa2-6dfbfe19a9ab,4.636844999999999e+10,96300,463.68449999999996
1658102918,AKROUSDT,Buy,102600,0.004816,PlusTick,35a9556c-48b4-5243-ac88-b047e7b1c88f,4.941216e+10,102600,494.1216
1658102918,AKROUSDT,Buy,94400,0.004816,ZeroMinusTick,08444ecb-21fa-5cfb-aa33-cf0afac017d9,4.546304e+10,94400,454.6304
1658102936,AKROUSDT,Buy,260000,0.004816,ZeroMinusTick,b29e4562-6f36-50ab-b447-70dca2f93cf6,1.2521600000000002e+11,260000,1252.16
1658102936,AKROUSDT,Buy,358100,0.004816,ZeroMinusTick,fcf74a58-de19-5940-91cc-d619594ff408,1.7246096e+11,358100,1724.6096
1658102946,AKROUSDT,Sell,100,0.004815,MinusTick,5471e18b-ea34-5c31-9b23-894135c10bbc,4.815e+07,100,0.4815
1658102976,AKROUSDT,Sell,100,0.004815,ZeroMinusTick,99dee3c3-6d90-5cdd-992f-1cfb77185612,4.815e+07,100,0.4815
1658102977,AKROUSDT,Sell,41500,0.004815,ZeroMinusTick,a0023402-a80f-570b-8d97-d7581e2f9ae4,1.998225e+10,41500,199.8225
1658102977,AKROUSDT,Sell,203900,0.004815,ZeroMinusTick,52240e8c-f4de-52cf-8237-a1272f90eca3,9.817785e+10,203900,981.7785
1658102977,AKROUSDT,Sell,51900,0.004815,ZeroMinusTick,051623ea-50aa-56cc-b109-e786a37ad684,2.498985e+10,51900,249.89849999999998
1658102977,AKROUSDT,Sell,51900,0.004815,ZeroMinusTick,a327fcf8-b543-518b-a906-2ab450d10b60,2.498985e+10,51900,249.89849999999998
1658103006,AKROUSDT,Sell,100,0.004813,MinusTick,107fcacc-59d3-53a5-b2a0-acdd81de51c2,4.812999999999999e+07,100,0.48129999999999995
1658103015,AKROUSDT,Buy,10000,0.004814,PlusTick,5e23b750-5707-598b-9c38-d94a4454e853,4.814e+09,10000,48.14
1658103018,AKROUSDT,Buy,250000,0.004814,ZeroMinusTick,c367a2c0-31e2-52bf-8700-69976b018481,1.2035e+11,250000,1203.5
1658103036,AKROUSDT,Sell,100,0.004813,MinusTick,15d119b0-e53d-51af-87fe-7c68db25f974,4.812999999999999e+07,100,0.48129999999999995
1658103066,AKROUSDT,Sell,100,0.004813,ZeroMinusTick,0b6db1a1-0d96-5b79-916e-be9038e2074c,4.812999999999999e+07,100,0.48129999999999995
1658103071,AKROUSDT,Sell,100,0.004813,ZeroMinusTick,138a37a1-3149-578d-b2bc-3c3dc2a42d14,4.812999999999999e+07,100,0.48129999999999995
1658103071,AKROUSDT,Sell,10100,0.004813,ZeroMinusTick,02695556-54ef-580d-a010-6f9d14e9be12,4.861129999999999e+09,10100,48.61129999999999
1658103071,AKROUSDT,Sell,24200,0.004813,ZeroMinusTick,e8468bc3-cbac-5ab0-bef0-168a4a65d75f,1.164746e+10,24200,116.4746
1658103071,AKROUSDT,Sell,358100,0.004813,ZeroMinusTick,550c624b-708d-5578-8f98-737c916e6f9f,1.7235352999999997e+11,358100,1723.5352999999998
1658103071,AKROUSDT,Sell,223800,0.004813,ZeroMinusTick,b3dcf913-5094-5315-9262-e36ce48aec8a,1.0771494e+11,223800,1077.1494
1658103072,AKROUSDT,Sell,100,0.004812,MinusTick,b8543227-db9e-5d02-9a6f-78e5203a06b5,4.812e+07,100,0.4812
1658103096,AKROUSDT,Sell,100,0.004812,ZeroMinusTick,cea751b2-6ab0-59d1-81e7-41b87febce2a,4.812e+07,100,0.4812
1658103110,AKROUSDT,Sell,2400,0.004812,ZeroMinusTick,8dff44d7-7a2b-55b4-af2c-203a1c2758bc,1.15488e+09,2400,11.5488
1658103122,AKROUSDT,Buy,260000,0.004813,PlusTick,366dfa9d-1a66-52a2-ae5b-bd4c6b215979,1.2513799999999998e+11,260000,1251.3799999999999
1658103122,AKROUSDT,Buy,50300,0.004817,PlusTick,5ea48c4e-3ea4-5cc2-8deb-fd13d8a78749,2.4229510000000004e+10,50300,242.29510000000002
1658103124,AKROUSDT,Buy,95400,0.004823,PlusTick,4b05592d-7d87-570a-876a-0856768e1a44,4.601142e+10,95400,460.1142
1658103124,AKROUSDT,Buy,164600,0.004823,ZeroMinusTick,879bb96b-b689-5575-9133-39f8c1544cfc,7.938658e+10,164600,793.8658
1658103126,AKROUSDT,Sell,100,0.004822,MinusTick,44dd1233-895b-5b2a-bdfe-e5b41bfc15d7,4.821999999999999e+07,100,0.48219999999999996
1658103126,AKROUSDT,Sell,24200,0.004827,PlusTick,4fe95ce9-efde-590a-9f66-3d2dca0e1215,1.1681339999999998e+10,24200,116.81339999999999
1658103126,AKROUSDT,Sell,9000,0.004826,MinusTick,7660c8cd-a40d-50f4-8464-76e19f69d180,4.3434e+09,9000,43.434000000000005
1658103126,AKROUSDT,Sell,24200,0.004827,PlusTick,6d1cc2f8-746a-5e82-b0cf-e53a8a0b3bca,1.1681339999999998e+10,24200,116.81339999999999
1658103126,AKROUSDT,Sell,24200,0.004827,ZeroMinusTick,126ac53e-f3d7-5ef5-b405-7e701acba428,1.1681339999999998e+10,24200,116.81339999999999
1658103132,AKROUSDT,Sell,9000,0.004822,MinusTick,1ffb79a4-9a54-54f4-aaf4-edf761f973eb,4.3398e+09,9000,43.397999999999996
1658103134,AKROUSDT,Sell,9000,0.004826,PlusTick,337ffe66-b31d-5285-b52a-ce922cdc6153,4.3434e+09,9000,43.434000000000005
1658103139,AKROUSDT,Buy,260000,0.004825,MinusTick,1160c853-7dbb-5d34-86be-db3c84aa94aa,1.2545e+11,260000,1254.5
1658103145,AKROUSDT,Sell,9000,0.004825,ZeroMinusTick,9d93459b-e616-5486-88f7-c78593ce9d02,4.3425e+09,9000,43.425000000000004
1658103154,AKROUSDT,Sell,24200,0.004825,ZeroMinusTick,d18f19c8-e993-523d-8abb-d2180d148aab,1.16765e+10,24200,116.765
1658103156,AKROUSDT,Sell,100,0.004823,MinusTick,27274f1b-855d-52c8-9ffe-3d903f990345,4.823e+07,100,0.4823
1658103165,AKROUSDT,Sell,100,0.004822,MinusTick,eed9cbda-cce1-5ca6-b944-a0cc078e2a29,4.821999999999999e+07,100,0.48219999999999996
1658103185,AKROUSDT,Sell,2000,0.004822,ZeroMinusTick,8c059c9f-7c66-56c5-b695-5d79cb6f2aef,9.644e+08,2000,9.644
1658103246,AKROUSDT,Sell,100,0.004822,ZeroMinusTick,b182c0f0-4845-54ee-9eaa-ab26a52d3103,4.821999999999999e+07,100,0.48219999999999996
1658103276,AKROUSDT,Sell,100,0.004822,ZeroMinusTick,4f637025-d80d-58f7-8825-a20e57abf09d,4.821999999999999e+07,100,0.48219999999999996
1658103290,AKROUSDT,Buy,260000,0.004823,PlusTick,1c59088d-da31-50c2-8528-d7088297ef9b,1.25398e+11,260000,1253.98
1658103290,AKROUSDT,Buy,24200,0.004829,PlusTick,e68b0716-7b2d-5d54-8b12-bc14dead3d79,1.168618e+10,24200,116.8618
1658103290,AKROUSDT,Buy,148300,0.004830,PlusTick,dd986382-d954-555d-94cb-7ae07b9ec127,7.16289e+10,148300,716.289
1658103301,AKROUSDT,Buy,3800,0.004829,MinusTick,47e363c6-6ce7-5b57-8233-25c36a21c482,1.83502e+09,3800,18.3502
1658103307,AKROUSDT,Buy,1800,0.004825,MinusTick,d5cb79c3-198b-5b58-87ca-361016e08f99,8.685e+08,1800,8.685
1658103315,AKROUSDT,Buy,100,0.004825,ZeroMinusTick,3f95ece8-8a94-5112-bb61-16f3684277e1,4.825000000000001e+07,100,0.48250000000000004
1658103324,AKROUSDT,Sell,4200,0.004825,ZeroMinusTick,7f98ea15-bf49-5532-beff-c7ee1764d0ee,2.0265e+09,4200,20.265
1658103340,AKROUSDT,Sell,202500,0.004824,MinusTick,6287fb57-064c-54f0-90be-521b67bdbfdb,9.7686e+10,202500,976.86
1658103340,AKROUSDT,Sell,24200,0.004824,ZeroMinusTick,c9e7ee15-a57b-5bff-af5e-4c025be2cc79,1.167408e+10,24200,116.74080000000001
1658103340,AKROUSDT,Sell,24200,0.004823,MinusTick,c9ef62a2-89a0-5030-a674-7f5ccbd7e619,1.167166e+10,24200,116.7166
1658103346,AKROUSDT,Buy,24200,0.004824,PlusTick,290d4844-3d94-541a-9e5e-5ecff04bf9a3,1.167408e+10,24200,116.74080000000001
1658103347,AKROUSDT,Buy,24200,0.004824,ZeroMinusTick,b0c284dd-f4dc-5dbb-9f1d-b79a2e176fbb,1.167408e+10,24200,116.74080000000001
1658103353,AKROUSDT,Sell,116200,0.004823,MinusTick,e73c5639-ce41-5881-9657-1d37801399d1,5.604326e+10,116200,560.4326
1658103365,AKROUSDT,Sell,9000,0.004827,PlusTick,d317259b-0705-55df-8f08-e0cc70a8d048,4.3443e+09,9000,43.443
1658103366,AKROUSDT,Sell,100,0.004826,MinusTick,ca1ab2a6-77f1-5e1c-8464-0227c0ace268,4.826e+07,100,0.48260000000000003
1658103374,AKROUSDT,Sell,8900,0.004826,ZeroMinusTick,56c84c18-3f7e-5868-8338-4ab577062906,4.295140000000001e+09,8900,42.95140000000001
1658103374,AKROUSDT,Sell,217500,0.004826,ZeroMinusTick,8537c34d-50e0-5885-8766-b646252c5186,1.0496550000000002e+11,217500,1049.6550000000002
1658103381,AKROUSDT,Sell,24200,0.004822,MinusTick,9195a81d-316b-5c8e-900d-1e01c53da613,1.166924e+10,24200,116.69239999999999
1658103381,AKROUSDT,Sell,42200,0.004822,ZeroMinusTick,4f680215-bc1c-5005-9add-07ccad14b920,2.034884e+10,42200,203.48839999999998
1658103388,AKROUSDT,Buy,260000,0.004823,PlusTick,cbf7dab4-43d1-5d07-9599-c5a6e0448b85,1.25398e+11,260000,1253.98
1658103393,AKROUSDT,Buy,9000,0.004824,PlusTick,c4eba4bb-4fdd-5422-98d3-3b71a01297e9,4.3416e+09,9000,43.416000000000004
1658103396,AKROUSDT,Sell,100,0.004823,MinusTick,1dfe04c1-0bec-5dd4-906f-8fb17b7b93b3,4.823e+07,100,0.4823
1658103426,AKROUSDT,Sell,100,0.004822,MinusTick,feaa8a3a-a6d2-52b7-91c9-1dc8324e87b1,4.821999999999999e+07,100,0.48219999999999996
1658103488,AKROUSDT,Buy,59100,0.004823,PlusTick,f2c8d369-e2da-51ac-a9b7-dc4ad9dd459b,2.8503930000000004e+10,59100,285.0393
1658103505,AKROUSDT,Sell,1500,0.004822,MinusTick,3fa57ed6-5185-51c0-8e1b-1163d04f5ab4,7.233e+08,1500,7.233
1658103627,AKROUSDT,Sell,2200,0.004819,MinusTick,f51a5501-a549-5198-b4c5-21d6f52c92c4,1.0601800000000001e+09,2200,10.6018
1658103631,AKROUSDT,Sell,1400,0.004819,ZeroMinusTick,21816566-bdc9-5ded-9bdd-e139a3c6171d,6.746600000000001e+08,1400,6.746600000000001
1658103665,AKROUSDT,Sell,200,0.004819,ZeroMinusTick,2c45e1fc-bdb9-5690-9850-fa5f29576f86,9.638000000000001e+07,200,0.9638000000000001
1658103682,AKROUSDT,Sell,9000,0.004820,PlusTick,50b08178-7f03-546c-852b-1fbeb2e85b0b,4.338e+09,9000,43.379999999999995
1658103688,AKROUSDT,Buy,283800,0.004819,MinusTick,72751b1f-82f0-5ce4-aac5-a69f58dddafa,1.3676322e+11,283800,1367.6322
1658103714,AKROUSDT,Sell,99200,0.004817,MinusTick,c5f6bcf5-2e49-5267-8c35-e5c761fcad7c,4.778464e+10,99200,477.8464
1658103719,AKROUSDT,Buy,24200,0.004821,PlusTick,34e0d8c0-b5c0-503c-9d39-6e7b552e59cd,1.166682e+10,24200,116.6682
1658103719,AKROUSDT,Buy,70400,0.004822,PlusTick,88ebdf94-6e1d-53fb-bf45-2669edc88ff1,3.394688e+10,70400,339.4688
1658103725,AKROUSDT,Buy,9000,0.004820,MinusTick,1f7ddaee-c22f-5071-844b-2c01c6560d81,4.338e+09,9000,43.379999999999995
1658103745,AKROUSDT,Buy,400,0.004822,PlusTick,bde97800-aa3a-5dce-a19e-3fdebed34837,1.9287999999999997e+08,400,1.9287999999999998
1658103749,AKROUSDT,Buy,24200,0.004823,PlusTick,75207ee0-94a2-5ea3-a73f-11971fc5a461,1.167166e+10,24200,116.7166
1658103750,AKROUSDT,Buy,100,0.004824,PlusTick,86f8c1b2-1aeb-5edd-bf49-c37f93f50dea,4.824e+07,100,0.4824
1658103750,AKROUSDT,Buy,24200,0.004824,ZeroMinusTick,c5c9df1c-8835-56d5-a135-1e70979d2ef1,1.167408e+10,24200,116.74080000000001
1658103754,AKROUSDT,Buy,24200,0.004824,ZeroMinusTick,4d6e1869-a10c-5772-972d-e659988ece49,1.167408e+10,24200,116.74080000000001
1658103754,AKROUSDT,Buy,24200,0.004823,MinusTick,b7fe54a3-73c1-5f33-b9a9-3e9c548aa637,1.167166e+10,24200,116.7166
1658103765,AKROUSDT,Sell,100,0.004822,MinusTick,63cacccc-d9a8-5895-8c5f-f638691a3904,4.821999999999999e+07,100,0.48219999999999996
1658103782,AKROUSDT,Sell,9000,0.004825,PlusTick,38017e70-bf4e-5219-b2e1-d8e44d0b1dc9,4.3425e+09,9000,43.425000000000004
1658103788,AKROUSDT,Buy,9000,0.004826,PlusTick,b61063a2-2eaa-55b6-ad19-945df7ed4d89,4.3434e+09,9000,43.434000000000005
1658103797,AKROUSDT,Sell,9000,0.004825,MinusTick,f00212bc-45bc-52e0-ba78-f7e04c045767,4.3425e+09,9000,43.425000000000004
1658103803,AKROUSDT,Buy,9000,0.004826,PlusTick,3470cfff-9b19-5962-9095-b487cc2a9390,4.3434e+09,9000,43.434000000000005
1658103815,AKROUSDT,Buy,15200,0.004826,ZeroMinusTick,a6ed3f2e-3a16-566d-9c0b-2dc1aa3da738,7.335520000000001e+09,15200,73.35520000000001
1658103817,AKROUSDT,Sell,4800,0.004826,ZeroMinusTick,9a6c59b1-8f64-535f-9e04-942c5b552521,2.3164800000000005e+09,4800,23.164800000000003
1658103817,AKROUSDT,Sell,297700,0.004826,ZeroMinusTick,c1c3751f-4c44-57d1-aa1d-d41be75f52dc,1.4367002000000003e+11,297700,1436.7002000000002
1658103839,AKROUSDT,Buy,24200,0.004824,MinusTick,24899192-9ff8-5e9f-8bd0-1869ec4a51dd,1.167408e+10,24200,116.74080000000001
1658103840,AKROUSDT,Buy,300,0.004829,PlusTick,e901b40d-972b-5ed5-abed-10f515e26923,1.4487e+08,300,1.4487
1658103857,AKROUSDT,Sell,100,0.004822,MinusTick,dfd0b11d-08c8-55c5-8bea-47a3b365fcbb,4.821999999999999e+07,100,0.48219999999999996
1658103866,AKROUSDT,Buy,24200,0.004823,PlusTick,8677611e-7e82-5578-a5d3-29a6f69364d1,1.167166e+10,24200,116.7166
1658103866,AKROUSDT,Buy,24200,0.004823,ZeroMinusTick,8ec62aa5-8af6-5719-926f-443f72ed629f,1.167166e+10,24200,116.7166
1658103871,AKROUSDT,Sell,9000,0.004824,PlusTick,9ac378f9-8af8-5839-aa31-8e6348159071,4.3416e+09,9000,43.416000000000004
1658103876,AKROUSDT,Sell,100,0.004822,MinusTick,258aa70b-c66e-5e99-b00f-2a801643e408,4.821999999999999e+07,100,0.48219999999999996
1658103887,AKROUSDT,Buy,9000,0.004822,ZeroMinusTick,8f35a085-f93c-5568-80e4-da6c81ce4b33,4.3398e+09,9000,43.397999999999996
1658103892,AKROUSDT,Sell,9000,0.004823,PlusTick,b5b4e303-e799-57c4-a0af-b79b62c10db0,4.3407e+09,9000,43.407000000000004
1658103895,AKROUSDT,Sell,1300,0.004823,ZeroMinusTick,21d20fde-d2bc-5a03-8ead-0cd6bb96ee92,6.2699e+08,1300,6.2699
1658103901,AKROUSDT,Buy,9000,0.004828,PlusTick,f2d60ef1-5a70-5a97-81d4-41bc0390ab75,4.3452e+09,9000,43.452
1658103906,AKROUSDT,Sell,9000,0.004828,ZeroMinusTick,58e8f017-f83b-57de-961c-89eb22288cd5,4.3452e+09,9000,43.452
1658103911,AKROUSDT,Sell,9000,0.004822,MinusTick,47467bb7-2989-5b0a-93be-85255891727a,4.3398e+09,9000,43.397999999999996
1658103936,AKROUSDT,Sell,100,0.004822,ZeroMinusTick,53d80eb7-f0b4-519d-8655-b1753bc8f65c,4.821999999999999e+07,100,0.48219999999999996
1658103960,AKROUSDT,Buy,260000,0.004823,PlusTick,77368ad5-f585-520c-8480-a59012ba9e89,1.25398e+11,260000,1253.98
1658103976,AKROUSDT,Buy,15800,0.004830,PlusTick,ac46d760-d887-5914-9fb3-9732542cdcad,7.631400000000001e+09,15800,76.31400000000001
1658103988,AKROUSDT,Buy,20000,0.004832,PlusTick,96bed780-69cc-5d89-980d-63aeab2f6bb7,9.664e+09,20000,96.64
1658103988,AKROUSDT,Buy,4200,0.004832,ZeroMinusTick,b5bd545a-c347-5476-a3b8-504af3e85e18,2.0294400000000002e+09,4200,20.294400000000003
1658104026,AKROUSDT,Sell,20000,0.004830,MinusTick,644a4667-e9ca-54e0-898c-1b1de8658ce8,9.66e+09,20000,96.60000000000001
1658104026,AKROUSDT,Sell,256500,0.004829,MinusTick,fbefe5c1-c366-52dc-b549-8eb7da94a1d1,1.2386385e+11,256500,1238.6385
1658104045,AKROUSDT,Buy,15800,0.004827,MinusTick,8cf525c6-08e8-5922-913b-3a30c6e23cb1,7.62666e+09,15800,76.2666
1658104045,AKROUSDT,Buy,30000,0.004827,ZeroMinusTick,02e0390b-1f95-50c4-8bdd-9aaebb113cac,1.4481e+10,30000,144.81
1658104052,AKROUSDT,Buy,3600,0.004829,PlusTick,70ffc494-f7d6-5b97-8120-da5226f29917,1.73844e+09,3600,17.3844
1658104052,AKROUSDT,Buy,358100,0.004829,ZeroMinusTick,64d36301-10d5-51b0-86f3-115c32f1b1e5,1.7292649e+11,358100,1729.2649
1658104052,AKROUSDT,Buy,223800,0.004829,ZeroMinusTick,b9cf814d-5614-5d51-a745-8ad4721152db,1.0807302e+11,223800,1080.7302
1658104053,AKROUSDT,Sell,13700,0.004836,PlusTick,58cb4a88-e676-58ec-a941-f639dbf309f1,6.625320000000001e+09,13700,66.2532
1658104053,AKROUSDT,Sell,60800,0.004834,MinusTick,164d270c-6be9-5be3-b857-6fad3ed2d088,2.939072e+10,60800,293.9072
1658104053,AKROUSDT,Sell,100,0.004835,PlusTick,61d7304b-5a84-50f7-aad0-45fd3bff5054,4.835e+07,100,0.4835
1658104053,AKROUSDT,Sell,213800,0.004835,ZeroMinusTick,9422b6af-7dba-5006-a972-dcdfa159b4d1,1.033723e+11,213800,1033.723
1658104053,AKROUSDT,Sell,218000,0.004834,MinusTick,3746b5d1-3975-522b-aa03-dddb3b90305a,1.0538119999999998e+11,218000,1053.812
1658104059,AKROUSDT,Sell,9000,0.004828,MinusTick,623691ee-c166-5110-a6bb-ee971085b992,4.3452e+09,9000,43.452
1658104075,AKROUSDT,Sell,1100,0.004829,PlusTick,e5bbab8a-74c6-5d6d-a25b-d1e43009dec6,5.3118999999999994e+08,1100,5.3119
1658104080,AKROUSDT,Buy,24200,0.004830,PlusTick,4c0e0aa3-41de-5f45-a78e-a529eac18ebd,1.16886e+10,24200,116.886
1658104095,AKROUSDT,Buy,9000,0.004830,ZeroMinusTick,b73cf21f-2024-51c7-b282-a89d94d5ba00,4.347e+09,9000,43.47
1658104111,AKROUSDT,Buy,24200,0.004832,PlusTick,3004a77e-c57c-5d95-8708-3eaff698433a,1.1693440000000002e+10,24200,116.93440000000001
1658104159,AKROUSDT,Sell,9000,0.004830,MinusTick,d798498a-d3d3-5e7d-9d08-ff0c197d7479,4.347e+09,9000,43.47
1658104215,AKROUSDT,Sell,300,0.004829,MinusTick,1aadfb91-cae9-56a0-a1f2-d48e58125fad,1.4487e+08,300,1.4487
1658104265,AKROUSDT,Sell,1600,0.004829,ZeroMinusTick,accb6df9-d75f-521a-8a22-b3ab8019921a,7.7264e+08,1600,7.7264
1658104275,AKROUSDT,Buy,12500,0.004829,ZeroMinusTick,e399dba8-f6d3-5e5f-a2e5-84699c10e509,6.03625e+09,12500,60.3625
1658104277,AKROUSDT,Sell,212100,0.004828,MinusTick,4a153086-59d0-5a6b-bca4-74227a833ae5,1.0240188e+11,212100,1024.0188
1658104277,AKROUSDT,Sell,175900,0.004828,ZeroMinusTick,b245d909-faa0-55bd-9455-240c2596b2fe,8.492452e+10,175900,849.2452
1658104277,AKROUSDT,Sell,62200,0.004828,ZeroMinusTick,4f25d412-bc0d-5584-bb2a-f0645b160cb3,3.003016e+10,62200,300.3016
1658104277,AKROUSDT,Sell,263900,0.004826,MinusTick,1226714c-0166-5c49-a9c4-7360d425dc43,1.2735814e+11,263900,1273.5814
1658104294,AKROUSDT,Buy,24200,0.004821,MinusTick,252e6b26-1a89-5ddb-8efb-a982eb35861b,1.166682e+10,24200,116.6682
1658104294,AKROUSDT,Buy,9000,0.004824,PlusTick,54c3f6b4-6967-56ff-93ed-ae0e38f0296e,4.3416e+09,9000,43.416000000000004
1658104299,AKROUSDT,Sell,9000,0.004820,MinusTick,6a1c4cf4-3c82-5f1b-a9a5-4bc393b9cd7e,4.338e+09,9000,43.379999999999995
1658104301,AKROUSDT,Buy,9000,0.004820,ZeroMinusTick,391605ed-dcf4-5c21-b3c7-0e17b260e3ba,4.338e+09,9000,43.379999999999995
1658104306,AKROUSDT,Sell,9000,0.004822,PlusTick,062b4af8-1374-557b-a867-564c502a7d53,4.3398e+09,9000,43.397999999999996
1658104308,AKROUSDT,Buy,9000,0.004822,ZeroMinusTick,1955f21a-a0b9-5e0c-a9d0-97358c709c0b,4.3398e+09,9000,43.397999999999996
1658104313,AKROUSDT,Sell,9000,0.004824,PlusTick,88af6f41-cee6-5eb3-8bba-75123df58a77,4.3416e+09,9000,43.416000000000004
1658104315,AKROUSDT,Buy,9000,0.004822,MinusTick,f5fe5c44-1b93-5096-8bc2-eec31ab92000,4.3398e+09,9000,43.397999999999996
1658104319,AKROUSDT,Sell,400,0.004821,MinusTick,02e10e66-9626-51a2-b0d8-f4c944da0214,1.9284e+08,400,1.9284
1658104319,AKROUSDT,Sell,8600,0.004820,MinusTick,80d67306-2e31-53d9-a4ef-9ab826f68c9f,4.1452e+09,8600,41.452
1658104321,AKROUSDT,Sell,9000,0.004822,PlusTick,51c1e7b0-cf0e-5cdc-b99d-559b4e2f11b8,4.3398e+09,9000,43.397999999999996
1658104324,AKROUSDT,Buy,9000,0.004823,PlusTick,a560979e-6b59-521d-8392-347d75e5aac6,4.3407e+09,9000,43.407000000000004
1658104328,AKROUSDT,Sell,9000,0.004823,ZeroMinusTick,6b512f7f-13d3-59fd-9cd3-9b5a90597b6b,4.3407e+09,9000,43.407000000000004
1658104331,AKROUSDT,Buy,9000,0.004822,MinusTick,b597ce0a-b53b-5d21-855e-a6bb59ea283a,4.3398e+09,9000,43.397999999999996
1658104334,AKROUSDT,Sell,9000,0.004820,MinusTick,587c0dc3-1c31-552b-8911-afdb6eb89f7c,4.338e+09,9000,43.379999999999995
1658104351,AKROUSDT,Buy,400,0.004820,ZeroMinusTick,85d4eba5-10b0-500b-b1e2-bac15bf20c05,1.928e+08,400,1.928
1658104351,AKROUSDT,Buy,24200,0.004821,PlusTick,21e28ff6-3010-52a2-b36a-f6873993c6f0,1.166682e+10,24200,116.6682
1658104357,AKROUSDT,Sell,9000,0.004824,PlusTick,f043b94d-3901-58f5-81fc-637e547c0e8b,4.3416e+09,9000,43.416000000000004
1658104359,AKROUSDT,Buy,9000,0.004824,ZeroMinusTick,612f43c5-6c98-501b-805c-acc9f796d071,4.3416e+09,9000,43.416000000000004
1658104364,AKROUSDT,Sell,9000,0.004827,PlusTick,c21f5e9f-14af-5f35-bf0e-a9eada0ed086,4.3443e+09,9000,43.443
1658104369,AKROUSDT,Buy,9000,0.004831,PlusTick,4a15374b-4542-5f56-967e-6c7ca06453bd,4.3479e+09,9000,43.479
1658104372,AKROUSDT,Sell,9000,0.004829,MinusTick,658f30b4-7fbe-569b-bd64-2e0b815bc8d1,4.3461e+09,9000,43.461
1658104372,AKROUSDT,Sell,358100,0.004829,ZeroMinusTick,9064aaea-d802-5c36-b07d-7c7f6afe044e,1.7292649e+11,358100,1729.2649
1658104377,AKROUSDT,Buy,9000,0.004831,PlusTick,38249428-80af-5200-8a8d-8a549bf0a780,4.3479e+09,9000,43.479
1658104380,AKROUSDT,Sell,2400,0.004829,MinusTick,9fb017ee-c587-5728-bae1-9a05f14cd72b,1.15896e+09,2400,11.5896
1658104380,AKROUSDT,Sell,6600,0.004828,MinusTick,5112c0ea-b68d-5cfe-b065-7d92b4ba2176,3.18648e+09,6600,31.8648
1658104391,AKROUSDT,Buy,22500,0.004833,PlusTick,b5245861-95b3-549b-9662-574bc4700914,1.087425e+10,22500,108.74249999999999
1658104409,AKROUSDT,Buy,6600,0.004834,PlusTick,1d70600e-4cec-55a5-8874-178468e99ad3,3.19044e+09,6600,31.9044
1658104409,AKROUSDT,Sell,2400,0.004834,ZeroMinusTick,a0b6bbff-1c57-5d2e-b40e-bf8ae07da102,1.16016e+09,2400,11.6016
1658104413,AKROUSDT,Sell,9000,0.004834,ZeroMinusTick,8f8609b5-f3e0-558f-92f9-382e2b88e532,4.3506e+09,9000,43.506
1658104416,AKROUSDT,Buy,9000,0.004833,MinusTick,40fc38af-fb01-5fad-9253-05300f1ddc22,4.3497e+09,9000,43.497
1658104419,AKROUSDT,Sell,9000,0.004832,MinusTick,1082f39a-dfa2-5fa4-867b-cc5ef6d2be64,4.348800000000001e+09,9000,43.48800000000001
1658104419,AKROUSDT,Buy,20000,0.004833,PlusTick,02675d89-0903-5371-ae01-f3f296047b77,9.666e+09,20000,96.66
1658104430,AKROUSDT,Sell,100,0.004829,MinusTick,a5665a21-c433-5e4e-85dd-d42e9982f17b,4.829e+07,100,0.4829
1658104433,AKROUSDT,Sell,24200,0.004831,PlusTick,7ef0a3f6-afd0-5c83-920f-4f8456dc01a2,1.169102e+10,24200,116.9102
1658104435,AKROUSDT,Buy,10000,0.004833,PlusTick,dbd22e98-628d-5b2f-9590-b3777c26a526,4.833e+09,10000,48.33
1658104446,AKROUSDT,Sell,100,0.004829,MinusTick,1a801518-9d21-50ec-a289-abfaac99d62c,4.829e+07,100,0.4829
1658104456,AKROUSDT,Buy,9800,0.004833,PlusTick,586a1401-2f78-5f6e-b630-5da9d603df59,4.73634e+09,9800,47.3634
1658104506,AKROUSDT,Sell,100,0.004829,MinusTick,8cb958b7-b5ff-54f5-84b6-0a8f728ea077,4.829e+07,100,0.4829
1658104546,AKROUSDT,Buy,24200,0.004832,PlusTick,5157843a-3cc9-5d88-9452-c08c9b7e8d52,1.1693440000000002e+10,24200,116.93440000000001
1658104579,AKROUSDT,Buy,120700,0.004833,PlusTick,3cedec0c-4209-5211-a5f2-796c9e8abb17,5.833430999999999e+10,120700,583.3430999999999
1658104615,AKROUSDT,Sell,1800,0.004829,MinusTick,cfa7897a-1cf9-56ed-a34d-a31a6cbd52a3,8.6922e+08,1800,8.6922
1658104626,AKROUSDT,Sell,18100,0.004829,ZeroMinusTick,a232e85a-a29b-5eb0-aba4-393e51251eb8,8.74049e+09,18100,87.4049
1658104626,AKROUSDT,Sell,24200,0.004827,MinusTick,be6cdc49-bf66-5c23-a156-c4f0f18d4b5c,1.1681339999999998e+10,24200,116.81339999999999
1658104626,AKROUSDT,Sell,24200,0.004827,ZeroMinusTick,f7c4b272-bd50-551f-980a-698895056aa0,1.1681339999999998e+10,24200,116.81339999999999
1658104626,AKROUSDT,Sell,24200,0.004827,ZeroMinusTick,66aa2231-7aad-51d7-ad94-733767b26ff0,1.1681339999999998e+10,24200,116.81339999999999
1658104627,AKROUSDT,Sell,9000,0.004826,MinusTick,e1b6056d-b208-5dcd-849d-077844271970,4.3434e+09,9000,43.434000000000005
1658104632,AKROUSDT,Buy,24200,0.004826,ZeroMinusTick,d7bd8565-ad4a-5c2c-a456-ba74544c1f06,1.167892e+10,24200,116.78920000000001
1658104633,AKROUSDT,Sell,9000,0.004824,MinusTick,c235ce86-477f-59d0-9f19-54f3714c5680,4.3416e+09,9000,43.416000000000004
1658104635,AKROUSDT,Sell,9000,0.004827,PlusTick,e3ef0f89-44c9-5597-8d78-437377bc6230,4.3443e+09,9000,43.443
1658104641,AKROUSDT,Sell,9000,0.004824,MinusTick,81916eda-a2a4-5d5c-883d-db05dbbabf77,4.3416e+09,9000,43.416000000000004
1658104657,AKROUSDT,Sell,9000,0.004823,MinusTick,9c22a454-d809-5328-82c2-f492014cbec0,4.3407e+09,9000,43.407000000000004
1658104659,AKROUSDT,Buy,9000,0.004823,ZeroMinusTick,a7adfddc-55df-508b-81dd-93ca0ba92624,4.3407e+09,9000,43.407000000000004
1658104664,AKROUSDT,Sell,9000,0.004822,MinusTick,7d2bc08f-292c-5d69-8b0e-63b4929e7a97,4.3398e+09,9000,43.397999999999996
1658104666,AKROUSDT,Buy,9000,0.004822,ZeroMinusTick,6cee527f-3915-5ef2-bb6b-90a1a6a14984,4.3398e+09,9000,43.397999999999996
1658104672,AKROUSDT,Buy,100,0.004822,ZeroMinusTick,b3cb93cb-b3aa-597b-b818-e7998a964563,4.821999999999999e+07,100,0.48219999999999996
1658104672,AKROUSDT,Buy,462200,0.004822,ZeroMinusTick,788ae601-4cd6-5275-8c76-76b634b3647f,2.2287284e+11,462200,2228.7284
1658104672,AKROUSDT,Buy,358100,0.004822,ZeroMinusTick,b2bccb3c-e117-5615-bedc-b633b55610e4,1.7267582e+11,358100,1726.7582
1658104677,AKROUSDT,Sell,9000,0.004824,PlusTick,d577199d-c9f1-52b6-8c0a-fdeb0336de12,4.3416e+09,9000,43.416000000000004
1658104678,AKROUSDT,Buy,24200,0.004825,PlusTick,0f1eb622-25f2-525b-8fa3-172b1349b190,1.16765e+10,24200,116.765
1658104678,AKROUSDT,Buy,199600,0.004825,ZeroMinusTick,73811eed-32bd-5f67-9f94-deaa950ff105,9.6307e+10,199600,963.07
1658104679,AKROUSDT,Buy,9000,0.004827,PlusTick,41c66ef4-2bca-5b92-bb53-22a4b89f4e0f,4.3443e+09,9000,43.443
1658104682,AKROUSDT,Sell,57400,0.004825,MinusTick,9fb0cfe0-cd7c-5d31-bfbf-22d6f820c9f5,2.7695500000000004e+10,57400,276.95500000000004
1658104682,AKROUSDT,Sell,93900,0.004825,ZeroMinusTick,9f26c02a-bf89-539b-bbbc-98164355e562,4.530675000000001e+10,93900,453.06750000000005
1658104682,AKROUSDT,Sell,100900,0.004825,ZeroMinusTick,996519f8-d4f0-58cf-8554-d79c8a3d0a77,4.868425e+10,100900,486.84250000000003
1658104682,AKROUSDT,Sell,93900,0.004825,ZeroMinusTick,11fbb87a-c358-5e9c-ba23-19b3f0eb7b4e,4.530675000000001e+10,93900,453.06750000000005
1658104682,AKROUSDT,Sell,425200,0.004825,ZeroMinusTick,58e4b051-d693-53bb-ae89-f7bd8b403d91,2.05159e+11,425200,2051.59
1658104682,AKROUSDT,Sell,99600,0.004825,ZeroMinusTick,348451bf-d2c7-5b30-9699-366a8a5a8a7c,4.805700000000001e+10,99600,480.57000000000005
1658104682,AKROUSDT,Sell,77300,0.004825,ZeroMinusTick,88f9d456-5c03-58c6-8f57-94e73f2eb819,3.729725e+10,77300,372.9725
1658104682,AKROUSDT,Sell,22300,0.004824,MinusTick,b4f2366f-5813-5ae0-a878-dc0f63ebd8c3,1.075752e+10,22300,107.57520000000001
1658104682,AKROUSDT,Sell,104800,0.004824,ZeroMinusTick,b11fdb0c-d14e-59b0-b686-c27aaa354e9e,5.055552e+10,104800,505.5552
1658104683,AKROUSDT,Sell,9000,0.004818,MinusTick,64fd3c59-a91d-5fa3-826b-248587da1196,4.3362e+09,9000,43.362
1658104695,AKROUSDT,Sell,800,0.004823,PlusTick,a6742357-1320-5471-a133-92f231fe68e6,3.8584e+08,800,3.8584
1658104705,AKROUSDT,Sell,9000,0.004827,PlusTick,bd764925-181b-5a1b-87ed-3b11f083858e,4.3443e+09,9000,43.443
1658104711,AKROUSDT,Buy,9000,0.004828,PlusTick,c42e826a-7966-5d80-b073-279e3740bc16,4.3452e+09,9000,43.452
1658104714,AKROUSDT,Sell,24200,0.004827,MinusTick,a1f19fcb-6b16-57ec-94c5-20bf856a7c54,1.1681339999999998e+10,24200,116.81339999999999
1658104714,AKROUSDT,Sell,9000,0.004826,MinusTick,b508e28e-538e-5204-af9d-12d833652a38,4.3434e+09,9000,43.434000000000005
1658104719,AKROUSDT,Sell,9000,0.004825,MinusTick,de875ec4-5753-5457-917a-0fa6994bfe4f,4.3425e+09,9000,43.425000000000004
1658104785,AKROUSDT,Buy,200,0.004824,MinusTick,08ae7454-a657-551e-9d3b-f3ae043fe921,9.648e+07,200,0.9648
1658104814,AKROUSDT,Sell,58000,0.004825,PlusTick,00ffdb8d-4b3a-5639-9fc6-f6675c29f548,2.7985000000000004e+10,58000,279.85
1658104827,AKROUSDT,Sell,41100,0.004824,MinusTick,33e0c04a-394a-5578-9247-463ef279a949,1.982664e+10,41100,198.2664
1658104827,AKROUSDT,Sell,16900,0.004824,ZeroMinusTick,5c94d426-a85f-59fb-bcd5-1967fcd122c4,8.15256e+09,16900,81.5256
1658104827,AKROUSDT,Sell,41100,0.004823,MinusTick,038aa815-4ae1-54e5-80c5-f3c3957275c3,1.982253e+10,41100,198.2253
1658104827,AKROUSDT,Sell,9000,0.004823,ZeroMinusTick,8d370729-7579-50f2-81cd-5ff16a697836,4.3407e+09,9000,43.407000000000004
1658104827,AKROUSDT,Sell,188000,0.004823,ZeroMinusTick,71a0943e-802e-57d5-90ec-eceacbe2e885,9.06724e+10,188000,906.724
1658104827,AKROUSDT,Sell,236000,0.004823,ZeroMinusTick,e8cf8e58-84b5-513f-aec8-d895a2034be1,1.138228e+11,236000,1138.228
1658104827,AKROUSDT,Sell,96700,0.004823,ZeroMinusTick,76b76a1b-51a5-5f67-bd04-a9a23bd4f795,4.663841e+10,96700,466.3841
1658104827,AKROUSDT,Sell,124200,0.004823,ZeroMinusTick,90abe380-0a41-5187-b407-3f3df2b130bf,5.990166000000001e+10,124200,599.0166
1658104827,AKROUSDT,Sell,96700,0.004823,ZeroMinusTick,da0312dc-cc0d-5214-bcc2-cf89eea880a5,4.663841e+10,96700,466.3841
1658104827,AKROUSDT,Sell,192700,0.004823,ZeroMinusTick,788e4716-da4f-5369-9003-8a679647910d,9.293921e+10,192700,929.3921
1658104828,AKROUSDT,Sell,9000,0.004819,MinusTick,bf219f50-1a13-56d6-a01e-2ac21596beab,4.3371e+09,9000,43.371
1658104837,AKROUSDT,Buy,9000,0.004821,PlusTick,e75e6663-e1ea-5ed7-927a-297dbd9cf1a8,4.3389e+09,9000,43.388999999999996
1658104841,AKROUSDT,Sell,9000,0.004820,MinusTick,8a6fea41-8fc9-5244-a1b2-bf5f5c212d9f,4.338e+09,9000,43.379999999999995
1658104875,AKROUSDT,Sell,1400,0.004817,MinusTick,2cc97673-faf8-5f1a-a457-f28e8bd8730a,6.7438e+08,1400,6.7438
1658104913,AKROUSDT,Buy,100,0.004821,PlusTick,d96dcefa-bbdc-5143-8f09-877a8e607ccf,4.821e+07,100,0.4821
1658104929,AKROUSDT,Sell,9000,0.004822,PlusTick,de9e594a-25c7-5158-969b-decb873c7454,4.3398e+09,9000,43.397999999999996
1658104932,AKROUSDT,Buy,9000,0.004820,MinusTick,f999efe7-5201-5c49-ad4a-e44b792de0e8,4.338e+09,9000,43.379999999999995
1658104933,AKROUSDT,Buy,24200,0.004820,ZeroMinusTick,94a14ab4-95f0-5730-92eb-ee45f74bb9f3,1.16644e+10,24200,116.64399999999999
1658104933,AKROUSDT,Buy,24200,0.004820,ZeroMinusTick,ac6b71c3-0495-5d59-9a8c-083513cbd077,1.16644e+10,24200,116.64399999999999
1658104936,AKROUSDT,Sell,9000,0.004822,PlusTick,cf9171b3-77dc-5466-825f-18062389b29a,4.3398e+09,9000,43.397999999999996
1658104939,AKROUSDT,Buy,9000,0.004822,ZeroMinusTick,b9dd8a44-5d04-5507-92d2-1629e80e28b6,4.3398e+09,9000,43.397999999999996
1658104939,AKROUSDT,Buy,153900,0.004826,PlusTick,f34cff38-cc63-51ce-b593-20a4f1532f91,7.427214e+10,153900,742.7214
1658104942,AKROUSDT,Buy,9000,0.004826,ZeroMinusTick,342381c3-58ec-5ea1-84c5-1af72b1b489b,4.3434e+09,9000,43.434000000000005
1658104945,AKROUSDT,Sell,9000,0.004822,MinusTick,c1569322-24c1-5d1d-8438-a69fbdd97ace,4.3398e+09,9000,43.397999999999996
1658104947,AKROUSDT,Buy,9000,0.004822,ZeroMinusTick,d7f01eb1-0be4-5fd4-b4a9-5ed24bfced09,4.3398e+09,9000,43.397999999999996
1658104952,AKROUSDT,Sell,9000,0.004822,ZeroMinusTick,3e8d876e-d9e5-5e66-b9d0-3414c7d476a8,4.3398e+09,9000,43.397999999999996
1658104954,AKROUSDT,Buy,9000,0.004822,ZeroMinusTick,fcc7d625-48c9-573a-822e-ed64963dd64f,4.3398e+09,9000,43.397999999999996
1658104995,AKROUSDT,Sell,1000,0.004823,PlusTick,9b3d9844-0ca0-55ce-80fd-6490ba37623c,4.8230000000000006e+08,1000,4.823
1658105105,AKROUSDT,Sell,1600,0.004823,ZeroMinusTick,0c5e4725-9a88-5828-a1cb-6713dacd4282,7.7168e+08,1600,7.7168
1658105118,AKROUSDT,Sell,9000,0.004824,PlusTick,b92f1571-8d82-50f3-becf-33ba5808bed4,4.3416e+09,9000,43.416000000000004
1658105121,AKROUSDT,Buy,9000,0.004820,MinusTick,f4cd79af-6874-5b63-a695-8a34acbe48e8,4.338e+09,9000,43.379999999999995
1658105125,AKROUSDT,Sell,9000,0.004820,ZeroMinusTick,27626b86-f0d5-5f5a-af7b-9561ea19e3a4,4.338e+09,9000,43.379999999999995
1658105131,AKROUSDT,Sell,9000,0.004816,MinusTick,877c0c67-c79a-5d23-8dce-496de135e684,4.3344e+09,9000,43.344
1658105133,AKROUSDT,Sell,9000,0.004820,PlusTick,f63356e4-effd-5380-a351-a6900c83ea51,4.338e+09,9000,43.379999999999995
1658105136,AKROUSDT,Buy,9000,0.004820,ZeroMinusTick,b22108c0-58ef-5e0a-81be-6abe2df9b438,4.338e+09,9000,43.379999999999995
1658105140,AKROUSDT,Sell,15200,0.004816,MinusTick,50357fa6-88d4-5f7d-bcdf-c5e6077dd6a3,7.32032e+09,15200,73.2032
1658105140,AKROUSDT,Sell,7300,0.004816,ZeroMinusTick,21614217-718c-5fe5-9cdd-4bcf7421e5e4,3.5156799999999995e+09,7300,35.1568
1658105140,AKROUSDT,Sell,9000,0.004820,PlusTick,c4a8183c-e5f6-5215-a906-e1b6ddecd7fd,4.338e+09,9000,43.379999999999995
1658105141,AKROUSDT,Buy,24200,0.004821,PlusTick,35896e9b-7732-5603-a56f-4abacb61cdec,1.166682e+10,24200,116.6682
1658105143,AKROUSDT,Buy,9000,0.004820,MinusTick,b460a778-360d-5c58-bb7b-5fa96a00eed1,4.338e+09,9000,43.379999999999995
1658105147,AKROUSDT,Sell,9000,0.004821,PlusTick,be2ae7a6-aa6b-5a54-b287-816c9a28d19d,4.3389e+09,9000,43.388999999999996
1658105148,AKROUSDT,Buy,23700,0.004821,ZeroMinusTick,9434b3ad-ee36-50e8-be68-548a0a3d2da8,1.142577e+10,23700,114.2577
1658105148,AKROUSDT,Buy,23700,0.004821,ZeroMinusTick,9ae66c99-21a8-5b66-b1dc-0d9e6fb8728a,1.142577e+10,23700,114.2577
1658105153,AKROUSDT,Buy,9000,0.004823,PlusTick,b13551fb-41a5-5f39-9c0b-2e73aec05efb,4.3407e+09,9000,43.407000000000004
1658105155,AKROUSDT,Sell,9000,0.004820,MinusTick,c6bb846c-d0ab-56ee-ab91-3e3af0a7e686,4.338e+09,9000,43.379999999999995
1658105158,AKROUSDT,Buy,9000,0.004817,MinusTick,8545b6f8-c981-5d82-86c3-f1507adad2eb,4.3353e+09,9000,43.353
1658105158,AKROUSDT,Buy,70400,0.004817,ZeroMinusTick,a1795dca-8388-5398-8ff0-481cfbfbd9de,3.391168e+10,70400,339.1168
1658105161,AKROUSDT,Sell,9000,0.004815,MinusTick,f1996883-a000-5e49-bf3e-5c8a81dc5d1a,4.3335e+09,9000,43.335
1658105161,AKROUSDT,Sell,229100,0.004815,ZeroMinusTick,a0d472e3-4b9e-564c-a679-1b842c24f693,1.1031164999999998e+11,229100,1103.1164999999999
1658105161,AKROUSDT,Sell,511100,0.004814,MinusTick,97c850c6-d025-5eec-82b9-e3fea6f937dc,2.4604353999999997e+11,511100,2460.4354
1658105161,AKROUSDT,Sell,199900,0.004813,MinusTick,aaf36698-e0cb-5382-9373-3376e7e05f94,9.621186999999998e+10,199900,962.1186999999999
1658105161,AKROUSDT,Sell,194600,0.004813,ZeroMinusTick,020a0fdf-36e9-575c-8ff0-719812820214,9.366098e+10,194600,936.6098
1658105161,AKROUSDT,Sell,465400,0.004811,MinusTick,0e0e2b86-10e5-5c88-a250-50dcf8a28fe8,2.2390394e+11,465400,2239.0394
1658105161,AKROUSDT,Sell,221600,0.004811,ZeroMinusTick,11422c28-428e-5a05-9a61-47ea71888cea,1.0661176e+11,221600,1066.1176
1658105161,AKROUSDT,Sell,127700,0.004806,MinusTick,dffa9942-5f0e-5bbc-b32e-30c47137560a,6.137262000000001e+10,127700,613.7262000000001
1658105161,AKROUSDT,Sell,13500,0.004804,MinusTick,41ba36c5-9931-5fd0-84d1-581cc124a142,6.4854e+09,13500,64.854
1658105161,AKROUSDT,Sell,6700,0.004803,MinusTick,799495b8-2752-5a30-9ff5-e0bc271ea4a1,3.2180100000000005e+09,6700,32.1801
1658105161,AKROUSDT,Sell,4000,0.004802,MinusTick,660075dd-1c0b-595b-87e9-9a10908d1bc4,1.9207999999999998e+09,4000,19.208
1658105161,AKROUSDT,Sell,26400,0.004802,ZeroMinusTick,53e80d3e-aa00-5f7b-976d-d17dbe36f3ee,1.2677279999999998e+10,26400,126.77279999999999
1658105163,AKROUSDT,Sell,400,0.004813,PlusTick,f7602f07-bc1d-5436-99b5-00901cb044c1,1.9251999999999997e+08,400,1.9251999999999998
1658105163,AKROUSDT,Sell,24200,0.004812,MinusTick,5df05d0a-aa1e-547f-b75a-53ddeca7fdc2,1.164504e+10,24200,116.4504
1658105163,AKROUSDT,Sell,110900,0.004811,MinusTick,d3f78ac0-5bfe-5c50-afe9-42ea25103e46,5.335399e+10,110900,533.5399
1658105163,AKROUSDT,Sell,238100,0.004811,ZeroMinusTick,c63407bf-c7e0-59ff-9a16-9c3346fc86e0,1.1454991e+11,238100,1145.4991
1658105163,AKROUSDT,Sell,24200,0.004810,MinusTick,2476db3a-19b6-576e-ae38-9d593f4c785f,1.16402e+10,24200,116.402
1658105163,AKROUSDT,Sell,51900,0.004806,MinusTick,876a27b4-5814-52f3-bb78-48f7aae7b130,2.4943140000000004e+10,51900,249.43140000000002
1658105163,AKROUSDT,Sell,51900,0.004806,ZeroMinusTick,e804e3a9-9485-5309-9f40-b0be5cb13754,2.4943140000000004e+10,51900,249.43140000000002
1658105163,AKROUSDT,Sell,465400,0.004805,MinusTick,a23cc3c4-a178-5990-a409-649ec69658d0,2.2362470000000003e+11,465400,2236.2470000000003
1658105163,AKROUSDT,Sell,221600,0.004803,MinusTick,0287b557-1a75-5081-9f1c-3a06d62e82f7,1.0643448000000002e+11,221600,1064.3448
1658105163,AKROUSDT,Sell,27000,0.004802,MinusTick,c154a6a3-79f0-5002-a808-19d1784aa85b,1.29654e+10,27000,129.654
1658105163,AKROUSDT,Sell,109400,0.004802,ZeroMinusTick,551d985a-5f17-57fe-b95d-ecac20a594c4,5.253388e+10,109400,525.3388
1658105163,AKROUSDT,Sell,74500,0.004801,MinusTick,660a845a-3cf4-566a-a783-d9ff91de8413,3.576745e+10,74500,357.67449999999997
1658105163,AKROUSDT,Sell,115400,0.004800,MinusTick,a158d271-e5b6-5a09-aeab-bce3b8fa9d3b,5.539199999999999e+10,115400,553.92
1658105163,AKROUSDT,Sell,21600,0.004800,ZeroMinusTick,0bc876f6-cd86-5287-b274-135c3ee2b4f8,1.0368e+10,21600,103.67999999999999
1658105163,AKROUSDT,Sell,3300,0.004800,ZeroMinusTick,f7820e44-5c1a-5205-9d55-3072c9758827,1.5839999999999998e+09,3300,15.839999999999998
1658105163,AKROUSDT,Sell,11000,0.004800,ZeroMinusTick,3971fa67-5eb6-536b-81eb-4951dfb5e102,5.28e+09,11000,52.8
1658105163,AKROUSDT,Sell,104500,0.004799,MinusTick,c973c0e6-af06-5690-81a2-c1d6ebc0d8fd,5.014955000000001e+10,104500,501.49550000000005
1658105163,AKROUSDT,Sell,4700,0.004798,MinusTick,d44a6cc2-507f-516d-a37a-1d607b272bee,2.25506e+09,4700,22.5506
1658105163,AKROUSDT,Sell,10000,0.004798,ZeroMinusTick,e31b59a4-38ac-51b9-8ff4-282589ea4544,4.798e+09,10000,47.980000000000004
1658105163,AKROUSDT,Sell,14900,0.004798,ZeroMinusTick,e72a96d5-e85b-50ce-8bdf-c35206634be3,7.14902e+09,14900,71.4902
1658105163,AKROUSDT,Sell,147700,0.004798,ZeroMinusTick,7041f915-8380-5fcf-91fa-d18da3252d63,7.086646e+10,147700,708.6646000000001
1658105163,AKROUSDT,Sell,48000,0.004797,MinusTick,555d5a72-df3f-5f79-b37a-e6e7c0f1eef8,2.30256e+10,48000,230.256
1658105163,AKROUSDT,Sell,39100,0.004797,ZeroMinusTick,303a8128-07c7-5c2b-af86-73eba6a60fa7,1.875627e+10,39100,187.5627
1658105163,AKROUSDT,Sell,70800,0.004796,MinusTick,f2e3b72a-068c-5518-992e-729a88fb1ebd,3.395568e+10,70800,339.5568
1658105163,AKROUSDT,Sell,8200,0.004782,MinusTick,05afea54-a78a-595c-8fef-bb97d9168416,3.9212399999999995e+09,8200,39.212399999999995
1658105163,AKROUSDT,Sell,1300,0.004780,MinusTick,25e8abc3-55c6-5c9a-ace1-32e6707010c3,6.214e+08,1300,6.214
1658105163,AKROUSDT,Buy,700,0.004820,PlusTick,d7e8b04e-f05d-5334-976e-29ceae412bb9,3.3739999999999994e+08,700,3.3739999999999997
1658105163,AKROUSDT,Buy,11000,0.004809,MinusTick,8ee9ae5d-65d2-5376-9bd4-0a2a09dc6a77,5.2899e+09,11000,52.899
1658105163,AKROUSDT,Buy,12800,0.004813,PlusTick,d81f4074-d8ee-599c-b4ca-3e752e0011c9,6.160639999999999e+09,12800,61.606399999999994
1658105163,AKROUSDT,Buy,24200,0.004814,PlusTick,2b7c4cba-9caf-5a06-9489-1c36b9fa0b3c,1.1649879999999998e+10,24200,116.49879999999999
1658105164,AKROUSDT,Buy,37000,0.004813,MinusTick,fb980885-120c-5b92-a758-d4e545926ad6,1.78081e+10,37000,178.081
1658105164,AKROUSDT,Sell,9000,0.004812,MinusTick,b81358a8-40ed-56a2-b416-49975dbdee80,4.3308e+09,9000,43.308
1658105166,AKROUSDT,Sell,9000,0.004812,ZeroMinusTick,460b966f-e110-5a63-a057-cf31dc21b5f2,4.3308e+09,9000,43.308
1658105166,AKROUSDT,Sell,358100,0.004812,ZeroMinusTick,e8b0c9d1-575b-5aeb-90c2-28153dc14bac,1.7231772e+11,358100,1723.1772
1658105166,AKROUSDT,Sell,24200,0.004811,MinusTick,ca14af69-afbc-5336-814e-66788a1ea561,1.164262e+10,24200,116.42620000000001
1658105166,AKROUSDT,Sell,238100,0.004809,MinusTick,bc78328f-5387-5697-bc8b-2aa5f3847f00,1.1450229e+11,238100,1145.0229
1658105166,AKROUSDT,Sell,109400,0.004802,MinusTick,39d04cb3-8d2d-5dd9-8803-cbf6c9be11ac,5.253388e+10,109400,525.3388
1658105166,AKROUSDT,Sell,138100,0.004801,MinusTick,fef557c4-405d-54a3-91a9-cd3e1467800f,6.630181e+10,138100,663.0181
1658105166,AKROUSDT,Sell,214600,0.004800,MinusTick,653ad893-5539-5313-a163-9beb00a9942d,1.03008e+11,214600,1030.08
1658105166,AKROUSDT,Sell,4700,0.004798,MinusTick,471d6f60-e670-58d9-8d44-23c72aa5f1b0,2.25506e+09,4700,22.5506
1658105166,AKROUSDT,Sell,113800,0.004797,MinusTick,622ac296-d22d-52ab-8145-a1a43e8bf638,5.458986e+10,113800,545.8986
1658105166,AKROUSDT,Sell,164700,0.004797,ZeroMinusTick,c8dbc4b5-92ce-54a6-92c2-0100ca7c8ecf,7.900659e+10,164700,790.0659
1658105166,AKROUSDT,Sell,700,0.004789,MinusTick,07c7d53d-7f2e-5912-a28c-067b657fa3d5,3.3523e+08,700,3.3523
1658105166,AKROUSDT,Sell,8200,0.004786,MinusTick,25d2cfc0-fbcc-57b9-a053-60f5621ca534,3.9245200000000005e+09,8200,39.245200000000004
1658105166,AKROUSDT,Sell,58000,0.004786,ZeroMinusTick,741f2de2-aef6-57de-a826-98e5496273fd,2.7758800000000004e+10,58000,277.588
1658105166,AKROUSDT,Sell,558400,0.004785,MinusTick,e56d771d-8171-5c65-b6b5-8c82869bcb31,2.671944e+11,558400,2671.944
1658105166,AKROUSDT,Sell,260000,0.004810,PlusTick,ce931aa9-4e2a-5ff8-ad65-a0f07f61a8bd,1.2505999999999998e+11,260000,1250.6
1658105166,AKROUSDT,Buy,6700,0.004808,MinusTick,0fa823c5-3947-52e3-ab8b-f8457409cccd,3.22136e+09,6700,32.2136
1658105166,AKROUSDT,Buy,700,0.004808,ZeroMinusTick,3c67f1ab-db31-56ef-a19f-88e4a818fb35,3.3656e+08,700,3.3655999999999997
1658105166,AKROUSDT,Buy,8200,0.004808,ZeroMinusTick,5f147b3f-6cf8-508d-a993-093204df9701,3.9425599999999995e+09,8200,39.425599999999996
1658105166,AKROUSDT,Buy,8200,0.004808,ZeroMinusTick,bd914dc6-a1d6-56dd-99f0-d216bc809487,3.9425599999999995e+09,8200,39.425599999999996
1658105166,AKROUSDT,Buy,400,0.004808,ZeroMinusTick,b0eb5ebb-cd14-5fc2-a7d4-e5d37bd9c498,1.9232e+08,400,1.9232
1658105167,AKROUSDT,Buy,24200,0.004813,PlusTick,24486636-7efe-5575-bfd9-bbfad3e930ce,1.164746e+10,24200,116.4746
1658105167,AKROUSDT,Buy,9000,0.004813,ZeroMinusTick,461c2c7b-ff1c-53b1-a6b8-2810533cfa1b,4.331699999999999e+09,9000,43.31699999999999
1658105167,AKROUSDT,Buy,24200,0.004813,ZeroMinusTick,da0ca2be-688c-5c80-b214-a64880c2626f,1.164746e+10,24200,116.4746
1658105170,AKROUSDT,Sell,400,0.004813,ZeroMinusTick,4dc14fd2-cc8b-57f3-a174-72475c6edb09,1.9251999999999997e+08,400,1.9251999999999998
1658105170,AKROUSDT,Sell,168200,0.004812,MinusTick,f814fcd4-d129-5d4e-b8cd-8de1626ccdd8,8.093784e+10,168200,809.3784
1658105170,AKROUSDT,Sell,260000,0.004811,MinusTick,a2fb1c8e-950d-59b2-902b-b04fd3d02dc6,1.2508600000000002e+11,260000,1250.8600000000001
1658105170,AKROUSDT,Sell,24200,0.004807,MinusTick,75ebe947-e646-5b98-b432-20c911b7b561,1.163294e+10,24200,116.32939999999999
1658105170,AKROUSDT,Sell,221600,0.004806,MinusTick,2a671f16-8036-57d9-bf2e-136434177cbd,1.0650096000000002e+11,221600,1065.0096
1658105170,AKROUSDT,Sell,13500,0.004803,MinusTick,961ffe41-fc87-58cd-a032-bd3d35027120,6.484050000000001e+09,13500,64.8405
1658105170,AKROUSDT,Sell,6700,0.004803,ZeroMinusTick,00a36cf7-c79f-5c55-8388-b5221b13b6b2,3.2180100000000005e+09,6700,32.1801
1658105170,AKROUSDT,Sell,11000,0.004802,MinusTick,8b4278f8-c80d-56f7-a48d-afbaa7835214,5.2822e+09,11000,52.821999999999996
1658105170,AKROUSDT,Sell,46900,0.004802,ZeroMinusTick,c892d9cc-d735-5b0a-b003-9d2f081da724,2.252138e+10,46900,225.2138
1658105170,AKROUSDT,Sell,72800,0.004801,MinusTick,be133d8a-743e-5d55-b693-e2a85672739f,3.495128e+10,72800,349.51279999999997
1658105170,AKROUSDT,Sell,147600,0.004800,MinusTick,ba4a1cfe-e705-5e96-8787-f77f45a51fa0,7.084799999999998e+10,147600,708.4799999999999
1658105170,AKROUSDT,Sell,238100,0.004799,MinusTick,609587e5-79d7-58b0-bc45-9bd22ec79df0,1.1426419000000002e+11,238100,1142.6419
1658105170,AKROUSDT,Sell,58200,0.004799,ZeroMinusTick,1dc152d0-e02f-5425-bb7a-0bbeef04b3e0,2.793018e+10,58200,279.3018
1658105170,AKROUSDT,Sell,24200,0.004798,MinusTick,68fa198c-44b3-5e40-b319-e2b1e3404059,1.1611160000000002e+10,24200,116.11160000000001
1658105170,AKROUSDT,Sell,62500,0.004798,ZeroMinusTick,060d582c-345c-5208-9a31-227bd05ab9b2,2.99875e+10,62500,299.875
1658105170,AKROUSDT,Sell,306400,0.004797,MinusTick,08c2854b-ee01-5dfd-a54b-ca630c4f42f4,1.4698008e+11,306400,1469.8008
1658105170,AKROUSDT,Sell,337700,0.004789,MinusTick,41ec1a0c-cbdd-5197-8756-8a5f116402de,1.6172453e+11,337700,1617.2453
1658105170,AKROUSDT,Buy,11000,0.004812,PlusTick,b667983e-da14-5471-b08c-068142b07a85,5.2932e+09,11000,52.932
1658105170,AKROUSDT,Buy,13500,0.004812,ZeroMinusTick,94ad8f25-f3ff-50b0-9c73-e178a0304e81,6.4962e+09,13500,64.962
1658105170,AKROUSDT,Buy,13500,0.004813,PlusTick,730e2836-e956-5f6a-835c-ee46e799c18a,6.49755e+09,13500,64.9755
1658105171,AKROUSDT,Buy,400,0.004816,PlusTick,c28aab15-5c3c-5530-8eec-387148f3eb0a,1.9264e+08,400,1.9264
1658105171,AKROUSDT,Buy,6700,0.004817,PlusTick,282b0863-c900-5007-a2d1-43ca9e4fcc2d,3.2273899999999995e+09,6700,32.2739
1658105171,AKROUSDT,Buy,24200,0.004817,ZeroMinusTick,db0b3c53-b312-5440-93d5-767377e922a6,1.165714e+10,24200,116.5714
1658105175,AKROUSDT,Sell,151400,0.004812,MinusTick,168f5b28-271a-5ca4-90e7-2a87e018e8d2,7.285368000000002e+10,151400,728.5368000000001
1658105175,AKROUSDT,Sell,24200,0.004812,ZeroMinusTick,fc4eba4c-8ce5-5f66-8a63-540604234958,1.164504e+10,24200,116.4504
1658105175,AKROUSDT,Sell,260000,0.004811,MinusTick,82ee51e9-1aca-517d-9d68-4d65d3a720dc,1.2508600000000002e+11,260000,1250.8600000000001
1658105175,AKROUSDT,Sell,38000,0.004805,MinusTick,3bf41452-c8aa-59f8-b5cb-40341ed74b92,1.8259e+10,38000,182.59
1658105175,AKROUSDT,Sell,209000,0.004803,MinusTick,4c97f8e2-ab3c-5dea-be8a-b5e2a589806c,1.003827e+11,209000,1003.827
1658105175,AKROUSDT,Sell,228600,0.004802,MinusTick,9ef4fbba-5ae0-59c6-9bce-958ea75bfcb9,1.0977372e+11,228600,1097.7372
1658105175,AKROUSDT,Sell,13600,0.004802,ZeroMinusTick,a9e39a11-82e4-5734-ac07-418a227ff722,6.530719999999999e+09,13600,65.3072
1658105175,AKROUSDT,Sell,165700,0.004801,MinusTick,11f4a516-0250-5601-a54c-708181079bf0,7.955256999999998e+10,165700,795.5256999999999
1658105175,AKROUSDT,Sell,207000,0.004800,MinusTick,f2ace710-f47a-5430-b1e7-63b8122ce074,9.935999999999998e+10,207000,993.5999999999999
1658105175,AKROUSDT,Sell,99500,0.004798,MinusTick,72390f32-9910-5af4-ba81-d6a177dd8570,4.77401e+10,99500,477.401
1658105175,AKROUSDT,Sell,208400,0.004796,MinusTick,3e0ebafb-26d2-5459-a3db-a04712bedcb5,9.994864e+10,208400,999.4864
1658105175,AKROUSDT,Sell,11000,0.004795,MinusTick,87b2a500-7c25-5426-bc2e-3ca8a2d6a691,5.2745e+09,11000,52.745
1658105175,AKROUSDT,Sell,24200,0.004793,MinusTick,04342225-24fb-59c8-9bb7-9db93d8627d6,1.1599060000000002e+10,24200,115.99060000000001
1658105175,AKROUSDT,Sell,8300,0.004792,MinusTick,f764925b-34de-58df-80b7-98f1bc56845a,3.97736e+09,8300,39.7736
1658105175,AKROUSDT,Sell,238100,0.004792,ZeroMinusTick,fb26875e-b9af-54f3-9deb-21abb2489b73,1.1409752000000002e+11,238100,1140.9752
1658105175,AKROUSDT,Sell,6600,0.004789,MinusTick,63df34a6-43ef-54e3-8283-b756123b54b7,3.16074e+09,6600,31.6074
1658105175,AKROUSDT,Sell,6100,0.004786,MinusTick,c2d1b87f-b8b8-5033-aa20-d8f0b84a0276,2.91946e+09,6100,29.1946
1658105175,AKROUSDT,Sell,8200,0.004784,MinusTick,af430fcf-2f8e-5efd-9cec-061f234f2eb1,3.92288e+09,8200,39.2288
1658105175,AKROUSDT,Sell,92100,0.004784,ZeroMinusTick,1cda7b9c-1c54-52f0-a210-57fe77c620c5,4.406064e+10,92100,440.6064
1658105175,AKROUSDT,Buy,6000,0.004807,PlusTick,656fe4de-f76b-55fd-be83-d1b3356eba77,2.8842e+09,6000,28.842
1658105175,AKROUSDT,Buy,13600,0.004807,ZeroMinusTick,422acfc9-44fa-5c7e-96ee-abcd145039ca,6.537519999999999e+09,13600,65.37519999999999
1658105175,AKROUSDT,Buy,4600,0.004807,ZeroMinusTick,372ec98f-1e0f-5d76-bd73-1f3acb1beadb,2.21122e+09,4600,22.112199999999998
1658105177,AKROUSDT,Buy,6400,0.004812,PlusTick,5ededeaa-55e5-5542-9892-e00e46e62335,3.07968e+09,6400,30.7968
1658105177,AKROUSDT,Buy,24200,0.004813,PlusTick,44263dc4-fd26-5333-aed1-c0d153e770d4,1.164746e+10,24200,116.4746
1658105179,AKROUSDT,Buy,9000,0.004809,MinusTick,b1d8c8e8-8d6f-5e95-aadb-7e14b7489664,4.3281e+09,9000,43.281
1658105180,AKROUSDT,Buy,24200,0.004814,PlusTick,6b63bcb1-e9a1-5d4b-966f-92620e079773,1.1649879999999998e+10,24200,116.49879999999999
1658105181,AKROUSDT,Buy,24200,0.004813,MinusTick,ce299408-5c4b-5dc0-b77f-a3faa9133e98,1.164746e+10,24200,116.4746
1658105181,AKROUSDT,Sell,24200,0.004806,MinusTick,18281599-9bc7-53f4-ae3b-5e0f8eae3287,1.1630520000000002e+10,24200,116.30520000000001
1658105181,AKROUSDT,Sell,14500,0.004806,ZeroMinusTick,665d28b7-3934-56da-b06d-7a9e278cd098,6.968700000000001e+09,14500,69.68700000000001
1658105181,AKROUSDT,Sell,200000,0.004805,MinusTick,09660b5a-b37e-5a2f-947d-09c7cb35ccbc,9.61e+10,200000,961
1658105181,AKROUSDT,Sell,6000,0.004804,MinusTick,666c8168-f6f7-523f-a814-187612195f17,2.8824e+09,6000,28.824
1658105181,AKROUSDT,Sell,24200,0.004803,MinusTick,ee0555cf-21b7-514e-be1f-2b852e3079a1,1.162326e+10,24200,116.2326
1658105181,AKROUSDT,Sell,66800,0.004802,MinusTick,17e38136-fbec-5526-aafe-8874c4fc9ee4,3.207736e+10,66800,320.7736
1658105181,AKROUSDT,Sell,57400,0.004801,MinusTick,333ba9c1-a9dd-5185-a99d-6e718cb8596a,2.755774e+10,57400,275.5774
1658105181,AKROUSDT,Sell,79000,0.004801,ZeroMinusTick,7a927fe3-02ab-5d25-b282-b6e5122f57b8,3.79279e+10,79000,379.279
1658105181,AKROUSDT,Sell,13200,0.004801,ZeroMinusTick,8897302d-8d99-535d-8c70-8f31fc63e69c,6.33732e+09,13200,63.3732
1658105181,AKROUSDT,Sell,74500,0.004800,MinusTick,1bfdf18c-6cf4-56d3-97d3-5dccefcdbcab,3.576e+10,74500,357.59999999999997
1658105181,AKROUSDT,Sell,11000,0.004800,ZeroMinusTick,fc3a022d-d979-54e8-bd36-87affc77047b,5.28e+09,11000,52.8
1658105181,AKROUSDT,Sell,24900,0.004798,MinusTick,8836fd27-8a22-507d-98dc-b10fd42589e5,1.194702e+10,24900,119.4702
1658105181,AKROUSDT,Sell,14700,0.004797,MinusTick,be220b51-3a3d-5cbe-b426-ed088c6be095,7.05159e+09,14700,70.5159
1658105181,AKROUSDT,Sell,14900,0.004797,ZeroMinusTick,d6ff54cd-83c9-5c98-81b4-16cb66b9db45,7.14753e+09,14900,71.4753
1658105181,AKROUSDT,Sell,147700,0.004797,ZeroMinusTick,f5fd656f-a769-50e0-8f79-c9e156f3b47d,7.085169e+10,147700,708.5169
1658105181,AKROUSDT,Sell,72700,0.004796,MinusTick,23366d39-2b38-572b-9e57-65a46791b788,3.486692e+10,72700,348.6692
1658105181,AKROUSDT,Sell,14400,0.004796,ZeroMinusTick,fbb8a58b-5524-5007-8f67-8dd78f3a1e01,6.90624e+09,14400,69.0624
1658105181,AKROUSDT,Sell,70800,0.004795,MinusTick,c9cf47fb-5cca-524e-8f34-ea73d34e2643,3.39486e+10,70800,339.486
1658105181,AKROUSDT,Sell,238100,0.004789,MinusTick,8f1dc43e-8e50-5d51-af46-50fce0204365,1.1402609e+11,238100,1140.2609
1658105181,AKROUSDT,Sell,8000,0.004780,MinusTick,31b46956-fb35-5622-b2fb-8b70d7dba26d,3.824e+09,8000,38.24
1658105181,AKROUSDT,Sell,41500,0.004779,MinusTick,4a1bf513-1990-5952-a8c7-07be8a3ec466,1.9832850000000004e+10,41500,198.32850000000002
1658105181,AKROUSDT,Sell,465400,0.004778,MinusTick,840752f8-6c83-5ee3-9508-27022e0c172d,2.2236812e+11,465400,2223.6812
1658105181,AKROUSDT,Sell,8200,0.004776,MinusTick,b04bb005-41a7-51d3-8e42-80bdc05c7930,3.9163199999999995e+09,8200,39.163199999999996
1658105181,AKROUSDT,Sell,153900,0.004776,ZeroMinusTick,05efeeb0-d56a-51da-92ea-8bc33cdd5331,7.350264e+10,153900,735.0264
1658105181,AKROUSDT,Sell,400,0.004807,PlusTick,712ed2d3-21cb-5f45-9ee2-be4cf7edf8ad,1.9227999999999997e+08,400,1.9227999999999998
1658105181,AKROUSDT,Sell,14900,0.004806,MinusTick,f0b6b202-1ea9-5402-9925-b1cd784cd8ee,7.160940000000001e+09,14900,71.60940000000001
1658105181,AKROUSDT,Buy,8300,0.004804,MinusTick,71a537b3-12fc-5d0e-9b7e-92925a7df313,3.9873200000000005e+09,8300,39.873200000000004
1658105181,AKROUSDT,Buy,8200,0.004804,ZeroMinusTick,da03d4b0-10ce-5467-95c0-378cbf33ddc1,3.93928e+09,8200,39.3928
1658105181,AKROUSDT,Buy,6600,0.004804,ZeroMinusTick,4146ea36-7700-577e-9b13-3d72a86a6789,3.17064e+09,6600,31.706400000000002
1658105181,AKROUSDT,Buy,13200,0.004804,ZeroMinusTick,54d606ac-bf3d-5615-b4be-051f01ab2720,6.34128e+09,13200,63.412800000000004
1658105181,AKROUSDT,Buy,11000,0.004804,ZeroMinusTick,57916536-675c-552d-9862-77548602129e,5.2844e+09,11000,52.844
1658105184,AKROUSDT,Sell,260000,0.004811,PlusTick,1ae0a2db-2748-51be-af9f-c6334ff9c042,1.2508600000000002e+11,260000,1250.8600000000001
1658105184,AKROUSDT,Sell,9000,0.004808,MinusTick,dfde76b5-7157-5507-a0ed-65983e3a6357,4.3272e+09,9000,43.272
1658105185,AKROUSDT,Buy,400,0.004808,ZeroMinusTick,5b3b1e98-3690-583e-9936-43e7a01d34d7,1.9232e+08,400,1.9232
1658105185,AKROUSDT,Buy,24200,0.004809,PlusTick,ab6bdbf8-8236-5d82-891a-f0f81f8ab729,1.163778e+10,24200,116.3778
1658105185,AKROUSDT,Buy,400,0.004809,ZeroMinusTick,ebd9ba75-eed6-51ee-b284-b65f43fc4e9d,1.9236e+08,400,1.9236
1658105187,AKROUSDT,Buy,29500,0.004809,ZeroMinusTick,d0d0a3b3-c1f7-551b-a8a3-c25857d0a3ff,1.418655e+10,29500,141.8655
1658105189,AKROUSDT,Sell,462300,0.004808,MinusTick,0c36502c-926c-5f1d-b11f-dabeed02c5c5,2.2227383999999997e+11,462300,2222.7383999999997
