timestamp,symbol,side,size,price,tickDirection,trdMatchID,grossValue,homeNotional,foreignNotional
1658188864,AKROUSDT,Sell,3000,0.004960,ZeroMinusTick,97cf2226-ec91-55bd-9777-8f180f4d9cf1,1.488e+09,3000,14.88
1658188866,AKROUSDT,Sell,3000,0.004954,MinusTick,de1e03c1-5722-51ae-b4e7-08d8c1f0fd06,1.4862e+09,3000,14.862
1658188866,AKROUSDT,Sell,900,0.004954,ZeroMinusTick,6985e8c1-42b1-59fb-b114-9b3ad76467c3,4.4585999999999994e+08,900,4.4586
1658188866,AKROUSDT,Sell,100000,0.004954,ZeroMinusTick,ccbc162b-75b9-5fa1-abea-fc62dfbd0a46,4.954e+10,100000,495.40000000000003
1658188872,AKROUSDT,Buy,25000,0.004955,PlusTick,4e759607-9dba-5ce5-b4fa-ff933b3f2096,1.23875e+10,25000,123.875
1658188880,AKROUSDT,Sell,400,0.004952,MinusTick,cbe2b376-12d7-518d-a901-9fb8e7be2d0f,1.9808e+08,400,1.9808
1658188880,AKROUSDT,Sell,30300,0.004951,MinusTick,b0e7da6b-ba41-5d54-92a6-7a06274deed9,1.500153e+10,30300,150.0153
1658188880,AKROUSDT,Sell,2400,0.004951,ZeroMinusTick,e7c2bb97-6feb-52d0-836e-e2bd3dcaa12e,1.1882399999999998e+09,2400,11.882399999999999
1658188948,AKROUSDT,Sell,67300,0.004951,ZeroMinusTick,10c61a9f-6466-53e2-821d-78f4fc8f96c1,3.3320229999999996e+10,67300,333.2023
1658188949,AKROUSDT,Sell,200,0.004950,MinusTick,963f768d-59c7-5721-8aa6-48b10562a041,9.900000000000001e+07,200,0.9900000000000001
1658188950,AKROUSDT,Sell,127500,0.004950,ZeroMinusTick,c28afd26-4dd8-50b5-87fd-a16794446adf,6.31125e+10,127500,631.125
1658188953,AKROUSDT,Buy,25000,0.004945,MinusTick,6431ff83-18fa-54c9-b046-ba439fc4b298,1.23625e+10,25000,123.625
1658188953,AKROUSDT,Buy,400,0.004946,PlusTick,320dd8b3-06ad-5ad1-9b95-ab5c9b3e4986,1.9784e+08,400,1.9784
1658188953,AKROUSDT,Buy,25000,0.004947,PlusTick,e1d19e57-eb61-57cf-89f3-b3188d6f9140,1.23675e+10,25000,123.675
1658188953,AKROUSDT,Buy,25000,0.004946,MinusTick,d2f5c6a0-9912-55b4-bf10-9e0c4b5c687d,1.2365e+10,25000,123.64999999999999
1658188961,AKROUSDT,Buy,25000,0.004949,PlusTick,91d08e4e-ca79-528c-a9b4-f5e9d2bbccf7,1.23725e+10,25000,123.72500000000001
1658188961,AKROUSDT,Buy,417800,0.004950,PlusTick,dc3953ce-7c9d-5ed4-b6ee-28ed498b0782,2.06811e+11,417800,2068.11
1658188970,AKROUSDT,Buy,25000,0.004950,ZeroMinusTick,189db880-d611-577c-af88-68a1b925f1d0,1.2375000000000002e+10,25000,123.75000000000001
1658188970,AKROUSDT,Buy,25000,0.004950,ZeroMinusTick,87accbbe-5c30-5405-b25c-85256673ca36,1.2375000000000002e+10,25000,123.75000000000001
1658188975,AKROUSDT,Buy,25000,0.004947,MinusTick,c15d2c15-c2f7-5a4b-be67-c2d45b628d19,1.23675e+10,25000,123.675
1658188975,AKROUSDT,Buy,37000,0.004947,ZeroMinusTick,6aa252f2-3937-57d6-b7cd-ef150df034b6,1.83039e+10,37000,183.039
1658188976,AKROUSDT,Buy,25000,0.004949,PlusTick,d530c75f-20be-5f2e-8de2-eb1df25365ef,1.23725e+10,25000,123.72500000000001
1658188991,AKROUSDT,Buy,25000,0.004953,PlusTick,98cbaaec-810e-5341-a510-3aafd0dda62a,1.23825e+10,25000,123.825
1658188991,AKROUSDT,Buy,427900,0.004953,ZeroMinusTick,850b2de8-733f-59ba-a507-26b6b7e078b6,2.1193887e+11,427900,2119.3887
1658188994,AKROUSDT,Sell,214500,0.004945,MinusTick,6cf3d288-9dd1-57e8-8468-a797ee933cb2,1.0607024999999998e+11,214500,1060.7024999999999
1658188996,AKROUSDT,Sell,400,0.004943,MinusTick,d45de26b-92cb-5ca7-9a36-8e3bbcc156df,1.9772e+08,400,1.9772
1658188996,AKROUSDT,Sell,50000,0.004942,MinusTick,f5046305-f87c-57f5-971d-db5efbb07743,2.4710000000000004e+10,50000,247.10000000000002
1658188996,AKROUSDT,Sell,217000,0.004942,ZeroMinusTick,981dd9c5-6340-5110-a1b6-3286128d311b,1.072414e+11,217000,1072.414
1658188996,AKROUSDT,Sell,145500,0.004942,ZeroMinusTick,fa80a758-6410-50de-9744-cd88ab0fa4fe,7.19061e+10,145500,719.061
1658188998,AKROUSDT,Buy,25000,0.004944,PlusTick,e2ee8049-4828-575b-8a87-80d64905589d,1.236e+10,25000,123.6
1658188998,AKROUSDT,Buy,400,0.004944,ZeroMinusTick,1eed4136-a1f6-5174-a7b4-a360ae6966e3,1.9775999999999997e+08,400,1.9775999999999998
1658188998,AKROUSDT,Buy,25000,0.004947,PlusTick,2af04553-eb52-5653-859d-2c8557fd65f7,1.23675e+10,25000,123.675
1658188999,AKROUSDT,Buy,6500,0.004949,PlusTick,d5eddf35-fd05-5dc6-bd92-d2ce1ddf5c73,3.21685e+09,6500,32.1685
1658189005,AKROUSDT,Buy,25000,0.004949,ZeroMinusTick,2863cac1-dedc-532d-a64b-28b1bcd37860,1.23725e+10,25000,123.72500000000001
1658189019,AKROUSDT,Sell,1700,0.004945,MinusTick,f54d4928-6b46-5ca9-9b9c-9c575fb2af78,8.4065e+08,1700,8.4065
1658189023,AKROUSDT,Buy,25000,0.004949,PlusTick,78f83021-bd20-53c7-b00b-d786b6289356,1.23725e+10,25000,123.72500000000001
1658189053,AKROUSDT,Buy,25000,0.004955,PlusTick,6ea4bfc5-5d6a-5905-977e-b9bc8fb04ed8,1.23875e+10,25000,123.875
1658189053,AKROUSDT,Buy,39100,0.004955,ZeroMinusTick,dca31b1d-2fa5-547a-ae3b-26506de59676,1.937405e+10,39100,193.7405
1658189053,AKROUSDT,Sell,25000,0.004954,MinusTick,ce684848-bc91-57bf-b5db-cb1d1c82d96e,1.2385e+10,25000,123.85000000000001
1658189057,AKROUSDT,Buy,25000,0.004956,PlusTick,e33674a7-90c5-5222-87b3-af6116abf3ea,1.239e+10,25000,123.9
1658189057,AKROUSDT,Buy,65700,0.004956,ZeroMinusTick,c8265b2d-6bd6-54d4-ac0d-dfc6b4c98562,3.2560920000000004e+10,65700,325.60920000000004
1658189057,AKROUSDT,Sell,25000,0.004952,MinusTick,be2a7cad-f841-5fa1-ac7d-93bc22d1d7f0,1.238e+10,25000,123.8
1658189066,AKROUSDT,Buy,4200,0.004955,PlusTick,d95829e0-373c-564f-b9aa-127aa5dfcb3a,2.0811e+09,4200,20.811
1658189079,AKROUSDT,Sell,100,0.004954,MinusTick,f08e5477-2ea4-54b3-8041-b2250b2000c5,4.954e+07,100,0.4954
1658189081,AKROUSDT,Sell,358100,0.004954,ZeroMinusTick,632139b4-32f3-53df-9532-3c4a68db640d,1.7740274e+11,358100,1774.0274
1658189084,AKROUSDT,Sell,25000,0.004953,MinusTick,bba50359-f2c5-5bc2-a263-4328c4d76e8b,1.23825e+10,25000,123.825
1658189087,AKROUSDT,Buy,92100,0.004956,PlusTick,60f531c3-b165-5c9c-a559-c3becbd79b37,4.564476e+10,92100,456.4476
1658189093,AKROUSDT,Sell,10000,0.004958,PlusTick,b0553351-86bf-56c7-9377-38ff2ee83398,4.958e+09,10000,49.58
1658189096,AKROUSDT,Sell,15000,0.004958,ZeroMinusTick,65b38227-92b4-500b-8786-6e20c8a9680f,7.436999999999999e+09,15000,74.36999999999999
1658189096,AKROUSDT,Sell,54000,0.004958,ZeroMinusTick,34147f78-ee86-5ecd-9312-2333f4ef13f7,2.6773199999999996e+10,54000,267.73199999999997
1658189096,AKROUSDT,Sell,62400,0.004958,ZeroMinusTick,70ca9706-8368-550f-97c9-426808f9a088,3.0937919999999996e+10,62400,309.37919999999997
1658189098,AKROUSDT,Sell,25000,0.004959,PlusTick,13b77f56-e581-573b-b257-f74bddf9b2e2,1.23975e+10,25000,123.975
1658189098,AKROUSDT,Sell,23800,0.004959,ZeroMinusTick,f48e8e9d-ac46-5c5d-814c-8ef1df1a3b02,1.180242e+10,23800,118.0242
1658189098,AKROUSDT,Sell,20600,0.004959,ZeroMinusTick,3aa0245a-b08f-56d6-9f78-947e12863709,1.021554e+10,20600,102.1554
1658189099,AKROUSDT,Sell,25000,0.004959,ZeroMinusTick,6ac63f4b-3348-5c04-9577-434c8afc8d01,1.23975e+10,25000,123.975
1658189099,AKROUSDT,Sell,5500,0.004958,MinusTick,859a1c13-06cd-5d42-bde3-b727e9cc2c56,2.7269e+09,5500,27.269
1658189104,AKROUSDT,Buy,25000,0.004962,PlusTick,df8314de-4bc9-525f-854c-24ef667ea2a5,1.2405000000000002e+10,25000,124.05000000000001
1658189106,AKROUSDT,Buy,260000,0.004957,MinusTick,318821fd-3b1d-5ebb-bfcc-128b75312196,1.28882e+11,260000,1288.82
1658189107,AKROUSDT,Sell,13900,0.004956,MinusTick,7ce55ed1-48b1-5a99-a973-ee625aa59a48,6.88884e+09,13900,68.8884
1658189109,AKROUSDT,Sell,100,0.004956,ZeroMinusTick,64e296f8-b0e3-5f2f-a64d-902d0e897e90,4.956000000000001e+07,100,0.49560000000000004
1658189111,AKROUSDT,Sell,25000,0.004960,PlusTick,f13af9e9-ee20-56fd-a0e1-9dc89c5fe02a,1.24e+10,25000,124
1658189111,AKROUSDT,Sell,30800,0.004960,ZeroMinusTick,3908529e-0a8b-5f6f-8078-4a61501b88eb,1.52768e+10,30800,152.768
1658189111,AKROUSDT,Sell,30300,0.004959,MinusTick,9643fc89-622e-5b7e-a30b-6eb5566e82ee,1.502577e+10,30300,150.2577
1658189111,AKROUSDT,Buy,50000,0.004965,PlusTick,c926f011-f1c6-5d7f-8889-1f0d6127a2a2,2.4825e+10,50000,248.25
1658189111,AKROUSDT,Buy,3900,0.004966,PlusTick,62307933-13a5-5e7e-a92b-2a06b1eaf60b,1.93674e+09,3900,19.3674
1658189112,AKROUSDT,Sell,25000,0.004960,MinusTick,18d723f0-2454-52d7-95ae-08ebfac84766,1.24e+10,25000,124
1658189112,AKROUSDT,Sell,28900,0.004960,ZeroMinusTick,5acb2c20-655e-58c4-a262-ec676c43c841,1.43344e+10,28900,143.344
1658189113,AKROUSDT,Buy,25000,0.004965,PlusTick,f2594ecd-1240-530c-8f0a-58f804219d49,1.24125e+10,25000,124.125
1658189113,AKROUSDT,Buy,29200,0.004966,PlusTick,59b90823-cf99-5551-8b41-bd70276dc3fc,1.4500720000000002e+10,29200,145.0072
1658189116,AKROUSDT,Buy,25000,0.004963,MinusTick,0507c1f6-dbd8-5769-b34c-80c7e5d90c66,1.24075e+10,25000,124.075
1658189117,AKROUSDT,Buy,25000,0.004965,PlusTick,88f02286-b3c9-59a8-bf71-aa41b7c36993,1.24125e+10,25000,124.125
1658189117,AKROUSDT,Buy,18000,0.004966,PlusTick,0b1926ff-4b35-56d9-89f0-0e33cb7e013b,8.9388e+09,18000,89.388
1658189117,AKROUSDT,Buy,274700,0.004968,PlusTick,376dd7cc-a380-5332-bf2b-08371c3ed1f3,1.3647096000000002e+11,274700,1364.7096000000001
1658189118,AKROUSDT,Buy,242900,0.004972,PlusTick,a8803bb8-783a-56cc-8440-71ba40ccbfbc,1.2076987999999998e+11,242900,1207.6988
1658189122,AKROUSDT,Sell,100,0.004972,ZeroMinusTick,679c9a16-51f0-5dfc-ac43-d06036b1f2d3,4.972e+07,100,0.4972
1658189123,AKROUSDT,Sell,25000,0.004976,PlusTick,3ac11273-de8c-5fa2-a00f-0424b1dca1db,1.244e+10,25000,124.4
1658189129,AKROUSDT,Sell,25000,0.004969,MinusTick,0acf8b25-e648-59cc-af33-4386841d0ada,1.24225e+10,25000,124.22500000000001
1658189129,AKROUSDT,Sell,400,0.004969,ZeroMinusTick,4f74ccbb-8b8e-5b1f-884b-ea83a8067bcd,1.9876e+08,400,1.9876
1658189129,AKROUSDT,Sell,23600,0.004969,ZeroMinusTick,10a069b1-6584-5e71-be8c-3cdd10928820,1.1726840000000002e+10,23600,117.26840000000001
1658189137,AKROUSDT,Buy,500,0.004979,PlusTick,74721104-496c-5274-b384-f5b715cf7f90,2.4895e+08,500,2.4895
1658189138,AKROUSDT,Buy,50000,0.004980,PlusTick,3412548f-85c5-5fd6-a000-5051ee7d8056,2.49e+10,50000,249
1658189138,AKROUSDT,Sell,19000,0.004979,MinusTick,666cec36-e11c-5f71-91e3-93985c5c8f9f,9.4601e+09,19000,94.601
1658189138,AKROUSDT,Sell,43100,0.004979,ZeroMinusTick,8b39f078-ac26-5798-ae2a-91c095a56ad7,2.145949e+10,43100,214.5949
1658189139,AKROUSDT,Sell,100,0.004979,ZeroMinusTick,33bbeec8-ef89-5a97-9ec3-4c5b605f272c,4.979e+07,100,0.4979
1658189141,AKROUSDT,Sell,335900,0.004979,ZeroMinusTick,59a0883f-fe57-515b-a020-6bf44c5f81c6,1.6724461e+11,335900,1672.4461
1658189141,AKROUSDT,Sell,126300,0.004979,ZeroMinusTick,374942dd-9dbf-5f27-92f3-17f6c79f921d,6.288477e+10,126300,628.8477
1658189141,AKROUSDT,Sell,328100,0.004979,ZeroMinusTick,b28c0a34-af5a-57e2-bbea-bf4d8c13c6b9,1.6336099e+11,328100,1633.6099
1658189141,AKROUSDT,Sell,9400,0.004979,ZeroMinusTick,c796f539-0e0f-57d7-be7e-e8a1df7c466a,4.68026e+09,9400,46.8026
1658189179,AKROUSDT,Sell,400,0.004966,MinusTick,2eb135e2-9357-534d-9534-a1bbae982d34,1.9864e+08,400,1.9864
1658189179,AKROUSDT,Buy,1400,0.004966,ZeroMinusTick,ca18bdf6-0846-5185-ad70-69daee9fba9b,6.9524e+08,1400,6.9524
1658189194,AKROUSDT,Buy,400,0.004964,MinusTick,2d885df0-7000-534e-8930-a86d9f3d0210,1.9855999999999997e+08,400,1.9855999999999998
1658189206,AKROUSDT,Buy,100,0.004973,PlusTick,96f96772-7aff-5f44-9273-e808dfa73268,4.973e+07,100,0.4973
1658189206,AKROUSDT,Buy,24900,0.004973,ZeroMinusTick,6b986962-2d03-543b-b647-bd6351349748,1.238277e+10,24900,123.8277
1658189206,AKROUSDT,Buy,204300,0.004973,ZeroMinusTick,c938295e-cec2-56a0-acb0-730637d572c5,1.0159839e+11,204300,1015.9839
1658189206,AKROUSDT,Buy,206700,0.004974,PlusTick,636ffedb-948f-5114-b4e0-179df8eca211,1.0281258e+11,206700,1028.1258
1658189206,AKROUSDT,Buy,186400,0.004975,PlusTick,ddd6a9ec-f1b3-519a-9323-a8ec5eea18d7,9.2734e+10,186400,927.34
1658189206,AKROUSDT,Buy,69300,0.004976,PlusTick,725a81bb-cb72-55f1-b511-83e40b1e3492,3.448368000000001e+10,69300,344.83680000000004
1658189206,AKROUSDT,Buy,135800,0.004976,ZeroMinusTick,31a53973-06fc-5c58-adf4-e581b33fec39,6.757408e+10,135800,675.7408
1658189206,AKROUSDT,Buy,30700,0.004977,PlusTick,d5e24070-0c52-52d5-a047-64c7dffb2a7d,1.5279389999999998e+10,30700,152.79389999999998
1658189206,AKROUSDT,Buy,190900,0.004977,ZeroMinusTick,00ac1e15-b44e-5e27-969b-673ad35acfb1,9.501093e+10,190900,950.1093
1658189206,AKROUSDT,Buy,100000,0.004979,PlusTick,f68c7113-4225-54f0-a7eb-4a766c3f717d,4.979e+10,100000,497.9
1658189206,AKROUSDT,Buy,45300,0.004981,PlusTick,574ed278-f736-5b00-b8d2-fa0a4ec9a7ff,2.2563930000000004e+10,45300,225.63930000000002
1658189206,AKROUSDT,Buy,37000,0.004982,PlusTick,eb61259b-cfca-594a-88d8-6d2a3229f74a,1.84334e+10,37000,184.334
1658189206,AKROUSDT,Buy,75200,0.004982,ZeroMinusTick,83ca0aa9-2216-5b99-af3e-12d0c20ab74c,3.746464e+10,75200,374.6464
1658189206,AKROUSDT,Buy,126300,0.004982,ZeroMinusTick,ed1a3ba6-def6-58e6-96af-d0b12cdc02ba,6.292266000000001e+10,126300,629.2266000000001
1658189206,AKROUSDT,Buy,30800,0.004983,PlusTick,145d6dc5-f804-54e0-8598-fea3c3db3b2b,1.5347639999999998e+10,30800,153.47639999999998
1658189206,AKROUSDT,Buy,24600,0.004983,ZeroMinusTick,96adf979-69cd-5b6e-ba4b-025dea79bb49,1.2258179999999998e+10,24600,122.58179999999999
1658189206,AKROUSDT,Buy,13700,0.004984,PlusTick,3998f449-f470-5338-9cd2-8d7fcdf0a4dd,6.82808e+09,13700,68.2808
1658189206,AKROUSDT,Buy,127800,0.004984,ZeroMinusTick,0d840f9b-e273-53bc-ae8b-13d591621813,6.369552e+10,127800,636.9552
1658189206,AKROUSDT,Buy,22000,0.004985,PlusTick,41965ccc-4133-5760-9552-6899b13e0988,1.0967e+10,22000,109.67
1658189206,AKROUSDT,Buy,219300,0.004985,ZeroMinusTick,47f548ed-3f13-5f2e-a975-e692647f1a3c,1.0932104999999998e+11,219300,1093.2105
1658189206,AKROUSDT,Buy,103100,0.004985,ZeroMinusTick,54df4aa2-de76-5bf8-a4a0-18ccf2dcf3a0,5.139535e+10,103100,513.9535
1658189206,AKROUSDT,Buy,16500,0.004986,PlusTick,b9f903f8-7b6f-5fbf-b299-2bcc1c39d3a2,8.226900000000001e+09,16500,82.269
1658189206,AKROUSDT,Buy,48400,0.004986,ZeroMinusTick,1cebb774-03a5-5cbf-bb2b-0ef80ba6fd13,2.413224e+10,48400,241.3224
1658189206,AKROUSDT,Buy,290900,0.004986,ZeroMinusTick,de6cfe8e-e01c-5285-9ff4-71b176059b0d,1.4504274e+11,290900,1450.4274
1658189206,AKROUSDT,Buy,150000,0.004987,PlusTick,e706b209-f65d-5e88-ad15-c46b4005b25e,7.4805e+10,150000,748.0500000000001
1658189206,AKROUSDT,Buy,12600,0.004987,ZeroMinusTick,33b8e830-2640-5050-a391-aab392aac332,6.28362e+09,12600,62.8362
1658189206,AKROUSDT,Buy,18200,0.004987,ZeroMinusTick,f6569c56-eed5-5215-b5ae-4d3a83c66ac5,9.07634e+09,18200,90.7634
1658189206,AKROUSDT,Buy,127700,0.004990,PlusTick,962e4df2-4f6d-54f0-a8aa-8c24fc07fef3,6.372229999999999e+10,127700,637.223
1658189206,AKROUSDT,Sell,400,0.004996,PlusTick,abf96365-82d7-51a5-9592-320e9346e43e,1.9983999999999997e+08,400,1.9983999999999997
1658189206,AKROUSDT,Buy,25000,0.005005,PlusTick,5067b4b7-04d0-5a63-a4f3-17bb920c0c8e,1.25125e+10,25000,125.125
1658189206,AKROUSDT,Buy,58100,0.005006,PlusTick,3f1fae30-a133-5478-b6b4-7044fd028d09,2.9084859999999996e+10,58100,290.8486
1658189207,AKROUSDT,Buy,400,0.005003,MinusTick,50561a7f-b4fe-5f65-a50d-fd1e2befccaa,2.0012e+08,400,2.0012
1658189207,AKROUSDT,Buy,25000,0.005004,PlusTick,f6ccc29e-898f-595d-9ff2-2460cd58b383,1.251e+10,25000,125.1
1658189208,AKROUSDT,Buy,25000,0.005002,MinusTick,411fd4cc-c1ad-5861-8593-6343244d84e0,1.2505000000000002e+10,25000,125.05000000000001
1658189209,AKROUSDT,Buy,300,0.005001,MinusTick,6b58d26b-98c5-58ff-a370-ddde66e02efa,1.5003e+08,300,1.5003
1658189210,AKROUSDT,Buy,24700,0.005001,ZeroMinusTick,5c2f8d2e-357e-519b-9bec-ad0d70ceae80,1.2352470000000002e+10,24700,123.52470000000001
1658189210,AKROUSDT,Buy,10300,0.005007,PlusTick,78b5a693-5854-56d4-a8c1-ff302e630046,5.15721e+09,10300,51.5721
1658189222,AKROUSDT,Sell,25000,0.005003,MinusTick,0dc001de-9399-577f-beaa-66b34f24d394,1.2507499999999998e+10,25000,125.07499999999999
1658189225,AKROUSDT,Sell,100,0.005004,PlusTick,e0880a11-6313-5fde-8d46-269154bd8cba,5.003999999999999e+07,100,0.5004
1658189229,AKROUSDT,Sell,100,0.005004,ZeroMinusTick,3aa1e2a8-c70f-5b6f-86ec-ae6f3ffbea7d,5.003999999999999e+07,100,0.5004
1658189229,AKROUSDT,Sell,160700,0.005004,ZeroMinusTick,9c9fac4b-a2d6-5057-9a70-845061da0681,8.041428e+10,160700,804.1428
1658189229,AKROUSDT,Sell,16900,0.005004,ZeroMinusTick,e0119b9c-6362-52cd-b38c-8630bb47ad37,8.45676e+09,16900,84.5676
1658189229,AKROUSDT,Sell,76800,0.005003,MinusTick,7645ff1a-78c1-5ec0-8185-b08a93e1d689,3.842304e+10,76800,384.2304
1658189230,AKROUSDT,Buy,24100,0.005003,ZeroMinusTick,14a5e5af-ce71-5ef3-add3-682dc3d73a4b,1.2057229999999998e+10,24100,120.57229999999998
1658189234,AKROUSDT,Buy,80400,0.005003,ZeroMinusTick,dad29ffb-10a8-5390-a667-b0cbd5cdda68,4.022412e+10,80400,402.2412
1658189234,AKROUSDT,Buy,25000,0.005005,PlusTick,a1edb360-8ab8-50bd-b62d-1d4af57c455a,1.25125e+10,25000,125.125
1658189247,AKROUSDT,Buy,200000,0.005008,PlusTick,c7324835-144c-5d66-a33b-2b6ca0be044e,1.0016e+11,200000,1001.6
1658189247,AKROUSDT,Buy,191700,0.005009,PlusTick,f9bb9975-a145-53c4-8295-dd290d7c7f78,9.602253e+10,191700,960.2253000000001
1658189259,AKROUSDT,Buy,100,0.005007,MinusTick,5324a0f2-6885-5224-bdac-61b0d345d616,5.007e+07,100,0.5007
1658189259,AKROUSDT,Sell,100,0.005002,MinusTick,a83115e1-f368-578b-b645-92c1fe5480fa,5.002000000000001e+07,100,0.5002000000000001
1658189259,AKROUSDT,Buy,259900,0.005007,PlusTick,80468d58-ea56-58e4-b44d-8a2a2c8f2771,1.3013193000000002e+11,259900,1301.3193
1658189260,AKROUSDT,Sell,100,0.005003,MinusTick,151f7778-9380-58bd-8262-c6d6ef0dd026,5.003e+07,100,0.5003
1658189267,AKROUSDT,Sell,100,0.005001,MinusTick,0918d88e-450c-5b40-9135-d49a3185266e,5.001e+07,100,0.5001
1658189289,AKROUSDT,Sell,100,0.005002,PlusTick,e2ba0bb9-8cc0-50e5-9df8-57c6ada6be51,5.002000000000001e+07,100,0.5002000000000001
1658189310,AKROUSDT,Buy,105900,0.005006,PlusTick,2d2c3d6c-e0cb-55ee-91cd-4e4d6f9f53b6,5.301354e+10,105900,530.1354
1658189310,AKROUSDT,Buy,208000,0.005006,ZeroMinusTick,54f081b5-7586-5082-84b2-1323982a2cb5,1.041248e+11,208000,1041.248
1658189310,AKROUSDT,Sell,100,0.005009,PlusTick,cfbb960d-d515-5c04-a326-a5f832a8a4c4,5.009e+07,100,0.5009
1658189310,AKROUSDT,Sell,78000,0.005009,ZeroMinusTick,9048a1f0-586d-50db-940f-574107f836aa,3.907020000000001e+10,78000,390.70200000000006
1658189310,AKROUSDT,Sell,78000,0.005009,ZeroMinusTick,5b018272-949e-50f0-9763-6d4ac563c827,3.907020000000001e+10,78000,390.70200000000006
1658189310,AKROUSDT,Sell,105000,0.005009,ZeroMinusTick,bc2c8234-14f0-50f9-967e-cb7acecc7da3,5.259450000000001e+10,105000,525.945
1658189310,AKROUSDT,Sell,100,0.005002,MinusTick,cb55a389-3cf5-55d4-8c4b-a94bd0ba5f09,5.002000000000001e+07,100,0.5002000000000001
1658189319,AKROUSDT,Sell,100,0.005002,ZeroMinusTick,00cd8de0-8bb3-56ad-8d73-f545c2407457,5.002000000000001e+07,100,0.5002000000000001
1658189342,AKROUSDT,Buy,7600,0.005010,PlusTick,388f2e70-10fe-5a5d-bcd3-81bf6ded3f03,3.8076e+09,7600,38.076
1658189343,AKROUSDT,Buy,89400,0.005010,ZeroMinusTick,7d26cae8-5839-57e8-95d3-18152b69de12,4.478939999999999e+10,89400,447.89399999999995
1658189349,AKROUSDT,Sell,100,0.005003,MinusTick,82a5d6ae-e140-5bb0-b0cf-165abfca2f66,5.003e+07,100,0.5003
1658189355,AKROUSDT,Sell,24900,0.005003,ZeroMinusTick,1c75cb72-713d-5326-adcf-4b09c173cbee,1.245747e+10,24900,124.57469999999999
1658189355,AKROUSDT,Sell,64500,0.005002,MinusTick,25b29000-3ea4-518b-a9b8-1452a0c446d0,3.2262900000000004e+10,64500,322.629
1658189355,AKROUSDT,Buy,89400,0.005010,PlusTick,30bcd768-f704-56b2-a042-5ef3b752ab02,4.478939999999999e+10,89400,447.89399999999995
1658189360,AKROUSDT,Buy,219200,0.005015,PlusTick,70ae647e-02b6-54cb-9e60-745f1bdf2f62,1.099288e+11,219200,1099.288
1658189360,AKROUSDT,Sell,97600,0.005015,ZeroMinusTick,3be5942e-14aa-5373-bf8e-9f06b7d0e42b,4.894640000000001e+10,97600,489.46400000000006
1658189360,AKROUSDT,Sell,89300,0.005015,ZeroMinusTick,6982b4b6-7d19-59d2-ab43-ec1e5a9bd100,4.478395000000001e+10,89300,447.83950000000004
1658189360,AKROUSDT,Sell,97600,0.005015,ZeroMinusTick,8b29ae05-8c87-52dc-8067-18d5a7cf7ccd,4.894640000000001e+10,97600,489.46400000000006
1658189360,AKROUSDT,Sell,101200,0.005015,ZeroMinusTick,13cd9809-f1c1-5dcd-9753-7b3f92e74003,5.07518e+10,101200,507.51800000000003
1658189360,AKROUSDT,Sell,89300,0.005015,ZeroMinusTick,18d26684-acf5-54b8-bfb9-aa5bf287d624,4.478395000000001e+10,89300,447.83950000000004
1658189360,AKROUSDT,Sell,94700,0.005015,ZeroMinusTick,814f2a2e-9e74-5c19-a85a-f85603ee7d2a,4.749205000000001e+10,94700,474.92050000000006
1658189360,AKROUSDT,Sell,317900,0.005015,ZeroMinusTick,2c3f2374-8075-5d36-9b93-c3baeec03717,1.5942685e+11,317900,1594.2685000000001
1658189363,AKROUSDT,Sell,800000,0.005015,ZeroMinusTick,4958beb8-98c3-5ad2-b193-72a2886a4352,4.0120000000000006e+11,800000,4012.0000000000005
1658189363,AKROUSDT,Sell,93200,0.005015,ZeroMinusTick,6b8e9d3e-4cad-51da-949a-5adedf02e5c9,4.67398e+10,93200,467.398
1658189384,AKROUSDT,Buy,25000,0.005015,ZeroMinusTick,04303c75-28b9-56b2-9d69-d133e25d3f25,1.2537500000000002e+10,25000,125.37500000000001
1658189384,AKROUSDT,Sell,800000,0.005015,ZeroMinusTick,56fee382-8cdf-538a-8587-ce76e3b0fba3,4.0120000000000006e+11,800000,4012.0000000000005
1658189392,AKROUSDT,Sell,170800,0.005018,PlusTick,73aae8bb-a60f-501e-9d47-ece3281484f2,8.570744e+10,170800,857.0744
1658189396,AKROUSDT,Sell,100,0.005015,MinusTick,df2d37ff-25cf-5366-8cb3-ba39d604ff8c,5.015000000000001e+07,100,0.5015000000000001
1658189401,AKROUSDT,Sell,100,0.005015,ZeroMinusTick,644da63e-fc6e-57f5-811c-cd001c74f700,5.015000000000001e+07,100,0.5015000000000001
1658189409,AKROUSDT,Buy,100,0.005016,PlusTick,70d07f6d-6e43-5985-844c-6f34bf71f5e1,5.015999999999999e+07,100,0.5015999999999999
1658189409,AKROUSDT,Sell,100,0.005015,MinusTick,7efeafdf-8c24-50e5-8410-b85e724228ea,5.015000000000001e+07,100,0.5015000000000001
1658189425,AKROUSDT,Buy,259900,0.005016,PlusTick,2fdbaf4f-3525-50e3-9683-c87d99175ba5,1.3036583999999998e+11,259900,1303.6583999999998
1658189425,AKROUSDT,Buy,25200,0.005018,PlusTick,b2caae6f-5954-502f-a3e6-5ec94920a96b,1.264536e+10,25200,126.4536
1658189425,AKROUSDT,Buy,25000,0.005019,PlusTick,75bbeb25-09e7-5c30-9623-7f88dfac7c9b,1.25475e+10,25000,125.475
1658189425,AKROUSDT,Buy,250000,0.005019,ZeroMinusTick,fb5db06d-cd39-5edb-bfc5-c9fe85e9dbce,1.25475e+11,250000,1254.75
1658189425,AKROUSDT,Buy,45300,0.005020,PlusTick,2d2734b6-bc10-5c31-bc28-29543b500009,2.27406e+10,45300,227.406
1658189425,AKROUSDT,Buy,20200,0.005020,ZeroMinusTick,e418a913-2cde-5235-b435-4746f3381679,1.01404e+10,20200,101.404
1658189425,AKROUSDT,Buy,30800,0.005020,ZeroMinusTick,7604a88a-83a2-534c-96fd-44db406f5b07,1.5461600000000002e+10,30800,154.616
1658189425,AKROUSDT,Buy,37000,0.005022,PlusTick,75344d96-512a-580a-8920-4e1818145a49,1.8581400000000004e+10,37000,185.81400000000002
1658189425,AKROUSDT,Buy,121600,0.005022,ZeroMinusTick,603d89dd-356c-57b9-9cfc-399a06c0d5ed,6.106752e+10,121600,610.6752
1658189425,AKROUSDT,Buy,194400,0.005022,ZeroMinusTick,af83f3a6-cd22-589c-ad33-cda52bcc6754,9.762768000000002e+10,194400,976.2768000000001
1658189425,AKROUSDT,Sell,100,0.005016,MinusTick,bbcc81ed-3621-54f7-9471-47e7e7bd3c1e,5.015999999999999e+07,100,0.5015999999999999
1658189428,AKROUSDT,Buy,99400,0.005018,PlusTick,1227f595-7d37-5da4-9b20-594a1ca47613,4.987892e+10,99400,498.7892
1658189428,AKROUSDT,Buy,99400,0.005018,ZeroMinusTick,09047016-f9d0-5fe9-8f20-abb05250e626,4.987892e+10,99400,498.7892
1658189428,AKROUSDT,Buy,61200,0.005018,ZeroMinusTick,276a3994-8eb6-5cbf-91e2-e8608103dbbd,3.071016e+10,61200,307.1016
1658189439,AKROUSDT,Sell,100,0.005018,ZeroMinusTick,db7e838a-0623-5922-b488-bf5a7d0160d0,5.018e+07,100,0.5018
1658189442,AKROUSDT,Buy,260000,0.005019,PlusTick,1d6efd03-cbd2-5f70-bc68-1f6e65679d4c,1.30494e+11,260000,1304.94
1658189451,AKROUSDT,Buy,260000,0.005020,PlusTick,834d5f4e-71e9-5957-ba60-cdb4042c7b30,1.3052e+11,260000,1305.2
1658189451,AKROUSDT,Buy,113300,0.005020,ZeroMinusTick,6dafdd3d-7017-5846-8958-73a8cea91711,5.68766e+10,113300,568.766
1658189451,AKROUSDT,Buy,225900,0.005022,PlusTick,00f6dee3-fd53-510c-b3b3-20d63722563e,1.1344698000000002e+11,225900,1134.4698
1658189460,AKROUSDT,Sell,373300,0.005020,MinusTick,55c71258-84b1-55a4-a37b-c12b92e3a3a5,1.873966e+11,373300,1873.9660000000001
1658189465,AKROUSDT,Buy,127700,0.005020,ZeroMinusTick,85c90b98-a2c0-5c46-89a5-99a18601b15d,6.41054e+10,127700,641.054
1658189465,AKROUSDT,Buy,132300,0.005020,ZeroMinusTick,48e29303-bc3c-5eda-83cf-bff69489675b,6.641460000000001e+10,132300,664.1460000000001
1658189465,AKROUSDT,Buy,113300,0.005020,ZeroMinusTick,096ed91f-4759-5f80-a0a1-3beb08b028f7,5.68766e+10,113300,568.766
1658189465,AKROUSDT,Buy,225900,0.005022,PlusTick,1614e56c-5e79-5291-b53e-ebc4181e8d96,1.1344698000000002e+11,225900,1134.4698
1658189468,AKROUSDT,Buy,250000,0.005026,PlusTick,88e419da-439b-55c8-a758-adc1e12ddcd5,1.2565e+11,250000,1256.5
1658189468,AKROUSDT,Buy,150000,0.005026,ZeroMinusTick,cbbebddc-ea46-56bc-bcc8-5718ab9207bc,7.539e+10,150000,753.9
1658189468,AKROUSDT,Buy,110000,0.005026,ZeroMinusTick,4775e718-9c66-5335-8c62-7eaff06423ff,5.5286e+10,110000,552.86
1658189469,AKROUSDT,Sell,100,0.005021,MinusTick,5db40a2e-ab17-589c-b0c8-0ff2b1643842,5.021e+07,100,0.5021
1658189470,AKROUSDT,Buy,260000,0.005021,ZeroMinusTick,bb7a9a5f-6ddb-5c55-96b2-ebac89d0f866,1.30546e+11,260000,1305.46
1658189470,AKROUSDT,Buy,156000,0.005023,PlusTick,d208b2ec-6be3-577b-b92a-1a65439bbf1a,7.83588e+10,156000,783.588
1658189470,AKROUSDT,Buy,28000,0.005023,ZeroMinusTick,93d1dca4-a8ba-522a-9b2a-9d30c6a4d74d,1.40644e+10,28000,140.644
1658189472,AKROUSDT,Sell,100,0.005023,ZeroMinusTick,5d16e255-bb75-5b23-a6a3-2b2b6ee8d17c,5.023e+07,100,0.5023
1658189472,AKROUSDT,Sell,100,0.005023,ZeroMinusTick,de995666-4087-506c-96de-846966c26c5e,5.023e+07,100,0.5023
1658189472,AKROUSDT,Sell,24800,0.005023,ZeroMinusTick,76bd53fe-8419-5d44-8499-b16f5d692a3e,1.245704e+10,24800,124.57039999999999
1658189472,AKROUSDT,Sell,100,0.005021,MinusTick,60aa6c72-a391-5360-9425-b0d773d43bec,5.021e+07,100,0.5021
1658189473,AKROUSDT,Sell,100,0.005021,ZeroMinusTick,11d14de3-62e7-5c76-b841-7cfb05d8879e,5.021e+07,100,0.5021
1658189473,AKROUSDT,Sell,100,0.005021,ZeroMinusTick,8416ea31-fad0-51e5-8cf2-3b06148ae50f,5.021e+07,100,0.5021
1658189473,AKROUSDT,Sell,100,0.005021,ZeroMinusTick,826a7ef6-67ee-569e-a57e-dbf0bfb51583,5.021e+07,100,0.5021
1658189473,AKROUSDT,Sell,100,0.005021,ZeroMinusTick,d802336a-42e5-5447-8488-9098cdb6365c,5.021e+07,100,0.5021
1658189473,AKROUSDT,Sell,100,0.005021,ZeroMinusTick,0827f3ff-0de8-5c96-8173-35cda337c519,5.021e+07,100,0.5021
1658189473,AKROUSDT,Sell,100,0.005021,ZeroMinusTick,fa11229a-3232-5bc8-b761-a2b5d6ac6cbf,5.021e+07,100,0.5021
1658189475,AKROUSDT,Sell,259300,0.005021,ZeroMinusTick,73db8bb5-cb40-5ae6-8a69-022730a36470,1.3019453000000002e+11,259300,1301.9453
1658189475,AKROUSDT,Sell,245600,0.005020,MinusTick,b423756d-3873-51c1-a5df-6ea61df7ef1f,1.232912e+11,245600,1232.912
1658189475,AKROUSDT,Sell,260000,0.005019,MinusTick,3f1637d0-8adb-5aef-aa8f-7e4f8bd6312f,1.30494e+11,260000,1304.94
1658189475,AKROUSDT,Sell,140000,0.005019,ZeroMinusTick,fb75b4b0-45ce-5394-bab7-f63dbef25081,7.0266e+10,140000,702.66
1658189475,AKROUSDT,Buy,112400,0.005020,PlusTick,7d84c389-8b77-5792-a2b6-7adc140c3b27,5.642480000000001e+10,112400,564.248
1658189475,AKROUSDT,Buy,130200,0.005020,ZeroMinusTick,81336d52-e52b-50e5-b7c5-cfb7af22e2b5,6.536040000000001e+10,130200,653.604
1658189475,AKROUSDT,Buy,17400,0.005020,ZeroMinusTick,161ca66e-c569-5598-a3e3-05a9d50a7a13,8.7348e+09,17400,87.348
1658189475,AKROUSDT,Buy,112800,0.005020,ZeroMinusTick,f165e849-ce48-5d11-a6d7-d34e8805b7b6,5.66256e+10,112800,566.256
1658189475,AKROUSDT,Buy,29600,0.005020,ZeroMinusTick,dcb39a17-a1fa-5ba8-9921-1cffba2efd27,1.4859200000000002e+10,29600,148.592
1658189479,AKROUSDT,Sell,100,0.005021,PlusTick,dd158b8b-52dd-5899-bcf7-6144a0fa3e2c,5.021e+07,100,0.5021
1658189485,AKROUSDT,Buy,260000,0.005026,PlusTick,2a20999d-9fbf-5609-b243-630ffb5295e8,1.30676e+11,260000,1306.76
1658189485,AKROUSDT,Buy,231800,0.005027,PlusTick,a7889400-4111-59b6-98fe-4bdacb0e8db8,1.1652586000000002e+11,231800,1165.2586000000001
1658189485,AKROUSDT,Buy,18200,0.005027,ZeroMinusTick,845429c6-59ea-5afe-bfdd-1ea5ae640cc8,9.14914e+09,18200,91.4914
1658189485,AKROUSDT,Buy,260000,0.005026,MinusTick,93fdd9e6-4f6e-544f-8bff-4e26fb48994f,1.30676e+11,260000,1306.76
1658189489,AKROUSDT,Sell,104500,0.005026,ZeroMinusTick,b30681d1-2b9f-5bc6-85c3-4ce23044da20,5.25217e+10,104500,525.217
1658189491,AKROUSDT,Sell,100,0.005025,MinusTick,06e6a1a7-1c63-5e80-8cf5-e40e963147db,5.024999999999999e+07,100,0.5025
1658189494,AKROUSDT,Sell,100,0.005025,ZeroMinusTick,e9ecbf0b-bb93-58c6-82cd-0adb76db4d2f,5.024999999999999e+07,100,0.5025
1658189494,AKROUSDT,Buy,90200,0.005026,PlusTick,0b286e35-d2e0-5454-b1a1-92ae988a2a98,4.533452e+10,90200,453.34520000000003
1658189494,AKROUSDT,Buy,169800,0.005026,ZeroMinusTick,ed5badc2-b773-5b54-9790-3b364f6b916f,8.534148e+10,169800,853.4148
1658189495,AKROUSDT,Sell,100,0.005025,MinusTick,a909829a-a2a3-589b-8e67-bcaa661579d1,5.024999999999999e+07,100,0.5025
1658189497,AKROUSDT,Sell,100,0.005022,MinusTick,e8677b07-1b91-5184-8537-f69a6bd1f851,5.022000000000001e+07,100,0.5022000000000001
1658189499,AKROUSDT,Sell,397800,0.005020,MinusTick,248b78bc-6853-5ce7-87c3-1d7a4280f461,1.996956e+11,397800,1996.9560000000001
1658189499,AKROUSDT,Sell,101900,0.005019,MinusTick,4714f0a2-2293-55c6-b59f-4fdc02048988,5.114361e+10,101900,511.4361
1658189499,AKROUSDT,Sell,400,0.005019,ZeroMinusTick,9b66d39d-a940-522c-9972-8e97a10cc98d,2.0076e+08,400,2.0076
1658189499,AKROUSDT,Sell,101900,0.005019,ZeroMinusTick,76108dbc-efe5-529e-8d46-569907464c42,5.114361e+10,101900,511.4361
1658189506,AKROUSDT,Sell,58200,0.005019,ZeroMinusTick,cd55ae4b-6895-5b84-99ab-56b63f72f335,2.921058e+10,58200,292.1058
1658189506,AKROUSDT,Sell,215000,0.005019,ZeroMinusTick,1eb720d2-819f-5a81-ac7b-8ab8f1c629c7,1.079085e+11,215000,1079.085
1658189506,AKROUSDT,Sell,126800,0.005019,ZeroMinusTick,10ffb0db-0ba0-5c1d-a064-5c478674d91d,6.364092000000001e+10,126800,636.4092
1658189506,AKROUSDT,Sell,163600,0.005019,ZeroMinusTick,5f3bab88-a1e1-59cb-a64d-23026f213e38,8.211084e+10,163600,821.1084
1658189506,AKROUSDT,Sell,259900,0.005018,MinusTick,926adcd1-7dfd-545e-8ba0-603e3272f61a,1.3041782e+11,259900,1304.1782
1658189506,AKROUSDT,Sell,183300,0.005017,MinusTick,586bf428-11c5-5157-a972-d6fc1ff959de,9.196161e+10,183300,919.6161
1658189506,AKROUSDT,Sell,16700,0.005017,ZeroMinusTick,4d884854-f343-54fc-bd9b-c741d504f813,8.37839e+09,16700,83.7839
1658189506,AKROUSDT,Sell,111000,0.005017,ZeroMinusTick,3d2464f6-393e-5f55-9df4-399defa53efb,5.568869999999999e+10,111000,556.887
1658189506,AKROUSDT,Sell,119000,0.005017,ZeroMinusTick,5813a92d-e10b-560a-877f-9e4d3622229e,5.97023e+10,119000,597.023
1658189506,AKROUSDT,Sell,223300,0.005016,MinusTick,ecb5f50d-1613-598a-8017-01349733ec65,1.1200727999999998e+11,223300,1120.0728
1658189506,AKROUSDT,Sell,189400,0.005015,MinusTick,f55785ef-ead9-5c35-895a-7b89fd3e668f,9.498410000000002e+10,189400,949.8410000000001
1658189506,AKROUSDT,Sell,223100,0.005017,PlusTick,7afa221f-5cb7-509c-af9b-c67682d9730a,1.1192927e+11,223100,1119.2927
1658189506,AKROUSDT,Sell,855800,0.005015,MinusTick,24b079f0-6d8c-5548-a246-72f95291e687,4.2918370000000006e+11,855800,4291.837
1658189506,AKROUSDT,Sell,129500,0.005015,ZeroMinusTick,9e499e13-7fe5-5233-9b27-dd027369191b,6.494425e+10,129500,649.4425
1658189506,AKROUSDT,Sell,260000,0.005011,MinusTick,a765ee04-9979-54ab-89b9-aa78c4ee05b6,1.3028599999999998e+11,260000,1302.86
1658189510,AKROUSDT,Buy,400,0.005011,ZeroMinusTick,94e9e7d3-d136-5ffa-b109-bf19a22f6694,2.0044e+08,400,2.0044
1658189510,AKROUSDT,Sell,169500,0.005019,PlusTick,691d0421-23c9-55c7-b72d-44a450cf6027,8.507205e+10,169500,850.7205
1658189514,AKROUSDT,Sell,100,0.005014,MinusTick,beec860f-7fdd-5a2b-bdd5-99ad62819569,5.014000000000001e+07,100,0.5014000000000001
1658189515,AKROUSDT,Sell,100,0.005014,ZeroMinusTick,3431dd65-c461-598b-a7d0-0f62bfd34fb0,5.014000000000001e+07,100,0.5014000000000001
1658189529,AKROUSDT,Sell,100,0.005014,ZeroMinusTick,94a9c57a-ef7b-5316-9e46-ca1b8c7a0c97,5.014000000000001e+07,100,0.5014000000000001
1658189529,AKROUSDT,Sell,100,0.005014,ZeroMinusTick,c1c8f48d-ea59-5faf-9473-89c1a2d2e47e,5.014000000000001e+07,100,0.5014000000000001
1658189534,AKROUSDT,Sell,223100,0.005009,MinusTick,9d33003a-bfc3-5171-bfb4-c394bf42cdeb,1.1175079e+11,223100,1117.5079
1658189535,AKROUSDT,Sell,25000,0.005001,MinusTick,c93f6485-375d-5e63-b878-84203ba533d2,1.25025e+10,25000,125.025
1658189536,AKROUSDT,Buy,400,0.005003,PlusTick,573fb88d-1e27-5684-a800-07263b4c564e,2.0012e+08,400,2.0012
1658189536,AKROUSDT,Buy,260000,0.005004,PlusTick,45e6999a-774f-5956-b6da-869195fc0140,1.30104e+11,260000,1301.04
1658189544,AKROUSDT,Buy,213000,0.005005,PlusTick,d1ea8a03-871d-5931-9ef7-dab3df36ba86,1.066065e+11,213000,1066.065
1658189544,AKROUSDT,Buy,260000,0.005007,PlusTick,013829c8-bf22-5c14-8d74-9d830d0364f1,1.30182e+11,260000,1301.82
1658189545,AKROUSDT,Buy,65500,0.005012,PlusTick,4ef92e08-a44a-57c7-9090-0d9cd6561830,3.28286e+10,65500,328.286
1658189545,AKROUSDT,Buy,101200,0.005012,ZeroMinusTick,3647a1e1-5a9c-5b0e-abf1-503f5eaff209,5.072144e+10,101200,507.2144
1658189549,AKROUSDT,Sell,25000,0.005010,MinusTick,bcfaf1a7-c99b-5fae-b3d3-4391b51d1e37,1.2524999999999998e+10,25000,125.24999999999999
1658189550,AKROUSDT,Buy,100,0.005016,PlusTick,ee7098be-21bf-5c9d-9acb-664ac2f006b0,5.015999999999999e+07,100,0.5015999999999999
1658189550,AKROUSDT,Buy,180000,0.005020,PlusTick,86d7d726-8b6c-51ab-88d8-2fd15037373c,9.036e+10,180000,903.6
1658189559,AKROUSDT,Buy,100,0.005023,PlusTick,d67debea-a45c-589b-bcac-d8287c8e7a5b,5.023e+07,100,0.5023
1658189559,AKROUSDT,Sell,100,0.005016,MinusTick,e850cf88-d2de-5a4e-af94-a7b4a9fc3ebb,5.015999999999999e+07,100,0.5015999999999999
1658189563,AKROUSDT,Sell,24900,0.005016,ZeroMinusTick,2db63f27-0f57-54ac-900e-5eca06d30157,1.248984e+10,24900,124.8984
1658189563,AKROUSDT,Sell,29800,0.005016,ZeroMinusTick,8a41a11a-7521-5c83-bcce-53cbda374740,1.494768e+10,29800,149.4768
1658189568,AKROUSDT,Buy,208300,0.005024,PlusTick,dd337971-ac23-5a71-9a16-9a3e7e487cb1,1.0464992e+11,208300,1046.4992
1658189569,AKROUSDT,Buy,260000,0.005026,PlusTick,2f381c8e-ba69-543c-9bb9-a5abd4ab88ef,1.30676e+11,260000,1306.76
1658189569,AKROUSDT,Buy,104500,0.005027,PlusTick,1b4c981c-a6ec-5a1b-8946-d59aa5f9dc76,5.253215e+10,104500,525.3215
1658189591,AKROUSDT,Sell,400,0.005019,MinusTick,e8c3b3a5-17ce-51ed-92b9-2a61ba74381c,2.0076e+08,400,2.0076
1658189591,AKROUSDT,Sell,44700,0.005018,MinusTick,28d11c71-aec6-5b3a-98a6-16c40278756a,2.243046e+10,44700,224.3046
1658189597,AKROUSDT,Sell,25000,0.005015,MinusTick,c95ac4ae-49c1-5b07-9fb7-4f997c948676,1.2537500000000002e+10,25000,125.37500000000001
1658189605,AKROUSDT,Sell,100,0.005009,MinusTick,51f3f1f5-e077-5be1-8f27-819d1512175f,5.009e+07,100,0.5009
1658189605,AKROUSDT,Sell,24900,0.005009,ZeroMinusTick,834fd7fc-4428-5e1e-af0f-f214a44e15ab,1.247241e+10,24900,124.7241
1658189605,AKROUSDT,Sell,204900,0.005007,MinusTick,e726128d-e56b-59be-b60a-c09a64557b46,1.0259343000000002e+11,204900,1025.9343000000001
1658189605,AKROUSDT,Sell,127700,0.005006,MinusTick,c5d9a71c-36a5-5e4d-91f0-53131ef4ce76,6.392662e+10,127700,639.2662
1658189605,AKROUSDT,Sell,6800,0.005005,MinusTick,6c0d6ea1-868e-5a27-adcd-7a2e3a970c5e,3.4034e+09,6800,34.034
1658189605,AKROUSDT,Sell,120900,0.005005,ZeroMinusTick,d53994e3-2a63-5fe6-8965-d8249ad60a27,6.051045e+10,120900,605.1045
1658189605,AKROUSDT,Buy,134500,0.005005,ZeroMinusTick,7f6fe93a-3307-5215-ad6d-cec8341f2f02,6.731725e+10,134500,673.1725
1658189605,AKROUSDT,Buy,400,0.005004,MinusTick,92f53630-fa33-536b-a7ed-b602e2eedea5,2.0015999999999997e+08,400,2.0016
1658189605,AKROUSDT,Buy,6400,0.005006,PlusTick,5e859ee4-79a7-5fb2-9217-5bffcc9166b4,3.2038400000000005e+09,6400,32.0384
1658189606,AKROUSDT,Buy,74700,0.005003,MinusTick,02b956a6-7c39-53b4-98eb-d04cbc5d6586,3.737241e+10,74700,373.72409999999996
1658189606,AKROUSDT,Buy,128900,0.005003,ZeroMinusTick,d3ca6863-f83f-5ca1-bec2-c6ba74f3f5aa,6.448866999999999e+10,128900,644.8866999999999
1658189611,AKROUSDT,Sell,100,0.005003,ZeroMinusTick,5fb1d470-8443-5d0f-b6ee-7b717b0518f3,5.003e+07,100,0.5003
1658189618,AKROUSDT,Buy,25000,0.005014,PlusTick,5f1c0dbe-0205-5cfc-ae55-d0cdee1e4459,1.2535e+10,25000,125.35000000000001
1658189618,AKROUSDT,Buy,194300,0.005016,PlusTick,6e1f8a4d-01bf-589d-ac81-329766cffa89,9.746088e+10,194300,974.6088
1658189618,AKROUSDT,Buy,221600,0.005016,ZeroMinusTick,b2b9a346-3ed5-566a-a4fa-317199ad2bfe,1.1115455999999998e+11,221600,1111.5456
1658189618,AKROUSDT,Buy,206600,0.005016,ZeroMinusTick,12e71965-71b9-5eeb-b030-d9a30084f595,1.0363055999999998e+11,206600,1036.3056
1658189618,AKROUSDT,Buy,165100,0.005017,PlusTick,67650201-f952-5fab-a3cb-ee9f0d4f879f,8.283067e+10,165100,828.3067
1658189619,AKROUSDT,Sell,100,0.005007,MinusTick,ce6009c1-32ee-5a7d-ab78-b506462848f3,5.007e+07,100,0.5007
1658189627,AKROUSDT,Sell,24900,0.005007,ZeroMinusTick,e60fdc4c-884f-518c-8437-bd5ef1377d77,1.246743e+10,24900,124.6743
1658189649,AKROUSDT,Buy,1300,0.005014,PlusTick,2d3f60f0-9cc3-569b-93c7-2b1828e08fa9,6.5182e+08,1300,6.5182
1658189667,AKROUSDT,Buy,16100,0.005015,PlusTick,ef0f75b9-d99e-5a64-b232-49beb5481185,8.07415e+09,16100,80.7415
1658189674,AKROUSDT,Buy,400,0.005014,MinusTick,142e3f3a-f164-5233-bc08-ce4d0b7ac21c,2.0056000000000003e+08,400,2.0056000000000003
1658189674,AKROUSDT,Buy,8900,0.005015,PlusTick,65e0db8e-b7e6-537d-9340-d85295045436,4.463350000000001e+09,8900,44.633500000000005
1658189674,AKROUSDT,Buy,36700,0.005016,PlusTick,9b08a781-9123-5037-86f6-6e34aafb01d9,1.840872e+10,36700,184.0872
1658189679,AKROUSDT,Sell,100,0.005003,MinusTick,b4bbed60-18a3-5efd-844d-ce0b96712194,5.003e+07,100,0.5003
1658189709,AKROUSDT,Sell,100,0.005003,ZeroMinusTick,adf7aba0-ea9c-5198-b3ee-6063a8ff8dd7,5.003e+07,100,0.5003
1658189714,AKROUSDT,Buy,10900,0.005015,PlusTick,9ee2d244-1459-5391-89c7-2aaa2c1ecce8,5.466350000000001e+09,10900,54.663500000000006
1658189720,AKROUSDT,Sell,100,0.005003,MinusTick,30c18c94-67cb-5ed1-a3d6-0bfda2b674c4,5.003e+07,100,0.5003
1658189739,AKROUSDT,Sell,100,0.005006,PlusTick,5849e11c-3e73-5506-ae26-82e719219a6d,5.006000000000001e+07,100,0.5006
1658189752,AKROUSDT,Sell,58700,0.005010,PlusTick,fa7ebf10-a00a-5123-8383-864e3ce99437,2.94087e+10,58700,294.087
1658189752,AKROUSDT,Sell,22600,0.005010,ZeroMinusTick,7839e921-5262-5cc1-9758-67f3fa216f15,1.13226e+10,22600,113.226
1658189812,AKROUSDT,Sell,100,0.005002,MinusTick,cfedb80e-8378-5f8d-904f-81bcdaf46350,5.002000000000001e+07,100,0.5002000000000001
1658189813,AKROUSDT,Sell,66400,0.005002,ZeroMinusTick,8518680c-f4f2-57b9-a432-031c48b98255,3.3213280000000004e+10,66400,332.13280000000003
1658189813,AKROUSDT,Sell,400,0.005002,ZeroMinusTick,50f864d4-e4f7-557d-b6c0-120ea06f9377,2.0008000000000003e+08,400,2.0008000000000004
1658189813,AKROUSDT,Sell,59800,0.005001,MinusTick,f99d8db0-df56-53e7-8b90-820896828e7c,2.990598e+10,59800,299.0598
1658189814,AKROUSDT,Sell,25000,0.004999,MinusTick,2552a308-edf0-5f44-9c5c-9e44708450b9,1.24975e+10,25000,124.975
1658189814,AKROUSDT,Sell,25000,0.004999,ZeroMinusTick,c90b981e-d663-5e2d-b544-35e592df7de3,1.24975e+10,25000,124.975
1658189814,AKROUSDT,Sell,241300,0.004993,MinusTick,71fa638d-7734-5cd9-bc76-eb51e6c1941c,1.2048109e+11,241300,1204.8109
1658189814,AKROUSDT,Sell,215400,0.004990,MinusTick,fc875374-7ff6-51d4-8314-3c45ce73870e,1.074846e+11,215400,1074.846
1658189815,AKROUSDT,Sell,100,0.004984,MinusTick,be55c292-7623-52b7-a001-f345296db5d4,4.983999999999999e+07,100,0.49839999999999995
1658189815,AKROUSDT,Sell,333600,0.004983,MinusTick,d497f6bb-78f0-58e8-97dc-79b69fe68fdc,1.6623287999999997e+11,333600,1662.3287999999998
1658189815,AKROUSDT,Sell,223100,0.004980,MinusTick,381c9869-326b-5a1d-9304-1fdaa591b63c,1.111038e+11,223100,1111.038
1658189815,AKROUSDT,Sell,19700,0.004973,MinusTick,d0524c4f-ab70-5b0b-9376-fee2205909ea,9.79681e+09,19700,97.9681
1658189815,AKROUSDT,Sell,236200,0.004973,ZeroMinusTick,8e41961c-b4d5-5c76-a416-a9c58423c93a,1.1746225999999998e+11,236200,1174.6226
1658189829,AKROUSDT,Buy,19700,0.004984,PlusTick,fb76e187-ed6d-529f-9b74-9af05a231507,9.81848e+09,19700,98.1848
1658189829,AKROUSDT,Buy,25000,0.004984,ZeroMinusTick,19b7db3a-f173-5f4f-bff0-52262eee0e04,1.246e+10,25000,124.6
1658189829,AKROUSDT,Buy,25000,0.004985,PlusTick,fba1c2e8-93c8-59b6-8b12-2f39eba32815,1.24625e+10,25000,124.625
1658189829,AKROUSDT,Buy,400,0.004986,PlusTick,6085e971-18e3-51be-a527-7a5b6453e8b7,1.9944e+08,400,1.9944
1658189829,AKROUSDT,Sell,100,0.004983,MinusTick,99d46413-203b-5c7d-acc9-b545e093c410,4.983e+07,100,0.49829999999999997
1658189839,AKROUSDT,Buy,700,0.004994,PlusTick,36b2a1c9-954f-50eb-b9a5-b81af3c76e50,3.4958e+08,700,3.4958
1658189839,AKROUSDT,Sell,25000,0.004987,MinusTick,e3f80a2f-3b9a-5e0d-bbfe-0018f03192c4,1.24675e+10,25000,124.675
1658189839,AKROUSDT,Sell,25000,0.004988,PlusTick,a74e5ede-9021-5b47-82c5-7bfb5e9f2f0c,1.247e+10,25000,124.7
1658189844,AKROUSDT,Buy,25000,0.004990,PlusTick,497f491d-19a1-51ff-a290-2e5097d78bb6,1.2474999999999998e+10,25000,124.74999999999999
1658189865,AKROUSDT,Buy,25000,0.004994,PlusTick,48b25331-c988-5771-87ed-2462822fe19d,1.2485e+10,25000,124.85000000000001
1658189865,AKROUSDT,Buy,39100,0.004995,PlusTick,83169106-9584-56c2-87ed-f2bebe0df81b,1.953045e+10,39100,195.30450000000002
1658189879,AKROUSDT,Buy,25000,0.004994,MinusTick,6eb70707-6db8-5538-96d5-c529e1f97061,1.2485e+10,25000,124.85000000000001
1658189885,AKROUSDT,Sell,25000,0.004991,MinusTick,dd7332bb-39a9-5003-9d38-0ce0c6291617,1.24775e+10,25000,124.77499999999999
1658189885,AKROUSDT,Sell,11500,0.004991,ZeroMinusTick,75750388-0ef5-5fea-83e2-1d01b4e7e14b,5.73965e+09,11500,57.396499999999996
1658189885,AKROUSDT,Sell,18400,0.004990,MinusTick,9df8f208-b2a0-5f2f-baea-fcd62c28cf0f,9.181599999999998e+09,18400,91.81599999999999
1658189885,AKROUSDT,Sell,25000,0.004989,MinusTick,d50a8dad-8017-548d-8c46-3589b0050653,1.24725e+10,25000,124.72500000000001
1658189885,AKROUSDT,Sell,25000,0.004990,PlusTick,91df5bdd-8b23-5345-9bda-397e11d44226,1.2474999999999998e+10,25000,124.74999999999999
1658189886,AKROUSDT,Sell,25000,0.004989,MinusTick,5ff74cdb-4672-5419-92b7-e72ea9cdface,1.24725e+10,25000,124.72500000000001
1658189886,AKROUSDT,Sell,75000,0.004989,ZeroMinusTick,6b32d342-9f14-5cb3-b2b8-20d30bf35365,3.74175e+10,75000,374.175
1658189886,AKROUSDT,Sell,31800,0.004989,ZeroMinusTick,84fbba8c-6ea4-558b-a796-ee22daceaf23,1.5865020000000002e+10,31800,158.6502
1658189886,AKROUSDT,Sell,25000,0.004989,ZeroMinusTick,c178d4be-3d64-5b15-a97b-bdc5f54de76b,1.24725e+10,25000,124.72500000000001
1658189887,AKROUSDT,Buy,5800,0.004989,ZeroMinusTick,194244f5-c106-5261-9c77-4e91ef7835b2,2.8936200000000005e+09,5800,28.936200000000003
1658189888,AKROUSDT,Buy,19200,0.004989,ZeroMinusTick,dbacb845-e909-5c8b-bf20-afd71299a03e,9.57888e+09,19200,95.78880000000001
1658189888,AKROUSDT,Buy,25000,0.004990,PlusTick,f3b81782-3cb8-521a-a649-41ee58307dbb,1.2474999999999998e+10,25000,124.74999999999999
1658189898,AKROUSDT,Sell,25000,0.004991,PlusTick,6150dced-02e0-5a92-b7eb-21fcd490467d,1.24775e+10,25000,124.77499999999999
1658189899,AKROUSDT,Sell,25000,0.004989,MinusTick,909d7f64-035e-5648-b128-698c8fd17dca,1.24725e+10,25000,124.72500000000001
1658189899,AKROUSDT,Sell,427900,0.004988,MinusTick,944a9f69-d1c4-573a-a2f0-9efe3cf24d23,2.1343652000000003e+11,427900,2134.3652
1658189899,AKROUSDT,Sell,196600,0.004983,MinusTick,298e4bed-06f8-55fa-80ea-87716cf1c1ba,9.796578e+10,196600,979.6578
1658189899,AKROUSDT,Sell,300000,0.004982,MinusTick,6b7b6804-383e-5743-abfb-f5dd08ecbf4a,1.4946e+11,300000,1494.6000000000001
1658189899,AKROUSDT,Sell,210700,0.004982,ZeroMinusTick,29b56fa1-988a-5ca2-92ff-b7b7ae3c708f,1.0497074e+11,210700,1049.7074
1658189899,AKROUSDT,Sell,139800,0.004982,ZeroMinusTick,0ed70b4e-237c-58cb-9092-e2efbc15034a,6.964836e+10,139800,696.4836
1658189903,AKROUSDT,Sell,25000,0.004988,PlusTick,3a28bdbb-7907-58cf-b773-489e4051ec75,1.247e+10,25000,124.7
1658189903,AKROUSDT,Sell,10400,0.004988,ZeroMinusTick,90b40026-e1f3-5133-8853-bd190412a2a1,5.18752e+09,10400,51.8752
1658189909,AKROUSDT,Sell,700,0.004984,MinusTick,8ab2831a-2588-57c8-a058-4b94333970f2,3.4888e+08,700,3.4888
1658189909,AKROUSDT,Sell,24300,0.004984,ZeroMinusTick,1d831d98-84ba-59b3-98e6-1025ff0f4558,1.211112e+10,24300,121.1112
1658189913,AKROUSDT,Sell,25000,0.004984,ZeroMinusTick,6952146d-617f-5491-a9f8-11ecad4dbbdf,1.246e+10,25000,124.6
1658189923,AKROUSDT,Buy,25000,0.004990,PlusTick,66cabfac-85de-5011-af8c-6500d61757ad,1.2474999999999998e+10,25000,124.74999999999999
1658189928,AKROUSDT,Sell,400,0.004985,MinusTick,b8beb073-ea69-5313-8300-46f0c7007040,1.994e+08,400,1.994
1658189938,AKROUSDT,Buy,400,0.004989,PlusTick,c50813b8-c56c-5549-9801-592bc2ae3ec3,1.9956e+08,400,1.9956
1658189938,AKROUSDT,Buy,25000,0.004990,PlusTick,d047bcb4-c10c-57c6-8489-b390d0e94891,1.2474999999999998e+10,25000,124.74999999999999
1658189949,AKROUSDT,Sell,100,0.004986,MinusTick,4dac93b2-acbe-510e-b3b2-a80bb4d5ef72,4.986e+07,100,0.4986
1658189950,AKROUSDT,Sell,17400,0.004986,ZeroMinusTick,d4c0ccf1-367c-501b-8e30-781a99659637,8.67564e+09,17400,86.7564
1658189950,AKROUSDT,Sell,28600,0.004986,ZeroMinusTick,309643bc-5a4f-5e26-90aa-6d374c54a810,1.425996e+10,28600,142.5996
1658189952,AKROUSDT,Buy,20400,0.004986,ZeroMinusTick,28ec00d2-9411-5a3c-bf51-b329adff308e,1.017144e+10,20400,101.7144
1658189952,AKROUSDT,Buy,358100,0.004986,ZeroMinusTick,ec219030-3f3a-50a1-ab58-0e9d20ad57d4,1.7854866e+11,358100,1785.4866
1658189953,AKROUSDT,Buy,295400,0.004987,PlusTick,a1565e5b-d29f-5d92-a972-7a8c15b2043c,1.4731598e+11,295400,1473.1598000000001
1658189957,AKROUSDT,Buy,5000,0.004989,PlusTick,ec0a9565-ae17-58bd-869c-dc54f653bfa8,2.4945e+09,5000,24.945
1658189965,AKROUSDT,Sell,71100,0.004985,MinusTick,ad482ef4-9136-5e51-b6e6-ae7462af7605,3.544335e+10,71100,354.4335
1658189975,AKROUSDT,Sell,400,0.004980,MinusTick,07143e09-1050-5239-a498-9b02a14a137d,1.992e+08,400,1.992
1658189982,AKROUSDT,Sell,25700,0.004982,PlusTick,ce7201a5-6a11-53a6-96c3-a3c7e0784caf,1.2803740000000002e+10,25700,128.03740000000002
1658189982,AKROUSDT,Buy,25700,0.004982,ZeroMinusTick,d211cce3-6691-59c9-82e6-b7a727fdb440,1.2803740000000002e+10,25700,128.03740000000002
1658189982,AKROUSDT,Buy,49200,0.004983,PlusTick,49d7c913-8f39-5de1-8b9b-59952ddb4c06,2.4516359999999996e+10,49200,245.16359999999997
1658189986,AKROUSDT,Buy,321200,0.004978,MinusTick,c6961425-5bbd-5777-8ad1-c3f930c60434,1.5989335999999997e+11,321200,1598.9335999999998
1658189986,AKROUSDT,Buy,5800,0.004979,PlusTick,d63774cd-e223-5182-b5dc-b4fcb0bcec65,2.88782e+09,5800,28.8782
1658189987,AKROUSDT,Buy,700,0.004978,MinusTick,dda75d96-dded-5b04-a927-0026517ffb1e,3.4846e+08,700,3.4846
1658189987,AKROUSDT,Sell,25000,0.004977,MinusTick,f927d862-442b-58ae-9254-0a4bae2fad18,1.24425e+10,25000,124.425
1658189998,AKROUSDT,Sell,400,0.004980,PlusTick,a5296f98-da36-5e37-b706-55e455633ac7,1.992e+08,400,1.992
1658189998,AKROUSDT,Sell,25000,0.004979,MinusTick,260674a1-ac45-5822-a6e7-4399d0fa5513,1.24475e+10,25000,124.475
1658189998,AKROUSDT,Sell,144100,0.004978,MinusTick,6a81d7e4-645d-54b2-a91d-84fe4d5d13f4,7.173298e+10,144100,717.3298
1658190031,AKROUSDT,Buy,400,0.004973,MinusTick,819e7c72-7951-5f51-bc9d-2e74e95e10a2,1.9892e+08,400,1.9892
1658190031,AKROUSDT,Buy,25000,0.004974,PlusTick,ac9adc0c-2bbc-5149-bc0f-d912f43f1b77,1.2435e+10,25000,124.35000000000001
1658190067,AKROUSDT,Buy,25000,0.004979,PlusTick,c9139849-b4e7-5ea0-b8d8-4abd865319dc,1.24475e+10,25000,124.475
1658190074,AKROUSDT,Buy,25000,0.004981,PlusTick,296f17cf-741b-547d-8ecc-551766ff4c0c,1.24525e+10,25000,124.525
1658190074,AKROUSDT,Buy,212200,0.004982,PlusTick,6b1ecc2e-5406-5ef5-9584-3c9f5eab4cd7,1.0571804e+11,212200,1057.1804
1658190074,AKROUSDT,Buy,334100,0.004985,PlusTick,ff7a3859-b5b3-5aae-9bce-41dd2c0d9a55,1.6654885e+11,334100,1665.4885
1658190077,AKROUSDT,Sell,100000,0.004992,PlusTick,ab089cf1-3912-5a13-a486-ec1054f6c6c5,4.992e+10,100000,499.2
1658190077,AKROUSDT,Sell,25000,0.004990,MinusTick,c7e2436c-176b-5ee2-9d95-f84e91ddae0e,1.2474999999999998e+10,25000,124.74999999999999
1658190083,AKROUSDT,Sell,25000,0.004987,MinusTick,d0c50dc4-05c8-51d7-8478-7674a0de5a73,1.24675e+10,25000,124.675
1658190083,AKROUSDT,Sell,25000,0.004985,MinusTick,26f6a62e-d7ba-5c19-8ff9-b97532ef75cc,1.24625e+10,25000,124.625
1658190127,AKROUSDT,Buy,25000,0.004984,MinusTick,516673d9-6931-5aa7-a33c-ec06b24078a5,1.246e+10,25000,124.6
1658190149,AKROUSDT,Sell,100,0.004981,MinusTick,c0ee6401-6520-5ae2-a019-1b99978f0a0e,4.981000000000001e+07,100,0.49810000000000004
1658190192,AKROUSDT,Buy,25000,0.004987,PlusTick,42b4abf1-2a07-5bd1-815b-e07b52348a4b,1.24675e+10,25000,124.675
1658190192,AKROUSDT,Buy,25000,0.004987,ZeroMinusTick,99fda579-16cd-535d-a128-8bb6995dcdd0,1.24675e+10,25000,124.675
1658190219,AKROUSDT,Sell,100,0.004982,MinusTick,cca2e5c8-a436-508f-8f83-73172fcd4cd6,4.982e+07,100,0.49820000000000003
1658190228,AKROUSDT,Sell,100,0.004982,ZeroMinusTick,21b13b8a-b7a2-5e32-8b0f-6aa38f5b1a8b,4.982e+07,100,0.49820000000000003
1658190287,AKROUSDT,Buy,25000,0.004981,MinusTick,cbd363a8-b522-5d6f-a3c2-76f5b582c92e,1.24525e+10,25000,124.525
1658190287,AKROUSDT,Buy,352300,0.004981,ZeroMinusTick,6708ce79-172b-50d2-a859-d867c31fa27a,1.7548063e+11,352300,1754.8063
1658190287,AKROUSDT,Buy,22700,0.004981,ZeroMinusTick,682c2c01-65e3-533b-92dd-d789283bda8c,1.130687e+10,22700,113.0687
1658190294,AKROUSDT,Buy,25000,0.004984,PlusTick,1fbbe15f-75f8-5af1-8e25-dd7f578079be,1.246e+10,25000,124.6
1658190339,AKROUSDT,Buy,100,0.004988,PlusTick,52e9b5a8-7776-55e3-a962-ac53c3de7e35,4.988e+07,100,0.4988
1658190339,AKROUSDT,Sell,100,0.004984,MinusTick,9fcacb57-0e9f-592f-ac6c-fe183c8a0215,4.983999999999999e+07,100,0.49839999999999995
1658190342,AKROUSDT,Sell,146600,0.004987,PlusTick,b92c2204-8f81-560a-ad28-0a5d00e185a3,7.310942e+10,146600,731.0942
1658190342,AKROUSDT,Sell,315700,0.004987,ZeroMinusTick,c2cb01b9-af02-5e29-82d6-93037162da3a,1.5743959e+11,315700,1574.3959
1658190363,AKROUSDT,Buy,25000,0.004986,MinusTick,d79a62b6-6db4-534b-a1c9-a76ba647179d,1.2465e+10,25000,124.65
1658190369,AKROUSDT,Sell,100,0.004982,MinusTick,872574d2-a556-5c55-b7db-185e673408f7,4.982e+07,100,0.49820000000000003
1658190410,AKROUSDT,Sell,400,0.004984,PlusTick,947f4c98-fb06-56df-b4f8-ecfa260fa969,1.9935999999999997e+08,400,1.9935999999999998
1658190413,AKROUSDT,Buy,400,0.004987,PlusTick,0f402aa5-ce0a-5267-a9cb-8d9d902261d1,1.9948e+08,400,1.9948000000000001
1658190413,AKROUSDT,Buy,25000,0.004988,PlusTick,03417ec8-90d7-50dc-a278-07eec2cecee8,1.247e+10,25000,124.7
1658190413,AKROUSDT,Buy,25000,0.004991,PlusTick,49b1a890-1433-5ec7-b21c-c7503817ca2b,1.24775e+10,25000,124.77499999999999
1658190413,AKROUSDT,Buy,219200,0.004991,ZeroMinusTick,d1618145-ef02-521a-b767-9a497c0c1731,1.0940272e+11,219200,1094.0272
1658190413,AKROUSDT,Buy,286300,0.004991,ZeroMinusTick,44a17c1b-2cc7-552f-bafc-0542684617eb,1.4289233e+11,286300,1428.9233
1658190413,AKROUSDT,Buy,92400,0.004992,PlusTick,7cafd033-dd2e-5168-9db3-15fd45dfc5ef,4.612608e+10,92400,461.2608
1658190413,AKROUSDT,Buy,7600,0.004992,ZeroMinusTick,8b7ed537-4697-514f-9505-4e7c8952d3e1,3.79392e+09,7600,37.9392
1658190413,AKROUSDT,Buy,84800,0.004992,ZeroMinusTick,b6b4d184-0dc8-574b-916c-8828d7af3503,4.233216e+10,84800,423.3216
1658190413,AKROUSDT,Buy,56600,0.004992,ZeroMinusTick,147fb095-a343-587c-8513-b90fbdb15488,2.8254719999999996e+10,56600,282.5472
1658190413,AKROUSDT,Buy,50000,0.004993,PlusTick,43d10d09-21da-5d86-9308-72063e8a6719,2.4965e+10,50000,249.65
1658190413,AKROUSDT,Buy,217300,0.004994,PlusTick,788b5250-b6f2-51e1-b70f-90a3c1b96302,1.0851962000000002e+11,217300,1085.1962
1658190417,AKROUSDT,Buy,100,0.004998,PlusTick,3e73c4d2-2a2c-516b-841a-88b255be792d,4.998e+07,100,0.49979999999999997
1658190417,AKROUSDT,Buy,600,0.004998,ZeroMinusTick,a7d6c13a-1adc-5eaa-b4b7-c3abf414aaba,2.9987999999999994e+08,600,2.9987999999999997
1658190417,AKROUSDT,Buy,100,0.005000,PlusTick,a3f8c7d0-33e5-5797-9757-4eb06bb216be,5e+07,100,0.5
1658190417,AKROUSDT,Buy,11200,0.005000,ZeroMinusTick,6ed8a33e-5b00-55a6-a40f-527efb2a4578,5.6e+09,11200,56
1658190417,AKROUSDT,Buy,50000,0.005000,ZeroMinusTick,3df40370-7c5e-583c-aae0-c79ac84f8f8a,2.5e+10,50000,250
1658190417,AKROUSDT,Buy,217300,0.005004,PlusTick,482d42de-6b6d-5d10-8715-9f51d9a3afe1,1.0873691999999998e+11,217300,1087.3691999999999
1658190417,AKROUSDT,Buy,25400,0.005004,ZeroMinusTick,dc139b31-bef8-56ea-9bfb-38e940bbc207,1.271016e+10,25400,127.10159999999999
1658190417,AKROUSDT,Buy,23900,0.005005,PlusTick,7037c3c2-94da-5c55-a987-49fc96ee1f62,1.196195e+10,23900,119.6195
1658190417,AKROUSDT,Buy,166500,0.005005,ZeroMinusTick,b05a1c0b-9f5a-55a1-9e15-b686dd63e28f,8.333325e+10,166500,833.3325
1658190417,AKROUSDT,Buy,149600,0.005005,ZeroMinusTick,258ab902-de56-59f6-9239-6935963b01f1,7.48748e+10,149600,748.7479999999999
1658190417,AKROUSDT,Buy,127700,0.005011,PlusTick,ada57a80-ce53-5128-8b02-257571a2d475,6.399046999999999e+10,127700,639.9046999999999
1658190417,AKROUSDT,Buy,65500,0.005012,PlusTick,79c8887d-d76a-5f86-a08b-d32a5032a248,3.28286e+10,65500,328.286
1658190417,AKROUSDT,Buy,101200,0.005012,ZeroMinusTick,0759b49b-a30d-5f52-b1bb-9fcbfa3ffc61,5.072144e+10,101200,507.2144
1658190417,AKROUSDT,Buy,46300,0.005013,PlusTick,64218e33-5b24-5f1b-957b-43f5c62648c1,2.321019e+10,46300,232.1019
1658190417,AKROUSDT,Buy,37000,0.005013,ZeroMinusTick,f838d7fb-285a-5977-ac9c-48deec427c77,1.85481e+10,37000,185.481
1658190417,AKROUSDT,Buy,202600,0.005013,ZeroMinusTick,050daeca-b595-562f-bab4-b329be817b73,1.0156338e+11,202600,1015.6338000000001
1658190417,AKROUSDT,Buy,38700,0.005014,PlusTick,5de2e8d3-d705-520b-b74f-27f77b7d291f,1.940418e+10,38700,194.0418
1658190417,AKROUSDT,Buy,25000,0.005036,PlusTick,991d5d1e-d02f-5133-abe0-6c753646d784,1.259e+10,25000,125.89999999999999
1658190417,AKROUSDT,Buy,91600,0.005037,PlusTick,82a7acd3-0dbc-5ff0-b865-4d1a702501ad,4.613891999999999e+10,91600,461.38919999999996
1658190417,AKROUSDT,Sell,400,0.005019,MinusTick,e2efc42b-e669-5e85-b035-236a041e4876,2.0076e+08,400,2.0076
1658190417,AKROUSDT,Sell,25000,0.005018,MinusTick,aaf0910c-f9de-536d-bde3-832167955472,1.2545e+10,25000,125.45
1658190417,AKROUSDT,Sell,10300,0.005018,ZeroMinusTick,02690379-799a-55e6-8579-325f9b4b988a,5.16854e+09,10300,51.6854
1658190417,AKROUSDT,Sell,24800,0.005017,MinusTick,44e0614a-adf4-52bd-9035-306fbd5e869c,1.244216e+10,24800,124.4216
1658190419,AKROUSDT,Sell,25000,0.005018,PlusTick,c6544128-9b52-5dc6-b751-688b03e851a7,1.2545e+10,25000,125.45
1658190425,AKROUSDT,Sell,25000,0.005016,MinusTick,f97cfaca-3dab-5fed-8ae6-6dc9c4abd54e,1.254e+10,25000,125.39999999999999
1658190426,AKROUSDT,Buy,400,0.005014,MinusTick,978b891f-da2e-54ee-9ed3-ddac0494aabb,2.0056000000000003e+08,400,2.0056000000000003
1658190427,AKROUSDT,Sell,25000,0.005016,PlusTick,6b699c48-640b-5d2b-86b2-9375bfe490a3,1.254e+10,25000,125.39999999999999
1658190427,AKROUSDT,Sell,25000,0.005016,ZeroMinusTick,ed0c9fa7-e758-5628-8490-479f8b0b31ed,1.254e+10,25000,125.39999999999999
1658190427,AKROUSDT,Sell,308100,0.005016,ZeroMinusTick,c02dea7f-4ac4-5334-98fd-e961768dc449,1.5454296e+11,308100,1545.4296
1658190427,AKROUSDT,Sell,25000,0.005015,MinusTick,98e8a998-6470-5902-8b2f-680c772bad34,1.2537500000000002e+10,25000,125.37500000000001
1658190427,AKROUSDT,Sell,11400,0.005015,ZeroMinusTick,285b2a74-718e-5770-adad-ac904aa74dac,5.717100000000001e+09,11400,57.17100000000001
1658190427,AKROUSDT,Sell,25000,0.005014,MinusTick,e2263207-e63e-53c7-bb16-b3e5769e59ff,1.2535e+10,25000,125.35000000000001
1658190427,AKROUSDT,Sell,400,0.005014,ZeroMinusTick,8c37b6ac-2dca-5c89-ba02-fc6237cc7fbf,2.0056000000000003e+08,400,2.0056000000000003
1658190429,AKROUSDT,Sell,100,0.005012,MinusTick,3d4f4e0c-427f-528e-bb5a-f1544c5aaa29,5.012e+07,100,0.5012
1658190430,AKROUSDT,Sell,100,0.005012,ZeroMinusTick,fc6e7870-077f-582c-a739-287e0365f55e,5.012e+07,100,0.5012
1658190430,AKROUSDT,Sell,24800,0.005012,ZeroMinusTick,a249d9b4-1eec-549b-9393-21483469d567,1.242976e+10,24800,124.2976
1658190433,AKROUSDT,Buy,400,0.005014,PlusTick,96b88b4d-789b-58ce-9293-cad3cf389f44,2.0056000000000003e+08,400,2.0056000000000003
1658190433,AKROUSDT,Buy,9500,0.005015,PlusTick,73b9158a-42ae-52ca-81fc-96eafca2ed5c,4.764250000000001e+09,9500,47.642500000000005
1658190448,AKROUSDT,Sell,400,0.005007,MinusTick,57849b32-6c4d-5172-8f82-f7c4aa47ae9f,2.0028e+08,400,2.0028
1658190448,AKROUSDT,Sell,217300,0.005005,MinusTick,042fa2f0-f7ec-5848-8e24-bd03f9e50414,1.0875864999999998e+11,217300,1087.5865
1658190449,AKROUSDT,Buy,400,0.005002,MinusTick,bd7f6287-5a82-59f4-8da0-f6a8d6d512ad,2.0008000000000003e+08,400,2.0008000000000004
1658190481,AKROUSDT,Sell,400,0.005004,PlusTick,35ea1e3e-2e06-56cc-b63f-e066d4420186,2.0015999999999997e+08,400,2.0016
1658190481,AKROUSDT,Sell,25000,0.005003,MinusTick,2052381f-c477-5b9f-9b12-a15c0a347060,1.2507499999999998e+10,25000,125.07499999999999
1658190481,AKROUSDT,Sell,231000,0.005002,MinusTick,49b9c215-fe78-5e89-8053-8f7e2cee3d3f,1.155462e+11,231000,1155.462
1658190481,AKROUSDT,Sell,25000,0.005001,MinusTick,800adfe7-f0b8-5725-b2c5-6a72a40c4d24,1.25025e+10,25000,125.025
1658190481,AKROUSDT,Sell,266400,0.005001,ZeroMinusTick,b33396ab-6d07-5a32-a9c3-ba5890e3ef09,1.3322664e+11,266400,1332.2664
1658190485,AKROUSDT,Buy,400,0.005003,PlusTick,9d1e3775-201e-5525-b778-0b140ef1a35a,2.0012e+08,400,2.0012
1658190499,AKROUSDT,Buy,1900,0.005012,PlusTick,f7884b89-efac-5f2e-9a82-4ea6416736c4,9.5228e+08,1900,9.5228
1658190518,AKROUSDT,Sell,400,0.005005,MinusTick,7da204d7-dd68-5f5d-b817-f721ea23b5fe,2.0019999999999997e+08,400,2.002
1658190518,AKROUSDT,Sell,25000,0.005004,MinusTick,72353939-6318-5845-9ad7-66fe28117f0a,1.251e+10,25000,125.1
1658190518,AKROUSDT,Sell,69000,0.005004,ZeroMinusTick,c1d262bd-a1d8-5e05-bd66-f6791f915e14,3.45276e+10,69000,345.276
1658190518,AKROUSDT,Sell,104500,0.005003,MinusTick,d8c53daa-6c06-5c38-9139-5a510b26c3ec,5.228135e+10,104500,522.8135
1658190518,AKROUSDT,Sell,25000,0.005002,MinusTick,71ca13db-1563-5df8-a771-a55d38f40db5,1.2505000000000002e+10,25000,125.05000000000001
1658190522,AKROUSDT,Buy,400,0.004999,MinusTick,2c90a8df-bd65-53b7-b084-54ae83532c5c,1.9996e+08,400,1.9996
1658190522,AKROUSDT,Buy,25000,0.005000,PlusTick,775bb78e-a22d-5b1e-a0af-77ec00f150a3,1.25e+10,25000,125
1658190524,AKROUSDT,Sell,211500,0.004994,MinusTick,086a4a46-a5ef-5bf6-9c73-6a3981a62e4e,1.056231e+11,211500,1056.231
1658190524,AKROUSDT,Sell,241300,0.004992,MinusTick,9898a109-2465-5ba3-8687-81db1520783c,1.2045696e+11,241300,1204.5696
1658190524,AKROUSDT,Sell,400,0.004993,PlusTick,7d37a54d-3fd2-57ff-b702-67595e8d9237,1.9972e+08,400,1.9972
1658190534,AKROUSDT,Sell,104500,0.004986,MinusTick,1b5537df-9d2a-5cce-8178-3407cec12709,5.21037e+10,104500,521.037
1658190571,AKROUSDT,Buy,400,0.004992,PlusTick,e5aacdfd-75c9-59f8-a351-e31cbd49e9db,1.9968e+08,400,1.9968
1658190571,AKROUSDT,Buy,25000,0.004993,PlusTick,850f7c3f-5dc1-5776-ad9c-ec53413b42ac,1.24825e+10,25000,124.825
1658190571,AKROUSDT,Buy,231000,0.004995,PlusTick,20cd2100-bb8c-58c2-a5c0-5c12be23e4ff,1.153845e+11,231000,1153.845
1658190601,AKROUSDT,Buy,25000,0.004998,PlusTick,9e321ca3-8b10-5171-af92-90c757b52850,1.2495e+10,25000,124.95
1658190601,AKROUSDT,Buy,392200,0.004999,PlusTick,400e6d26-363b-526b-b67c-38b50b2091f4,1.9606078e+11,392200,1960.6078
1658190601,AKROUSDT,Buy,700,0.004999,ZeroMinusTick,0d30ba9d-9e98-586f-af77-1535f8227352,3.4993e+08,700,3.4993
1658190601,AKROUSDT,Buy,35000,0.004999,ZeroMinusTick,fd40d5c9-7fe7-5019-adb0-b5e37900b55f,1.74965e+10,35000,174.965
1658190601,AKROUSDT,Buy,186200,0.005003,PlusTick,e68a9533-1576-5403-9162-320f0d94b1b8,9.315586e+10,186200,931.5586
1658190601,AKROUSDT,Buy,220700,0.005004,PlusTick,3dc47dbd-6ab7-5170-8889-76c7cffcc5d2,1.1043827999999998e+11,220700,1104.3827999999999
1658190601,AKROUSDT,Buy,127700,0.005005,PlusTick,7cff5177-7fe4-52e3-97ae-bb87e26e4b71,6.391385e+10,127700,639.1385
1658190601,AKROUSDT,Buy,1900,0.005006,PlusTick,92527d17-1cd1-5fb4-a934-566b6f39100a,9.5114e+08,1900,9.5114
1658190601,AKROUSDT,Buy,383300,0.005006,ZeroMinusTick,cd2fb9d0-4836-5303-b5ec-526f83487f08,1.9187998e+11,383300,1918.7998
1658190601,AKROUSDT,Buy,23200,0.005012,PlusTick,7cf9a11d-448b-5b9d-8c27-227b10e2ee59,1.162784e+10,23200,116.2784
1658190601,AKROUSDT,Buy,42300,0.005012,ZeroMinusTick,f3c872c5-0c6c-5ca6-abbc-90ed9b8f49b4,2.120076e+10,42300,212.0076
1658190601,AKROUSDT,Buy,30800,0.005012,ZeroMinusTick,515f9e53-c080-5d9d-b3e7-4923f49d7796,1.543696e+10,30800,154.3696
1658190601,AKROUSDT,Buy,78300,0.005012,ZeroMinusTick,b57f23af-6123-596e-98ac-f8752e9f07a5,3.924396e+10,78300,392.4396
1658190601,AKROUSDT,Buy,151400,0.005011,MinusTick,ca99404b-d117-5660-a1da-9e28be6f87dd,7.586654e+10,151400,758.6654
1658190601,AKROUSDT,Buy,44300,0.005011,ZeroMinusTick,b480d68a-6c5e-533b-84f7-d83d59aa5fac,2.219873e+10,44300,221.9873
1658190605,AKROUSDT,Sell,400,0.005014,PlusTick,8737f64d-b7e6-52da-b1b7-0d34df64a9f8,2.0056000000000003e+08,400,2.0056000000000003
1658190605,AKROUSDT,Sell,25000,0.005013,MinusTick,c1b4d379-9f80-59c9-af3b-afdad6ede1d8,1.25325e+10,25000,125.325
1658190605,AKROUSDT,Sell,25000,0.005011,MinusTick,f515918e-5968-5612-9f7f-a1318786d83c,1.25275e+10,25000,125.27499999999999
1658190605,AKROUSDT,Sell,205900,0.005011,ZeroMinusTick,126b574e-e7b0-591c-a613-e4b580293de2,1.0317648999999998e+11,205900,1031.7649
1658190605,AKROUSDT,Sell,260000,0.005011,ZeroMinusTick,52001e87-6c08-539e-9c0e-003e68258f28,1.3028599999999998e+11,260000,1302.86
1658190605,AKROUSDT,Sell,19700,0.005001,MinusTick,b3b1a0ee-4d82-51de-8ee2-64c83a9a2229,9.85197e+09,19700,98.5197
1658190605,AKROUSDT,Sell,227000,0.005001,ZeroMinusTick,545f3861-eeec-5473-ad84-cbeaa0835921,1.1352270000000002e+11,227000,1135.227
1658190605,AKROUSDT,Sell,12800,0.005002,PlusTick,4a2c7045-c196-553d-b238-c72472586443,6.402560000000001e+09,12800,64.02560000000001
1658190605,AKROUSDT,Sell,206700,0.005001,MinusTick,33080d60-a2fc-5fc5-a921-137d5347a30e,1.0337067e+11,206700,1033.7067
1658190605,AKROUSDT,Sell,19600,0.004999,MinusTick,7b2efabf-55ac-56a0-96d2-9e4d55efeea0,9.79804e+09,19600,97.9804
1658190605,AKROUSDT,Sell,140300,0.004999,ZeroMinusTick,4125af4b-351f-5bba-a339-e83d3a8d29d0,7.013597e+10,140300,701.3597
1658190605,AKROUSDT,Sell,195700,0.005001,PlusTick,d1b65fa7-54df-5b7d-a48e-752dc1c484c2,9.786957000000002e+10,195700,978.6957000000001
1658190606,AKROUSDT,Sell,14500,0.004994,MinusTick,828de41d-d252-5cf8-ac00-7ae04f17af99,7.2413e+09,14500,72.413
1658190606,AKROUSDT,Sell,50000,0.004993,MinusTick,cc30b31e-dd9b-53d9-8d67-f4425e1d718c,2.4965e+10,50000,249.65
1658190606,AKROUSDT,Sell,195700,0.004992,MinusTick,dc003ff6-4821-576f-8bc8-9d1ddd941f7e,9.769344e+10,195700,976.9344
1658190606,AKROUSDT,Sell,260000,0.004991,MinusTick,cfd43a72-c96e-58c2-8112-29821638d489,1.2976599999999998e+11,260000,1297.6599999999999
1658190608,AKROUSDT,Buy,400,0.004988,MinusTick,8e4669f7-b7f0-5afe-8441-bf285bf7a577,1.9952e+08,400,1.9952
1658190608,AKROUSDT,Buy,25000,0.004989,PlusTick,9b52854a-edcf-553e-8e46-3bf000337998,1.24725e+10,25000,124.72500000000001
1658190612,AKROUSDT,Buy,25000,0.004999,PlusTick,c18e3b9d-7e3c-5758-9ecc-c5f0362afe0b,1.24975e+10,25000,124.975
1658190612,AKROUSDT,Buy,19700,0.005000,PlusTick,fb65de8f-d86e-593c-b49f-8c8f73a6fc3b,9.85e+09,19700,98.5
1658190612,AKROUSDT,Buy,19600,0.005000,ZeroMinusTick,04205557-eadc-5540-b473-69910194172a,9.8e+09,19600,98
1658190612,AKROUSDT,Buy,12800,0.005000,ZeroMinusTick,955975bd-3d95-57b8-b2f0-a88121613cba,6.4e+09,12800,64
1658190612,AKROUSDT,Buy,195700,0.005001,PlusTick,8dafbf93-70a0-5ad0-9162-02b91dfad070,9.786957000000002e+10,195700,978.6957000000001
1658190612,AKROUSDT,Buy,206700,0.005002,PlusTick,715dd8cc-4ccc-5f17-b264-1efc051f1a0a,1.0339134000000002e+11,206700,1033.9134000000001
1658190612,AKROUSDT,Buy,14900,0.005002,ZeroMinusTick,5f535b81-3e65-5cc5-9a47-25fde2f7273b,7.452980000000001e+09,14900,74.52980000000001
1658190612,AKROUSDT,Buy,65500,0.005012,PlusTick,7f41020f-70b4-5f48-8d3b-a83fdacbdfb4,3.28286e+10,65500,328.286
1658190612,AKROUSDT,Buy,30800,0.005012,ZeroMinusTick,7f56325f-7959-5812-aec8-e86803a476bb,1.543696e+10,30800,154.3696
1658190612,AKROUSDT,Buy,198200,0.005012,ZeroMinusTick,d557e5b4-ccfb-5620-b57f-5f03a074b6b6,9.933784e+10,198200,993.3783999999999
1658190612,AKROUSDT,Buy,37000,0.005013,PlusTick,cdeca097-f3f0-5e2c-b9c1-f67b3236da6a,1.85481e+10,37000,185.481
1658190612,AKROUSDT,Buy,63700,0.005013,ZeroMinusTick,eb841084-154a-5f0c-a0d8-b9c467a3631e,3.193281e+10,63700,319.3281
1658190614,AKROUSDT,Sell,400,0.005012,MinusTick,9e41c166-80f4-557d-a5e4-b7f0f6eb59f3,2.0048e+08,400,2.0048
1658190614,AKROUSDT,Sell,260000,0.005011,MinusTick,bc11bbd3-2d72-521f-be40-fcadf45ab093,1.3028599999999998e+11,260000,1302.86
1658190614,AKROUSDT,Sell,104700,0.005004,MinusTick,ab2691bf-5b61-55ab-8538-fbf67acd9f96,5.239187999999999e+10,104700,523.9187999999999
1658190614,AKROUSDT,Sell,25000,0.005003,MinusTick,7470c329-16a6-5fcc-8396-f4b36523fa2e,1.2507499999999998e+10,25000,125.07499999999999
1658190614,AKROUSDT,Sell,170700,0.005003,ZeroMinusTick,d91a4f21-7fec-59e3-822c-7bb52a1dbc8b,8.540120999999998e+10,170700,854.0120999999999
1658190614,AKROUSDT,Sell,19900,0.005001,MinusTick,fe075dec-9110-5d10-8cf0-4ff164ac0856,9.95199e+09,19900,99.5199
1658190614,AKROUSDT,Sell,100,0.005000,MinusTick,aacad66f-3f62-53f0-8ce2-2b0f14a38e9a,5e+07,100,0.5
1658190614,AKROUSDT,Sell,219400,0.005000,ZeroMinusTick,f13c0452-e334-5139-8ecd-39a6c973b9c9,1.097e+11,219400,1097
1658190614,AKROUSDT,Sell,133300,0.004999,MinusTick,62a7df57-665d-5bb2-b37b-1bd3307a4d86,6.663667e+10,133300,666.3667
1658190617,AKROUSDT,Buy,400,0.005002,PlusTick,707346d3-39a9-5e70-a25e-096c059679de,2.0008000000000003e+08,400,2.0008000000000004
1658190617,AKROUSDT,Buy,25000,0.005003,PlusTick,732049d0-d6a4-593d-bdee-e0fe89c28ff4,1.2507499999999998e+10,25000,125.07499999999999
1658190633,AKROUSDT,Buy,25000,0.005007,PlusTick,41474f37-18d7-5042-b1c9-6dec41fc3143,1.25175e+10,25000,125.175
1658190633,AKROUSDT,Sell,2400,0.005007,ZeroMinusTick,2a379194-0a0a-52b7-91f8-d0bfbb80af40,1.20168e+09,2400,12.0168
1658190634,AKROUSDT,Buy,25000,0.005007,ZeroMinusTick,1e6c6cd1-66a5-5249-9ee0-75c2c41f8fc4,1.25175e+10,25000,125.175
1658190634,AKROUSDT,Buy,2400,0.005007,ZeroMinusTick,f66dc9cc-6b8e-5b8e-a06f-538f5d28cb68,1.20168e+09,2400,12.0168
1658190634,AKROUSDT,Buy,127700,0.005008,PlusTick,5fc1e08e-5e91-525d-8501-b1c907cbbd4c,6.395216e+10,127700,639.5216
1658190634,AKROUSDT,Buy,19900,0.005008,ZeroMinusTick,b2e51ac7-9d9e-5681-9597-1b431f9a7571,9.965920000000002e+09,19900,99.65920000000001
1658190634,AKROUSDT,Buy,198200,0.005009,PlusTick,66ed5c58-6550-5f4c-abb1-f6bdff732e8b,9.927838e+10,198200,992.7838
1658190634,AKROUSDT,Buy,202200,0.005014,PlusTick,4e6fd2fb-324a-5a86-bc1b-a3db0b6ab099,1.0138308e+11,202200,1013.8308000000001
1658190634,AKROUSDT,Buy,238600,0.005016,PlusTick,51e911c9-aa21-5840-a58f-d32f30f092e7,1.1968175999999998e+11,238600,1196.8175999999999
1658190634,AKROUSDT,Buy,21400,0.005016,ZeroMinusTick,3401110c-e721-5715-840c-849be7dd6796,1.073424e+10,21400,107.3424
1658190651,AKROUSDT,Sell,400,0.005014,MinusTick,991361f3-b025-5428-8f62-cc68417f1f57,2.0056000000000003e+08,400,2.0056000000000003
1658190651,AKROUSDT,Sell,9600,0.005013,MinusTick,ae844980-8e1e-5553-993e-e4f794ed4e93,4.81248e+09,9600,48.1248
1658190655,AKROUSDT,Sell,15400,0.005013,ZeroMinusTick,c133affe-fa97-5e19-802e-5cfa63f5cd0d,7.72002e+09,15400,77.2002
1658190655,AKROUSDT,Sell,25000,0.005007,MinusTick,4ea2f455-a71c-56c5-bd5e-b6c0a87ffffd,1.25175e+10,25000,125.175
1658190655,AKROUSDT,Sell,25000,0.005005,MinusTick,64acb352-b536-56de-bddd-6fc21cb86ea5,1.25125e+10,25000,125.125
1658190683,AKROUSDT,Sell,2100,0.005001,MinusTick,68d65318-d31f-535d-bbb9-7a133defc26e,1.05021e+09,2100,10.5021
1658190699,AKROUSDT,Sell,1800,0.005001,ZeroMinusTick,0aef7aa9-3832-54cd-a341-54c29a96df65,9.001800000000001e+08,1800,9.001800000000001
1658190729,AKROUSDT,Buy,400,0.005010,PlusTick,9fe567ca-6b8a-5856-a358-6312c008f1e7,2.004e+08,400,2.004
1658190729,AKROUSDT,Buy,2200,0.005011,PlusTick,b4e1ba03-99a7-5f96-ae6f-c592672f9f89,1.10242e+09,2200,11.0242
1658190740,AKROUSDT,Buy,100,0.005010,MinusTick,b599abc2-dbc5-5c68-aec9-8226d596d4ae,5.01e+07,100,0.501
1658190746,AKROUSDT,Sell,400,0.005002,MinusTick,a27022ea-c6a5-517e-b4c8-a2c15d65ac70,2.0008000000000003e+08,400,2.0008000000000004
1658190746,AKROUSDT,Sell,21100,0.005001,MinusTick,0b94e0dd-cab5-5e38-bbbb-1bfd957516a8,1.055211e+10,21100,105.5211
1658190746,AKROUSDT,Sell,224400,0.005001,ZeroMinusTick,519e21f7-cc0b-5dc6-b286-1a9c052f95c3,1.1222244e+11,224400,1122.2244
1658190749,AKROUSDT,Sell,260000,0.004999,MinusTick,4293e8b7-88e8-59c4-a7d7-e6c26ffc12c8,1.29974e+11,260000,1299.74
1658190784,AKROUSDT,Buy,25000,0.004994,MinusTick,9b1886d9-92b4-5164-a085-f9757aedcc63,1.2485e+10,25000,124.85000000000001
1658190784,AKROUSDT,Buy,308100,0.004993,MinusTick,ebec1e1b-bd34-55b9-b866-7ef41760c0bb,1.5383433e+11,308100,1538.3433
1658190784,AKROUSDT,Buy,154200,0.004993,ZeroMinusTick,cd10490e-be4e-51e1-b30d-93048e28e65d,7.699206e+10,154200,769.9206
1658190786,AKROUSDT,Sell,145400,0.004991,MinusTick,559fbc79-3c4e-5085-af80-3bc951a4058b,7.256914e+10,145400,725.6913999999999
1658190786,AKROUSDT,Sell,114600,0.004991,ZeroMinusTick,fc37cf85-bdfe-5c67-b3aa-087e4f1e3d5a,5.719685999999999e+10,114600,571.9685999999999
1658190786,AKROUSDT,Sell,2200,0.004991,ZeroMinusTick,67524535-ea8e-5b11-a060-a3ee6766b1c5,1.09802e+09,2200,10.9802
1658190786,AKROUSDT,Sell,22800,0.004991,ZeroMinusTick,61954afe-4d6e-57a6-8788-23575a2946e8,1.137948e+10,22800,113.7948
1658190789,AKROUSDT,Sell,260000,0.004991,ZeroMinusTick,1b56c89f-0991-5bfd-a431-1b49afa048eb,1.2976599999999998e+11,260000,1297.6599999999999
1658190789,AKROUSDT,Sell,241300,0.004988,MinusTick,0fadb3e7-c6c7-5509-84b4-c3ba84e8a4aa,1.2036044000000002e+11,241300,1203.6044000000002
1658190789,AKROUSDT,Sell,260000,0.004981,MinusTick,2951f454-532e-5e99-a0e6-2cc773f5bd21,1.29506e+11,260000,1295.06
1658190790,AKROUSDT,Buy,25000,0.004980,MinusTick,3b0487cb-247f-5aad-9467-06f3e41de129,1.245e+10,25000,124.5
1658190790,AKROUSDT,Buy,400,0.004980,ZeroMinusTick,a29b6a21-5e9a-503d-9633-eac2fa9f8a94,1.992e+08,400,1.992
1658190791,AKROUSDT,Sell,140500,0.004981,PlusTick,b1a9a9f0-7aef-5527-a55a-0b7ef472af82,6.998305e+10,140500,699.8305
1658190791,AKROUSDT,Sell,119500,0.004981,ZeroMinusTick,c732a429-ffa4-5aa2-bd98-7ba11a98f173,5.952295e+10,119500,595.2295
1658190794,AKROUSDT,Buy,25000,0.004978,MinusTick,5a243067-6a6b-52b3-beae-c67694fbfeab,1.2444999999999998e+10,25000,124.44999999999999
1658190798,AKROUSDT,Sell,87700,0.004981,PlusTick,77fff841-c70e-519c-afbe-2321451c32dc,4.368337e+10,87700,436.8337
1658190798,AKROUSDT,Sell,87700,0.004981,ZeroMinusTick,f6ef2fa7-3fc2-55bb-a42d-15f6e7553512,4.368337e+10,87700,436.8337
1658190798,AKROUSDT,Sell,84600,0.004981,ZeroMinusTick,73ae2665-fecb-507d-8be6-72ab5aab2ddb,4.213926e+10,84600,421.3926
1658190799,AKROUSDT,Sell,800,0.004973,MinusTick,3b1285d0-f4aa-51c8-bc83-c396974b47d6,3.9784e+08,800,3.9784
1658190806,AKROUSDT,Buy,25000,0.004977,PlusTick,e2323106-882c-59ce-b0c6-711d9114a9f5,1.24425e+10,25000,124.425
1658190809,AKROUSDT,Buy,25000,0.004980,PlusTick,47a3c577-b2a8-552f-8f99-9c52da5f7c3e,1.245e+10,25000,124.5
1658190809,AKROUSDT,Buy,66200,0.004980,ZeroMinusTick,82dde907-d8a1-5439-94b8-2f2d6b248362,3.29676e+10,66200,329.676
1658190809,AKROUSDT,Buy,91200,0.004980,ZeroMinusTick,8bdb3235-0c07-5341-a79e-0442a1dc6e0a,4.54176e+10,91200,454.176
1658190809,AKROUSDT,Buy,109100,0.004980,ZeroMinusTick,43a15571-5a47-521f-843d-28a15377e5c1,5.43318e+10,109100,543.318
1658190809,AKROUSDT,Buy,161400,0.004980,ZeroMinusTick,6cfaaf3b-cf90-5af9-a823-21e87a0dfe97,8.03772e+10,161400,803.772
1658190809,AKROUSDT,Buy,127700,0.004981,PlusTick,b51f1792-b320-58b0-9e7f-fb5598bc1198,6.360737e+10,127700,636.0737
1658190809,AKROUSDT,Buy,132300,0.004981,ZeroMinusTick,b544f3de-e253-5398-93ec-3a819fe0bec8,6.589863e+10,132300,658.9863
1658190809,AKROUSDT,Buy,27500,0.004989,PlusTick,cecc036f-4ac0-5de9-a9b6-2964331c5c96,1.3719750000000002e+10,27500,137.19750000000002
1658190809,AKROUSDT,Buy,206700,0.004990,PlusTick,a524ff32-8496-5a40-8e4a-d7cca22f1d88,1.031433e+11,206700,1031.433
1658190809,AKROUSDT,Buy,139800,0.004994,PlusTick,b4eb8718-7749-51f4-9672-cd27fe501a95,6.981612e+10,139800,698.1612
1658190809,AKROUSDT,Buy,288100,0.004995,PlusTick,027f0904-266a-5984-8632-d57ae158a9b1,1.4390595e+11,288100,1439.0595
1658190861,AKROUSDT,Sell,400,0.004995,ZeroMinusTick,0e453160-db46-585e-a0db-84768fa56ba0,1.9980000000000003e+08,400,1.9980000000000002
1658190878,AKROUSDT,Sell,25000,0.004994,MinusTick,44f76865-3214-5c02-a1e0-df0d80211627,1.2485e+10,25000,124.85000000000001
1658190878,AKROUSDT,Sell,25000,0.004993,MinusTick,3f7b59a8-8da5-5d3b-a931-0c64cd997f22,1.24825e+10,25000,124.825
1658190878,AKROUSDT,Sell,25000,0.004993,ZeroMinusTick,9732eb26-2c89-51fc-87ef-2363dab046fe,1.24825e+10,25000,124.825
1658190879,AKROUSDT,Buy,400,0.004995,PlusTick,bdecbaf5-fa2e-5cf9-8ca1-0ecc8741f58f,1.9980000000000003e+08,400,1.9980000000000002
1658190879,AKROUSDT,Sell,1200,0.004995,ZeroMinusTick,872fde49-b19c-53bd-9854-a8653ee0621b,5.994000000000001e+08,1200,5.994000000000001
1658190880,AKROUSDT,Buy,400000,0.004993,MinusTick,fa7bb46b-86f8-51a0-ab8a-cad32f16897b,1.9972e+11,400000,1997.2
1658190883,AKROUSDT,Buy,139700,0.004993,ZeroMinusTick,ec010eaf-7669-581e-a2dd-975c6cecaf2f,6.975221e+10,139700,697.5221
1658190883,AKROUSDT,Buy,25000,0.004995,PlusTick,919ffa1b-f0b8-583a-bef7-5ba97d1ef856,1.2487500000000002e+10,25000,124.87500000000001
1658190899,AKROUSDT,Sell,25000,0.004994,MinusTick,ecceba6c-5ed0-5b6c-b769-c883176da14b,1.2485e+10,25000,124.85000000000001
1658190915,AKROUSDT,Sell,25000,0.004994,ZeroMinusTick,afdc05ff-f0da-5a8f-9ca9-36798132dde5,1.2485e+10,25000,124.85000000000001
1658190916,AKROUSDT,Buy,25000,0.004994,ZeroMinusTick,2a1061f7-7222-569b-865a-6219dba4ba52,1.2485e+10,25000,124.85000000000001
1658190925,AKROUSDT,Sell,25000,0.004993,MinusTick,0289db70-7708-5187-a0aa-70559ceaa1f5,1.24825e+10,25000,124.825
1658190925,AKROUSDT,Sell,260000,0.004991,MinusTick,3746fe19-51e4-58a0-9459-7ad4ab169ec8,1.2976599999999998e+11,260000,1297.6599999999999
1658190925,AKROUSDT,Sell,130500,0.004991,ZeroMinusTick,6ee2f825-f951-5756-b8c5-1ebe7ff95c43,6.513254999999999e+10,130500,651.3254999999999
1658190925,AKROUSDT,Sell,67700,0.004991,ZeroMinusTick,1d30cf92-7fff-553e-ba42-83246d5f5b8e,3.378907e+10,67700,337.8907
1658190925,AKROUSDT,Sell,221600,0.004990,MinusTick,9227337c-2c5e-509f-ba8d-47a2200e1019,1.1057839999999998e+11,221600,1105.7839999999999
1658190925,AKROUSDT,Sell,152700,0.004989,MinusTick,30233532-9300-5ac6-aa44-7c25a1ebee86,7.618203000000002e+10,152700,761.8203000000001
1658190925,AKROUSDT,Sell,184800,0.004989,ZeroMinusTick,49bf542e-8d6d-5465-b836-92d019e5118e,9.219672e+10,184800,921.9672
1658190925,AKROUSDT,Sell,78900,0.004989,ZeroMinusTick,cdae1546-0f8c-55e4-b3b4-8a42f5278d49,3.936321e+10,78900,393.63210000000004
1658190925,AKROUSDT,Sell,166500,0.004987,MinusTick,d9607b4e-257c-5fe4-aeed-5194bf747eeb,8.303355e+10,166500,830.3355
1658190925,AKROUSDT,Sell,50000,0.004983,MinusTick,a26a7bc4-594a-523a-8101-122e25c8e20d,2.4914999999999996e+10,50000,249.14999999999998
1658190925,AKROUSDT,Buy,25000,0.004985,PlusTick,9453b76e-7b7e-56b7-9e13-2bb530ad38d2,1.24625e+10,25000,124.625
1658190927,AKROUSDT,Sell,13700,0.004982,MinusTick,bc498d6a-7809-5a5d-b223-500335fda139,6.82534e+09,13700,68.2534
1658190927,AKROUSDT,Sell,25000,0.004982,ZeroMinusTick,190c853d-6759-5298-83ed-6011be6acef6,1.2455000000000002e+10,25000,124.55000000000001
1658190932,AKROUSDT,Buy,358100,0.004982,ZeroMinusTick,54c6d30b-df4d-5adb-b5d2-bdabccf1ecdf,1.7840542e+11,358100,1784.0542
1658190932,AKROUSDT,Buy,85100,0.004983,PlusTick,9247247e-aef5-57ef-8513-873e2a4a41df,4.240533e+10,85100,424.0533
1658190932,AKROUSDT,Buy,166800,0.004983,ZeroMinusTick,f1334d21-19d9-52c5-95cd-1396ba21b980,8.311643999999998e+10,166800,831.1643999999999
1658190932,AKROUSDT,Buy,166800,0.004983,ZeroMinusTick,b3fb8d35-8055-58d6-adb0-5f494a918437,8.311643999999998e+10,166800,831.1643999999999
1658190936,AKROUSDT,Buy,348400,0.004988,PlusTick,81176215-8ed4-5fb9-9bc2-7e15dc57c8fd,1.7378192e+11,348400,1737.8192000000001
1658190936,AKROUSDT,Buy,105100,0.004992,PlusTick,4ca6ae84-a399-5fa9-98f6-1d216c422dfd,5.246591999999999e+10,105100,524.6591999999999
1658190936,AKROUSDT,Buy,61400,0.004992,ZeroMinusTick,da28a962-08a3-52bd-81b8-480b98b39c47,3.065088e+10,61400,306.5088
1658190936,AKROUSDT,Buy,132900,0.004992,ZeroMinusTick,fa2f9735-73d1-54a3-a931-6c2e03b0b0b3,6.634367999999999e+10,132900,663.4368
1658190936,AKROUSDT,Buy,33600,0.004993,PlusTick,b15c70b6-40f9-5715-94fd-8cb03618c164,1.677648e+10,33600,167.7648
1658190936,AKROUSDT,Buy,166500,0.004993,ZeroMinusTick,4911cf84-c69f-5d86-9625-5324876c138e,8.313345e+10,166500,831.3345
1658190939,AKROUSDT,Sell,400,0.004993,ZeroMinusTick,de423a6d-67c7-5b03-88a6-692b5f1e42a8,1.9972e+08,400,1.9972
1658190939,AKROUSDT,Buy,1200,0.004993,ZeroMinusTick,a5334b85-1f05-50fe-9368-e73ed1f94359,5.9916e+08,1200,5.9916
1658190940,AKROUSDT,Sell,100,0.004993,ZeroMinusTick,75a45eaa-8372-559e-875d-336f28424e99,4.993e+07,100,0.4993
1658190977,AKROUSDT,Buy,400,0.004990,MinusTick,ea30d651-18ec-521f-b4e6-28cc1c82a172,1.9959999999999997e+08,400,1.9959999999999998
1658190977,AKROUSDT,Buy,127700,0.004991,PlusTick,a4b4248f-f333-5921-8e39-06480f1357ab,6.373506999999999e+10,127700,637.3507
1658190983,AKROUSDT,Sell,25000,0.004994,PlusTick,d9e38610-0e99-5ea1-9b8c-77800696bba9,1.2485e+10,25000,124.85000000000001
1658190983,AKROUSDT,Sell,25000,0.004995,PlusTick,7307aa6d-2927-50d0-a28a-c83edfa47952,1.2487500000000002e+10,25000,124.87500000000001
1658190983,AKROUSDT,Sell,210700,0.004992,MinusTick,ba6084a3-38c9-5231-8482-3789df051e88,1.0518144e+11,210700,1051.8144
1658190983,AKROUSDT,Sell,49300,0.004992,ZeroMinusTick,1aae67fc-54eb-5723-ba1d-6d9072319922,2.461056e+10,49300,246.1056
1658190983,AKROUSDT,Sell,5000,0.004992,ZeroMinusTick,a4fc1263-87d6-59c2-9748-2db20ee32179,2.496e+09,5000,24.96
1658190983,AKROUSDT,Sell,140000,0.004992,ZeroMinusTick,25cd53d1-4946-5232-acc9-a2374de35f4e,6.9888e+10,140000,698.88
1658190983,AKROUSDT,Sell,78800,0.004991,MinusTick,6400ad41-9fe4-55e6-acf9-2965104a31c7,3.932908e+10,78800,393.2908
1658190983,AKROUSDT,Sell,181200,0.004991,ZeroMinusTick,1311fc57-3f2a-5444-a1e6-502080d1b33e,9.043692e+10,181200,904.3692
1658190983,AKROUSDT,Sell,222800,0.004984,MinusTick,ab1094fa-dfa7-57d1-b940-eae9f250cb66,1.1104351999999998e+11,222800,1110.4352
1658190985,AKROUSDT,Buy,104500,0.004991,PlusTick,c533db53-81a1-5d41-8609-5296f49b2fe7,5.215594999999999e+10,104500,521.5595
1658190986,AKROUSDT,Sell,400,0.004984,MinusTick,0e38e9a3-e888-5b41-8206-f6d44c092980,1.9935999999999997e+08,400,1.9935999999999998
1658190986,AKROUSDT,Sell,175200,0.004983,MinusTick,ab5b3efc-7221-5d48-aa21-cb4292820178,8.730215999999998e+10,175200,873.0215999999999
1658190986,AKROUSDT,Sell,400,0.004983,ZeroMinusTick,c9780d5c-98ad-5956-b3fd-2367866c5bd2,1.9932e+08,400,1.9931999999999999
1658190986,AKROUSDT,Sell,175600,0.004983,ZeroMinusTick,8c7b8bbb-81e3-51c1-a2f2-7a190e830331,8.750147999999998e+10,175600,875.0147999999999
1658190986,AKROUSDT,Sell,175600,0.004983,ZeroMinusTick,2dec77d4-8acc-5db9-bbc2-ef308d57dff3,8.750147999999998e+10,175600,875.0147999999999
1658190994,AKROUSDT,Sell,100800,0.004982,MinusTick,bc009b37-31d8-5011-b031-5c4c8fbbfcf7,5.021856e+10,100800,502.1856
1658190994,AKROUSDT,Sell,257300,0.004982,ZeroMinusTick,d2fe6860-e599-5a1e-9594-e6b79d802664,1.2818686e+11,257300,1281.8686
1658190994,AKROUSDT,Sell,175600,0.004981,MinusTick,297976d5-b9b0-5475-a9f3-f5a9f92b13a8,8.746636000000002e+10,175600,874.6636000000001
1658190994,AKROUSDT,Sell,367100,0.004981,ZeroMinusTick,fe34816e-ff37-5448-89a8-a255deed9caf,1.8285251e+11,367100,1828.5251
1658191026,AKROUSDT,Buy,400,0.004983,PlusTick,8dd832a4-89d6-5827-b532-b2e80cfd9a48,1.9932e+08,400,1.9931999999999999
1658191026,AKROUSDT,Buy,25000,0.004984,PlusTick,96396b44-7c43-5933-b797-ab81c1879193,1.246e+10,25000,124.6
1658191026,AKROUSDT,Buy,15800,0.004985,PlusTick,e92a6ff3-2a8b-5c1f-8d61-9c85fcdfc359,7.876299999999999e+09,15800,78.76299999999999
1658191032,AKROUSDT,Buy,25000,0.004986,PlusTick,380adf87-b09a-5054-855d-1ddb4b4bf9e3,1.2465e+10,25000,124.65
1658191032,AKROUSDT,Buy,156200,0.004986,ZeroMinusTick,2c5252be-102a-559b-8f39-70df82b89553,7.788132e+10,156200,778.8132
1658191035,AKROUSDT,Buy,89500,0.004985,MinusTick,43c92238-02de-5dd1-b82e-e4fedcc496c6,4.461575e+10,89500,446.15749999999997
1658191035,AKROUSDT,Buy,175600,0.004986,PlusTick,f3bfa689-ca47-57ee-a7a3-35c8c33d0752,8.755416e+10,175600,875.5416
1658191039,AKROUSDT,Sell,400,0.004982,MinusTick,41b72371-2707-51cf-b42c-83622be7d732,1.9928e+08,400,1.9928000000000001
1658191039,AKROUSDT,Sell,25000,0.004981,MinusTick,6f0bed30-0829-5832-a7c7-8bd8381920f9,1.24525e+10,25000,124.525
1658191039,AKROUSDT,Sell,13000,0.004976,MinusTick,2ef6eaf8-617a-5e51-a235-725a2fc0bfe5,6.4688e+09,13000,64.688
1658191039,AKROUSDT,Sell,88000,0.004976,ZeroMinusTick,4a863af1-d41d-582f-a83c-12ef1a6ac99f,4.37888e+10,88000,437.88800000000003
1658191039,AKROUSDT,Sell,214900,0.004975,MinusTick,a7b9c730-b406-54dc-8747-8b5556a875f4,1.0691275e+11,214900,1069.1275
1658191039,AKROUSDT,Sell,100000,0.004974,MinusTick,fac788bb-d3f8-584f-8d55-9d72776d476e,4.974e+10,100000,497.40000000000003
1658191040,AKROUSDT,Sell,25000,0.004974,ZeroMinusTick,9a542359-4ca3-5e57-af10-06d24c53bf26,1.2435e+10,25000,124.35000000000001
1658191045,AKROUSDT,Buy,25000,0.004983,PlusTick,991692bf-4421-590f-99a0-7f15ce3caeea,1.2457499999999998e+10,25000,124.57499999999999
1658191045,AKROUSDT,Buy,25000,0.004983,ZeroMinusTick,6079860f-a21b-5597-be20-4438c354ebe8,1.2457499999999998e+10,25000,124.57499999999999
1658191045,AKROUSDT,Buy,13000,0.004984,PlusTick,c04393ce-0e0c-5643-a399-1417f440cd04,6.4792e+09,13000,64.792
1658191045,AKROUSDT,Buy,86500,0.004984,ZeroMinusTick,389515d7-3a21-5553-bfbf-48106309c376,4.31116e+10,86500,431.116
1658191045,AKROUSDT,Buy,86100,0.004984,ZeroMinusTick,a5907188-4f4f-5cd4-bf65-d441133ad038,4.291224e+10,86100,429.12239999999997
1658191045,AKROUSDT,Buy,25000,0.004984,ZeroMinusTick,31588aaa-96b4-532b-94bd-c7866d8edc7e,1.246e+10,25000,124.6
1658191045,AKROUSDT,Buy,25000,0.004984,ZeroMinusTick,e0a7ed48-52ee-5a02-9787-b99d85369d5a,1.246e+10,25000,124.6
1658191046,AKROUSDT,Buy,25000,0.004984,ZeroMinusTick,a9841981-d4ac-5fc7-a673-9c898c0e8c9e,1.246e+10,25000,124.6
1658191046,AKROUSDT,Buy,25000,0.004983,MinusTick,89778444-4dab-5a69-ab76-07b60fbedd4c,1.2457499999999998e+10,25000,124.57499999999999
1658191046,AKROUSDT,Buy,51900,0.004984,PlusTick,4edf7a80-4693-541a-8417-7e258a35ca15,2.586696e+10,51900,258.6696
1658191046,AKROUSDT,Buy,25000,0.004983,MinusTick,31f68f05-8199-52ba-bc88-d08dc3b666fc,1.2457499999999998e+10,25000,124.57499999999999
1658191046,AKROUSDT,Buy,25000,0.004984,PlusTick,276259f1-3ebc-5dbd-bb53-6d411a7f3a98,1.246e+10,25000,124.6
1658191048,AKROUSDT,Sell,100000,0.004974,MinusTick,2b90bcc3-6fa7-5328-b14b-da41d94584e1,4.974e+10,100000,497.40000000000003
1658191051,AKROUSDT,Sell,25000,0.004974,ZeroMinusTick,fd5e47f7-520b-5d2b-92d5-6d07c91bf5fc,1.2435e+10,25000,124.35000000000001
1658191055,AKROUSDT,Buy,400,0.004982,PlusTick,67076b1b-5690-5c33-a46d-bba1e8dfee68,1.9928e+08,400,1.9928000000000001
1658191055,AKROUSDT,Buy,25000,0.004983,PlusTick,f56e4720-440c-553d-8280-840ddd3ab6ce,1.2457499999999998e+10,25000,124.57499999999999
1658191119,AKROUSDT,Sell,400,0.004977,MinusTick,47034f32-4a26-587b-a252-c5a684b56b62,1.9908e+08,400,1.9908
1658191155,AKROUSDT,Sell,25000,0.004976,MinusTick,e2a13123-f582-5d4b-bc5e-9aae108f17be,1.244e+10,25000,124.4
1658191155,AKROUSDT,Sell,100000,0.004975,MinusTick,e48fba55-e36b-5572-b763-d331cd62febb,4.975e+10,100000,497.5
1658191155,AKROUSDT,Sell,15700,0.004973,MinusTick,68fb4818-6071-55ec-9e3c-546add031c90,7.80761e+09,15700,78.0761
1658191155,AKROUSDT,Sell,118400,0.004973,ZeroMinusTick,c9e33a15-dcd1-5ac2-af31-de5bb773ee0c,5.888031999999999e+10,118400,588.8032
1658191155,AKROUSDT,Sell,75100,0.004973,ZeroMinusTick,71b04b38-b231-5779-9deb-7ea71ddb5e01,3.734723e+10,75100,373.4723
1658191155,AKROUSDT,Sell,40600,0.004973,ZeroMinusTick,b5df62fa-7326-51f2-868a-e63bbdd46e24,2.019038e+10,40600,201.9038
1658191155,AKROUSDT,Buy,6600,0.004974,PlusTick,322d82ad-67e1-5d0f-8d38-88a5c71a2afd,3.28284e+09,6600,32.8284
1658191156,AKROUSDT,Buy,400,0.004978,PlusTick,da4e354c-03dc-57d2-a1a4-94d32f722508,1.9912e+08,400,1.9911999999999999
1658191156,AKROUSDT,Sell,127700,0.004979,PlusTick,12f33e02-6e02-50fe-ae62-e540ef0d6090,6.358183e+10,127700,635.8183
1658191158,AKROUSDT,Sell,350000,0.004972,MinusTick,d199ca68-0e14-5f9a-b404-d4765e58d3dc,1.7402e+11,350000,1740.2
1658191163,AKROUSDT,Buy,24600,0.004976,PlusTick,a53b801a-ee97-5dbc-a0fa-1441da8feac9,1.2240960000000002e+10,24600,122.40960000000001
1658191174,AKROUSDT,Sell,400,0.004973,MinusTick,9f2a4ed4-3c2f-56cf-aeeb-ce975ac52193,1.9892e+08,400,1.9892
1658191199,AKROUSDT,Buy,400,0.004974,PlusTick,7779f14b-f435-5d86-aad9-84ebcad6f0bf,1.9896e+08,400,1.9896
1658191199,AKROUSDT,Buy,25000,0.004975,PlusTick,4570395f-ad70-5881-b9c5-221fb3be7fae,1.24375e+10,25000,124.375
1658191273,AKROUSDT,Sell,400,0.004974,MinusTick,488ba162-baec-5fa6-b8ca-dc09aadf8f1f,1.9896e+08,400,1.9896
1658191273,AKROUSDT,Sell,24900,0.004973,MinusTick,7223e962-5223-558c-ac15-0c3fd19b907d,1.238277e+10,24900,123.8277
1658191273,AKROUSDT,Sell,100,0.004973,ZeroMinusTick,9e4473cc-7af9-5241-acb9-79e7c85c94fe,4.973e+07,100,0.4973
1658191289,AKROUSDT,Buy,400,0.004976,PlusTick,da63d45c-fefd-5ec7-87e7-1320d37bf371,1.9904000000000003e+08,400,1.9904000000000002
1658191289,AKROUSDT,Buy,104100,0.004976,ZeroMinusTick,462df69b-fee5-50d0-958a-668f3d37ed68,5.180016000000001e+10,104100,518.0016
1658191289,AKROUSDT,Buy,111100,0.004976,ZeroMinusTick,4e1231ce-2846-587b-b730-6dbe17b73af6,5.528336000000001e+10,111100,552.8336
1658191289,AKROUSDT,Buy,100600,0.004978,PlusTick,9f8e1841-eb67-595c-a331-2704bb881114,5.007868e+10,100600,500.78679999999997
1658191289,AKROUSDT,Buy,100600,0.004978,ZeroMinusTick,83cccc04-9d7a-5f81-a40c-e88211dc9e17,5.007868e+10,100600,500.78679999999997
1658191289,AKROUSDT,Buy,39200,0.004978,ZeroMinusTick,338cdf90-9cdd-5af9-9ba9-db362896fee1,1.951376e+10,39200,195.1376
1658191327,AKROUSDT,Buy,222400,0.004984,PlusTick,e3e636d2-3627-5a8e-9c71-b987b133bfd1,1.1084415999999998e+11,222400,1108.4415999999999
1658191327,AKROUSDT,Buy,25000,0.004985,PlusTick,9d359075-340c-5918-af6e-ae5332983519,1.24625e+10,25000,124.625
1658191327,AKROUSDT,Buy,200200,0.004986,PlusTick,5041c350-4d6c-5ef5-9e93-1a9e7d0e3a78,9.981972e+10,200200,998.1972
1658191327,AKROUSDT,Buy,246800,0.004986,ZeroMinusTick,f9807a3e-bbcc-54d5-8957-f56e16684b3d,1.2305447999999998e+11,246800,1230.5448
1658191332,AKROUSDT,Buy,50000,0.004995,PlusTick,9d10e74c-037c-5e93-b947-82fc7c06bb07,2.4975000000000004e+10,50000,249.75000000000003
1658191399,AKROUSDT,Buy,1100,0.005003,PlusTick,8607f2a6-9c9b-5dea-a4c4-f1dbead8dd21,5.5033e+08,1100,5.503299999999999
1658191401,AKROUSDT,Sell,400,0.004995,MinusTick,72740c33-f9c0-53c8-870f-06d8891aa45d,1.9980000000000003e+08,400,1.9980000000000002
1658191401,AKROUSDT,Sell,80600,0.004994,MinusTick,410fe7bb-f58f-5b43-9a5c-7a8392fb9f3f,4.025164e+10,80600,402.51640000000003
1658191401,AKROUSDT,Sell,80500,0.004994,ZeroMinusTick,752afb6b-cdde-5d08-842e-d3a5733dd568,4.02017e+10,80500,402.017
1658191401,AKROUSDT,Sell,67000,0.004994,ZeroMinusTick,8a0cff85-2f49-517a-b728-775fa00291c9,3.34598e+10,67000,334.598
1658191519,AKROUSDT,Sell,1900,0.004989,MinusTick,a6218503-a33e-56ae-9e21-c4d65d3f12dd,9.479100000000001e+08,1900,9.4791
1658191627,AKROUSDT,Buy,400,0.004987,MinusTick,ce25eba7-d22d-5363-9165-a63ce1da2126,1.9948e+08,400,1.9948000000000001
1658191627,AKROUSDT,Buy,109600,0.004987,ZeroMinusTick,87435ad3-7fa6-5c06-a606-858b0911da7a,5.465752e+10,109600,546.5752
1658191627,AKROUSDT,Buy,127700,0.004988,PlusTick,5dc8ef52-e7ad-56d0-b831-f53d124c4c1a,6.369676000000001e+10,127700,636.9676000000001
1658191629,AKROUSDT,Sell,100,0.004983,MinusTick,b0d8009b-a76a-53d9-9ab4-302e6d29e883,4.983e+07,100,0.49829999999999997
1658191644,AKROUSDT,Sell,300,0.004985,PlusTick,9c9e0e4f-27ef-5573-b998-d3067e7b3257,1.4955e+08,300,1.4955
1658191709,AKROUSDT,Buy,400,0.004984,MinusTick,a1befe35-d3d4-5f02-920c-68fe97cea6f4,1.9935999999999997e+08,400,1.9935999999999998
1658191709,AKROUSDT,Sell,1100,0.004984,ZeroMinusTick,6f653e7c-9439-5dba-bc49-6b56003c0311,5.482399999999999e+08,1100,5.482399999999999
1658191717,AKROUSDT,Sell,100,0.004975,MinusTick,07dc98b0-8cf8-5ea5-ae27-cecb619eefa3,4.975000000000001e+07,100,0.49750000000000005
1658191717,AKROUSDT,Sell,300,0.004975,ZeroMinusTick,ab7c1826-c6b7-5a5f-9f60-8fc940809362,1.4925000000000003e+08,300,1.4925000000000002
1658191717,AKROUSDT,Sell,50000,0.004974,MinusTick,62f81f26-c733-5563-a428-3c28a5d0ed7a,2.487e+10,50000,248.70000000000002
1658191717,AKROUSDT,Sell,204600,0.004972,MinusTick,f346ce7f-a6fa-5dc3-8c66-7350aecf729e,1.0172712e+11,204600,1017.2712
1658191717,AKROUSDT,Sell,173800,0.004972,ZeroMinusTick,b8f9c81c-0744-535d-915e-03c89b2dc20e,8.641336e+10,173800,864.1336
1658191719,AKROUSDT,Buy,400,0.004976,PlusTick,999173de-1e05-57ac-afc4-6de312203b4a,1.9904000000000003e+08,400,1.9904000000000002
1658191719,AKROUSDT,Buy,83000,0.004977,PlusTick,a8dcc1d0-7b43-5996-972f-0e3bc7d40b07,4.130909999999999e+10,83000,413.09099999999995
1658191719,AKROUSDT,Buy,83400,0.004977,ZeroMinusTick,9e553032-2690-5921-b881-2f7e0302b21d,4.150818e+10,83400,415.0818
1658191719,AKROUSDT,Buy,83400,0.004977,ZeroMinusTick,6400b84b-61c2-53c9-9d1e-ce886cfc2c87,4.150818e+10,83400,415.0818
1658191823,AKROUSDT,Buy,104500,0.004982,PlusTick,6c9317dd-f657-5ee6-94bb-27f4a223f950,5.20619e+10,104500,520.619
1658191829,AKROUSDT,Buy,900,0.004984,PlusTick,e03ab266-6e7f-554e-8134-db4aef9fb0e2,4.4856e+08,900,4.4856
1658191929,AKROUSDT,Sell,100,0.004983,MinusTick,adf8e4c1-88ae-51c7-ab9b-b984bb9b9f11,4.983e+07,100,0.49829999999999997
1658191999,AKROUSDT,Sell,400,0.004991,PlusTick,2a75eede-83fc-5aad-b7d4-fe9a2ba707a4,1.9964e+08,400,1.9964
1658191999,AKROUSDT,Buy,1600,0.004991,ZeroMinusTick,d1841b9b-ca8a-5ec8-a5ba-e77ca2be3c06,7.9856e+08,1600,7.9856
1658192008,AKROUSDT,Buy,400,0.004995,PlusTick,b002ab37-12a6-519b-8b5a-9050b3d56ba8,1.9980000000000003e+08,400,1.9980000000000002
1658192008,AKROUSDT,Buy,49600,0.004995,ZeroMinusTick,e775f0c8-8178-59c3-b170-f826e62a564b,2.47752e+10,49600,247.752
1658192013,AKROUSDT,Sell,25000,0.004992,MinusTick,1c01e393-d595-55aa-a7f0-d92478252a65,1.248e+10,25000,124.8
1658192079,AKROUSDT,Sell,400,0.004984,MinusTick,f33c67ef-cca2-50d2-a51f-adc926278069,1.9935999999999997e+08,400,1.9935999999999998
1658192079,AKROUSDT,Buy,1400,0.004984,ZeroMinusTick,02ccaaf8-e867-59af-af17-a37e74c05a85,6.9776e+08,1400,6.9776
1658192139,AKROUSDT,Sell,100,0.004985,PlusTick,bafc0da3-09b3-5a24-8839-b8f54af29e4c,4.985e+07,100,0.4985
1658192169,AKROUSDT,Sell,100,0.004987,PlusTick,8f289f80-8f93-5979-a73c-e416dda32374,4.987e+07,100,0.49870000000000003
1658192199,AKROUSDT,Sell,100,0.004990,PlusTick,bd4a2efb-4026-5bb1-861c-2f1213097ea5,4.989999999999999e+07,100,0.49899999999999994
1658192201,AKROUSDT,Buy,500,0.004993,PlusTick,5291ab10-5607-54a3-b24a-b22d0592575e,2.4965000000000003e+08,500,2.4965
1658192201,AKROUSDT,Buy,24900,0.004994,PlusTick,ea0fcb05-ea91-55eb-9ff8-656731e1dc1f,1.243506e+10,24900,124.3506
1658192201,AKROUSDT,Buy,100,0.004994,ZeroMinusTick,96e32886-274f-5bc5-9cf6-52d0982abb70,4.994e+07,100,0.4994
1658192209,AKROUSDT,Sell,100,0.004991,MinusTick,e6570a25-78db-5025-9756-afb9aa33c30a,4.991e+07,100,0.4991
1658192218,AKROUSDT,Sell,24900,0.004990,MinusTick,89b1415f-d9e1-593b-a097-660013d7dcbc,1.24251e+10,24900,124.25099999999999
1658192229,AKROUSDT,Sell,100,0.004986,MinusTick,a5f94cde-0b57-5df0-8063-a31a7cf4dac7,4.986e+07,100,0.4986
1658192245,AKROUSDT,Sell,300,0.004986,ZeroMinusTick,c9dc24dc-bcc8-52a5-919a-435b280b279e,1.4958e+08,300,1.4958
1658192251,AKROUSDT,Buy,400,0.004986,ZeroMinusTick,c13a309d-16dd-5f65-9373-f4d76a09c8ca,1.9944e+08,400,1.9944
1658192251,AKROUSDT,Buy,25000,0.004987,PlusTick,0f29305f-a704-5e0b-8af8-185d6a897bf1,1.24675e+10,25000,124.675
1658192259,AKROUSDT,Sell,100,0.004985,MinusTick,333a62b2-e5cc-5b49-9be4-a051c80a4b10,4.985e+07,100,0.4985
1658192269,AKROUSDT,Sell,1300,0.004982,MinusTick,18936795-6a05-5141-b22f-1dfcccdddabe,6.4766e+08,1300,6.4766
1658192271,AKROUSDT,Sell,220800,0.004982,ZeroMinusTick,f7537796-f44a-5b94-b437-411529fc0a5a,1.1000256000000002e+11,220800,1100.0256000000002
1658192316,AKROUSDT,Sell,900,0.004986,PlusTick,ed24894a-f82c-57cb-bca2-046f608717fa,4.4874e+08,900,4.4874
1658192317,AKROUSDT,Sell,200000,0.004986,ZeroMinusTick,5f2effd0-9cdf-5754-9c55-9b0ad50e3a2f,9.972e+10,200000,997.2
1658192319,AKROUSDT,Sell,100,0.004983,MinusTick,d34016e1-34ba-5ddc-b44c-ae9208279eab,4.983e+07,100,0.49829999999999997
1658192349,AKROUSDT,Buy,10000,0.004987,PlusTick,bdb09c14-2826-58e7-8b0f-30cc1f243003,4.987e+09,10000,49.870000000000005
1658192349,AKROUSDT,Sell,100,0.004983,MinusTick,5164ce1c-972c-593f-b8f7-33b3c2cbb297,4.983e+07,100,0.49829999999999997
1658192379,AKROUSDT,Sell,100,0.004984,PlusTick,921db973-41f1-52fd-a4c5-2daf97c44bcc,4.983999999999999e+07,100,0.49839999999999995
1658192389,AKROUSDT,Buy,100,0.004987,PlusTick,d72dd1ec-5069-5bda-ae2d-50f884a02d0c,4.987e+07,100,0.49870000000000003
1658192410,AKROUSDT,Sell,100,0.004984,MinusTick,eb16c544-2858-5246-8dfb-dd2b2774d3c9,4.983999999999999e+07,100,0.49839999999999995
1658192410,AKROUSDT,Sell,300,0.004985,PlusTick,a3b20d10-3870-5415-9497-eb5c2b82ecc4,1.4955e+08,300,1.4955
1658192419,AKROUSDT,Sell,6900,0.004983,MinusTick,8aa16c1f-1c95-5993-b598-0dbcc94af9ce,3.43827e+09,6900,34.3827
1658192500,AKROUSDT,Buy,100,0.004986,PlusTick,5b250cc3-60ec-5804-b813-d0a497994426,4.986e+07,100,0.4986
1658192500,AKROUSDT,Buy,300,0.004986,ZeroMinusTick,cc77a3e8-0d89-57d0-99e7-723470de06bd,1.4958e+08,300,1.4958
1658192500,AKROUSDT,Buy,24600,0.004986,ZeroMinusTick,d62f363e-4c39-59a5-8c01-fae15816a2c4,1.226556e+10,24600,122.65559999999999
1658192500,AKROUSDT,Buy,45300,0.004992,PlusTick,9cdb9896-b672-53ca-93f3-bf62a552c27e,2.261376e+10,45300,226.1376
1658192500,AKROUSDT,Buy,20200,0.004992,ZeroMinusTick,7fb6fcdb-8d8f-5625-84a0-d3a53945dee8,1.008384e+10,20200,100.8384
1658192500,AKROUSDT,Buy,30800,0.004992,ZeroMinusTick,77782969-cea0-582c-a44e-b0ea3ea0f733,1.537536e+10,30800,153.7536
1658192500,AKROUSDT,Buy,78300,0.004992,ZeroMinusTick,1da72254-9710-5c1e-b174-90727a3a2a3c,3.908736e+10,78300,390.8736
1658192500,AKROUSDT,Buy,228100,0.004993,PlusTick,52576bfb-182b-5f92-9558-08e855bce9d4,1.1389033e+11,228100,1138.9033
1658192529,AKROUSDT,Sell,100,0.004992,MinusTick,7f99efd4-786d-5000-9a54-9158b5496354,4.992e+07,100,0.4992
1658192529,AKROUSDT,Buy,1600,0.005004,PlusTick,f60c68e5-59b9-5007-8ee2-aaba509f212c,8.006399999999999e+08,1600,8.0064
1658192559,AKROUSDT,Sell,100,0.004996,MinusTick,5718f0d3-0b65-50b8-a9a0-babd593a752d,4.995999999999999e+07,100,0.49959999999999993
1658192579,AKROUSDT,Sell,100,0.004997,PlusTick,58596a2d-a691-557e-9193-b40c127eb228,4.997e+07,100,0.4997
1658192579,AKROUSDT,Sell,447600,0.004997,ZeroMinusTick,05d753bb-dec5-5069-bd23-c872fa524efe,2.2366571999999997e+11,447600,2236.6571999999996
1658192579,AKROUSDT,Sell,25000,0.004995,MinusTick,9efeb7bc-4994-53ea-82c0-7504db5a8113,1.2487500000000002e+10,25000,124.87500000000001
1658192579,AKROUSDT,Sell,427900,0.004995,ZeroMinusTick,c8178dfe-5087-5287-9407-68bdc604092d,2.1373605000000003e+11,427900,2137.3605000000002
1658192579,AKROUSDT,Sell,186700,0.004990,MinusTick,fb9f6fa8-2df4-5302-9c37-e549d9a9d164,9.31633e+10,186700,931.6329999999999
1658192579,AKROUSDT,Sell,166500,0.004989,MinusTick,400f0aaa-137f-5091-b302-9a83d42ad6c8,8.306685000000002e+10,166500,830.6685000000001
1658192579,AKROUSDT,Sell,43800,0.004989,ZeroMinusTick,25c9a25e-e617-5ba3-b3fe-d915acc714a6,2.185182e+10,43800,218.5182
1658192579,AKROUSDT,Buy,215600,0.004986,MinusTick,17a8c6b2-87b0-5637-b031-f77dad154df5,1.0749816e+11,215600,1074.9816
1658192579,AKROUSDT,Buy,186700,0.004985,MinusTick,e9a5d265-c8d0-5b19-b883-dce49f025ac4,9.306995e+10,186700,930.6995
1658192609,AKROUSDT,Sell,1600,0.004980,MinusTick,aa0f20bf-db15-5165-be13-e8b695b0dcea,7.968e+08,1600,7.968
1658192669,AKROUSDT,Sell,1600,0.004980,ZeroMinusTick,312d2b58-4e2a-5867-95b0-986b4a3785c3,7.968e+08,1600,7.968
1658192779,AKROUSDT,Buy,400,0.004993,PlusTick,a1c5cea1-e975-59cb-b4ef-f2583ea441fc,1.9972e+08,400,1.9972
1658192919,AKROUSDT,Buy,100,0.004993,ZeroMinusTick,0c2d71da-ae98-5354-9366-dd4d1457a128,4.993e+07,100,0.4993
1658192919,AKROUSDT,Buy,1400,0.004993,ZeroMinusTick,4c4af979-f8f1-5d45-98f7-9714dd1f75dd,6.9902e+08,1400,6.9902
1658192945,AKROUSDT,Sell,400,0.004981,MinusTick,9780d6a7-bbb9-5ace-af4e-90535ff6c30d,1.9924000000000003e+08,400,1.9924000000000002
1658192945,AKROUSDT,Sell,5700,0.004980,MinusTick,2a0c4982-0c93-57e2-89b9-24d24f432ccb,2.8386e+09,5700,28.386
1658192977,AKROUSDT,Sell,3200,0.004980,ZeroMinusTick,5d09d54c-a2e1-5819-95f3-7ec7dfba5ba3,1.5936e+09,3200,15.936
1658193021,AKROUSDT,Sell,12900,0.004980,ZeroMinusTick,650c2918-6077-5c7d-b7f9-2ae0814c79ef,6.4242e+09,12900,64.242
1658193021,AKROUSDT,Sell,37600,0.004975,MinusTick,5ec625ae-a402-5665-ade2-8d6a1da36fc1,1.8706e+10,37600,187.06
1658193023,AKROUSDT,Buy,400,0.004980,PlusTick,7c893c4f-a6ec-53aa-9836-3163bd39e6c1,1.992e+08,400,1.992
1658193023,AKROUSDT,Buy,68400,0.004980,ZeroMinusTick,b4305aeb-5e75-5144-97d2-708fa7636fe7,3.40632e+10,68400,340.632
1658193023,AKROUSDT,Buy,143300,0.004980,ZeroMinusTick,4ee3f095-43b7-544c-8c0a-201633f11e82,7.13634e+10,143300,713.634
1658193023,AKROUSDT,Buy,20100,0.004980,ZeroMinusTick,9ce8e62e-6faf-5bb1-a92a-6aa9b5d51080,1.00098e+10,20100,100.098
1658193030,AKROUSDT,Buy,25000,0.004981,PlusTick,f2d80a6e-8e32-5433-be81-c9eec4878926,1.24525e+10,25000,124.525
1658193089,AKROUSDT,Buy,200,0.004989,PlusTick,e3a07c85-92b4-5c19-a29d-2f476d2f189d,9.978e+07,200,0.9978
1658193179,AKROUSDT,Sell,400,0.004976,MinusTick,a8da11cf-16a6-5d14-b73d-4ce5b2af3da8,1.9904000000000003e+08,400,1.9904000000000002
1658193179,AKROUSDT,Buy,1400,0.004976,ZeroMinusTick,17261bff-3f4e-5a6a-8505-f66265ba9aa9,6.9664e+08,1400,6.9664
1658193289,AKROUSDT,Buy,400,0.004985,PlusTick,0480a31e-fdab-5ca2-bd3b-4fe769b81f97,1.994e+08,400,1.994
1658193309,AKROUSDT,Buy,226100,0.004983,MinusTick,e4e2d4a9-892e-52bb-801a-0d781570dfad,1.1266562999999998e+11,226100,1126.6562999999999
1658193347,AKROUSDT,Sell,100,0.004976,MinusTick,37aa3361-20e8-5865-ac29-9f516e0ae994,4.976000000000001e+07,100,0.49760000000000004
1658193347,AKROUSDT,Sell,300,0.004976,ZeroMinusTick,8390d82c-4964-5ab2-9446-aabf0bb4f6a9,1.4928e+08,300,1.4928000000000001
1658193369,AKROUSDT,Sell,100,0.004972,MinusTick,3c000c5b-5641-5620-8cc2-57c0d510fa52,4.972e+07,100,0.4972
1658193391,AKROUSDT,Sell,100,0.004973,PlusTick,abf9156b-cb9b-5ca3-a5f8-e4f6f9b5818c,4.973e+07,100,0.4973
1658193399,AKROUSDT,Sell,100,0.004972,MinusTick,c8e6c04b-8487-5d81-9ff2-3ee7a2b54529,4.972e+07,100,0.4972
1658193419,AKROUSDT,Sell,1200,0.004973,PlusTick,20f3fe1f-90d5-5da2-b0ca-c64628924e10,5.9676e+08,1200,5.9676
1658193427,AKROUSDT,Sell,23800,0.004973,ZeroMinusTick,d49bdcb6-332c-55c1-9293-568079a17dd5,1.183574e+10,23800,118.3574
1658193428,AKROUSDT,Sell,100,0.004973,ZeroMinusTick,e765eaca-3c21-51c0-ae56-f7b07f9c51f0,4.973e+07,100,0.4973
1658193429,AKROUSDT,Sell,100,0.004973,ZeroMinusTick,44b80798-f24c-555b-a745-0a598be2e394,4.973e+07,100,0.4973
1658193429,AKROUSDT,Sell,166800,0.004973,ZeroMinusTick,814aa084-93d2-5791-b811-7eea23ab8092,8.294964e+10,166800,829.4964
1658193429,AKROUSDT,Sell,50000,0.004971,MinusTick,8e434f8b-4751-5342-92c6-f96537323a20,2.4855e+10,50000,248.54999999999998
1658193458,AKROUSDT,Buy,400,0.004970,MinusTick,6b3164b8-f539-516d-a41d-9f0258f944d5,1.9879999999999997e+08,400,1.9879999999999998
1658193458,AKROUSDT,Buy,137400,0.004971,PlusTick,62791995-89c6-5fd7-b073-44a6a353d5fd,6.830154e+10,137400,683.0154
1658193458,AKROUSDT,Buy,25000,0.004975,PlusTick,76918ce9-9099-5752-b511-b4f6bd0e49be,1.24375e+10,25000,124.375
1658193459,AKROUSDT,Sell,100,0.004977,PlusTick,3e56289d-0de1-5f70-800a-1a9adb688434,4.977e+07,100,0.4977
1658193467,AKROUSDT,Sell,20000,0.004978,PlusTick,b92e69b9-8922-5830-842b-5e720b4e8a74,9.956e+09,20000,99.56
1658193483,AKROUSDT,Sell,358100,0.004975,MinusTick,031848a4-676a-531a-936f-5eb87ee44f56,1.7815475e+11,358100,1781.5475000000001
1658193579,AKROUSDT,Sell,100,0.004972,MinusTick,9e5294ef-1779-5ff3-acc9-1d10c19bc04a,4.972e+07,100,0.4972
1658193579,AKROUSDT,Sell,500,0.004971,MinusTick,2de51847-c978-5a43-a4d2-1b02d8147113,2.4855e+08,500,2.4855
1658193669,AKROUSDT,Sell,100,0.004972,PlusTick,02806d38-a3f0-561c-a8d2-04170fbf79d8,4.972e+07,100,0.4972
1658193689,AKROUSDT,Sell,800,0.004970,MinusTick,4d8c664e-9d17-512e-963e-4461b93f0623,3.9759999999999994e+08,800,3.9759999999999995
1658193711,AKROUSDT,Sell,100,0.004970,ZeroMinusTick,f703f67c-07ab-5ce5-bf84-3004fba2beb2,4.969999999999999e+07,100,0.49699999999999994
