timestamp,symbol,side,size,price,tickDirection,trdMatchID,grossValue,homeNotional,foreignNotional
1658102401,ALGOUSDT,Sell,18.4,0.3360,ZeroMinusTick,fd1b8aaf-7391-54fa-8ab2-90d595cdb5ac,6.1824e+08,18.4,6.1824
1658102425,ALGOUSDT,Buy,4417.8,0.3365,PlusTick,ce35c4cd-0633-5a66-9659-1b986648d2ed,1.4865897000000003e+11,4417.8,1486.5897000000002
1658102425,ALGOUSDT,Buy,4618.2,0.3365,ZeroMinusTick,7e60df24-16ee-5e83-816b-09258cfecfa2,1.5540243e+11,4618.2,1554.0243
1658102425,ALGOUSDT,Buy,291.8,0.3365,ZeroMinusTick,7264a665-0d4e-553f-95d3-529578f8fefb,9.81907e+09,291.8,98.1907
1658102425,ALGOUSDT,Buy,3358,0.3365,ZeroMinusTick,0a0615f1-1a42-55da-9e36-c1ae309ae4ec,1.1299670000000002e+11,3358,1129.967
1658102425,ALGOUSDT,Buy,798.1,0.3365,ZeroMinusTick,470124d5-76d0-5e5a-a8b6-6b4268c8f5f8,2.6856065e+10,798.1,268.56065
1658102425,ALGOUSDT,Buy,1000,0.3365,ZeroMinusTick,196d4dfe-43fa-54d2-926e-73e8ec84badb,3.365e+10,1000,336.5
1658102425,ALGOUSDT,Buy,105.4,0.3365,ZeroMinusTick,613f880a-7555-58b9-a3f9-04a9bbfd5eca,3.54671e+09,105.4,35.4671
1658102426,ALGOUSDT,Buy,1094.6,0.3365,ZeroMinusTick,1c5780bb-e1a3-576a-b623-00781ca4b5e2,3.683329e+10,1094.6,368.3329
1658102434,ALGOUSDT,Sell,1601.3,0.3365,ZeroMinusTick,8de8a1aa-5245-5d4b-a826-a51d73de7462,5.3883745e+10,1601.3,538.83745
1658102434,ALGOUSDT,Sell,1663,0.3365,ZeroMinusTick,e3cfc6e9-bbd8-5c2b-9b7a-bb058793cb10,5.595995e+10,1663,559.5995
1658102451,ALGOUSDT,Sell,1601.3,0.3360,MinusTick,15db25e3-35f7-5abf-8eda-4bd82b90aa76,5.380368e+10,1601.3,538.0368
1658102451,ALGOUSDT,Sell,4,0.3360,ZeroMinusTick,318c2bd1-4055-57de-9050-ee096f057387,1.344e+08,4,1.344
1658102477,ALGOUSDT,Buy,0.1,0.3365,PlusTick,a6b502a4-6532-5017-85a4-3e2ac6998204,3.3650000000000005e+06,0.1,0.033650000000000006
1658102513,ALGOUSDT,Buy,1000,0.3360,MinusTick,279478b0-ce42-542b-85e0-d67a0f5d2078,3.36e+10,1000,336
1658102513,ALGOUSDT,Buy,104.3,0.3360,ZeroMinusTick,79df5414-13ed-55d3-9dc8-45b15ae969b8,3.50448e+09,104.3,35.0448
1658102513,ALGOUSDT,Buy,1383.5,0.3360,ZeroMinusTick,688c2775-0461-5672-8408-68b3a39d5805,4.648560000000001e+10,1383.5,464.85600000000005
1658102523,ALGOUSDT,Buy,292.7,0.3365,PlusTick,f210bd7b-2d79-568b-8098-910d80b89786,9.849355e+09,292.7,98.49355
1658102523,ALGOUSDT,Buy,428.8,0.3365,ZeroMinusTick,d772b434-1b60-5cce-ab50-693c21576dcf,1.442912e+10,428.8,144.2912
1658102523,ALGOUSDT,Buy,291.8,0.3365,ZeroMinusTick,7d2148fd-9a94-5681-a13a-22633a1b4b10,9.81907e+09,291.8,98.1907
1658102523,ALGOUSDT,Buy,854.6,0.3365,ZeroMinusTick,281d090a-3618-58dd-b2fe-e5673e62cd0a,2.875729e+10,854.6,287.5729
1658102523,ALGOUSDT,Buy,735.8,0.3365,ZeroMinusTick,74098803-e420-59be-bcf1-07f26a49eaeb,2.475967e+10,735.8,247.5967
1658102525,ALGOUSDT,Buy,482.5,0.3365,ZeroMinusTick,ac718274-aca3-5e89-bd1d-a0a96c09a8bd,1.6236125000000002e+10,482.5,162.36125
1658102525,ALGOUSDT,Buy,383,0.3365,ZeroMinusTick,7fc97ccc-67ef-5fca-8dae-9294082c7659,1.288795e+10,383,128.8795
1658102546,ALGOUSDT,Buy,1601.3,0.3370,PlusTick,21750efa-d7a8-50fc-b80d-d02de41cef0b,5.396381e+10,1601.3,539.6381
1658102549,ALGOUSDT,Sell,22.2,0.3370,ZeroMinusTick,1a8fb3b6-772f-53a9-9976-ee1bf5c0eb70,7.4814e+08,22.2,7.4814
1658102558,ALGOUSDT,Sell,35.5,0.3370,ZeroMinusTick,7ad5763e-a0ec-5026-8a1b-508785ec590b,1.1963500000000002e+09,35.5,11.963500000000002
1658102561,ALGOUSDT,Sell,88.9,0.3370,ZeroMinusTick,6aebecad-af51-503d-904a-69b9cc93e352,2.9959300000000005e+09,88.9,29.959300000000002
1658102569,ALGOUSDT,Buy,1.1,0.3375,PlusTick,41592e5d-5093-54d2-9dc5-29b1d9be9602,3.712500000000001e+07,1.1,0.3712500000000001
1658102569,ALGOUSDT,Buy,0.7,0.3375,ZeroMinusTick,a85360d3-ebed-5d9c-b7ed-1c17133b69cd,2.3625e+07,0.7,0.23625
1658102569,ALGOUSDT,Buy,0.6,0.3375,ZeroMinusTick,899491e9-7647-5194-837a-517a5af31011,2.025e+07,0.6,0.2025
1658102569,ALGOUSDT,Buy,1,0.3375,ZeroMinusTick,5af4044e-9392-544c-9bf7-c02310c17ebc,3.375e+07,1,0.3375
1658102569,ALGOUSDT,Buy,2.6,0.3375,ZeroMinusTick,0b93e14d-d5ac-51da-b74b-5ffeeb02d67b,8.775e+07,2.6,0.8775000000000001
1658102569,ALGOUSDT,Buy,4.3,0.3375,ZeroMinusTick,f8f23e63-aed8-5a3e-ac55-936ed7a2f497,1.45125e+08,4.3,1.45125
1658102569,ALGOUSDT,Buy,1000,0.3375,ZeroMinusTick,a7175985-aaf1-5d5b-8a32-a7faca8d6aaa,3.375e+10,1000,337.5
1658102569,ALGOUSDT,Buy,622.4,0.3375,ZeroMinusTick,8ec1b9b9-3eef-58ec-964c-4f25fc54d070,2.1006e+10,622.4,210.06
1658102569,ALGOUSDT,Buy,577.6,0.3375,ZeroMinusTick,6886ffc7-70e4-5d57-bb6f-ff342f781f0d,1.9494000000000004e+10,577.6,194.94000000000003
1658102591,ALGOUSDT,Sell,867.8,0.3375,ZeroMinusTick,81771404-7ba4-56cb-9a93-f835b5f51b69,2.928825e+10,867.8,292.8825
1658102591,ALGOUSDT,Sell,733.5,0.3375,ZeroMinusTick,2a08410a-3481-506e-865c-728a8e0ced94,2.4755625e+10,733.5,247.55625
1658102591,ALGOUSDT,Sell,134.3,0.3375,ZeroMinusTick,1b9fee2c-0980-5df7-82c1-ddfb8431849d,4.532625000000001e+09,134.3,45.32625000000001
1658102591,ALGOUSDT,Sell,867.8,0.3375,ZeroMinusTick,15786da8-5882-523b-8cab-86fb6792797e,2.928825e+10,867.8,292.8825
1658102603,ALGOUSDT,Sell,1601.3,0.3370,MinusTick,05d3ca56-3569-524a-9163-7da926ba165e,5.396381e+10,1601.3,539.6381
1658102603,ALGOUSDT,Sell,1632.7,0.3370,ZeroMinusTick,f9434405-2d16-5090-9c95-00b259757395,5.502199000000001e+10,1632.7,550.2199
1658102603,ALGOUSDT,Sell,1200,0.3370,ZeroMinusTick,4f41dda2-beb4-55fd-a838-c1a329b4eee2,4.044e+10,1200,404.40000000000003
1658102603,ALGOUSDT,Sell,1663,0.3370,ZeroMinusTick,ee71bfca-ff2f-5bbf-9000-a6a5b465281a,5.604310000000001e+10,1663,560.431
1658102617,ALGOUSDT,Sell,0.4,0.3370,ZeroMinusTick,8644f988-5886-53cd-ad5f-13c8d62f231d,1.348e+07,0.4,0.1348
1658102690,ALGOUSDT,Buy,0.1,0.3380,PlusTick,da312e8e-b2a2-5cc6-8d73-84b1bb07182a,3.3800000000000005e+06,0.1,0.033800000000000004
1658102693,ALGOUSDT,Buy,256.5,0.3380,ZeroMinusTick,aaedf733-c7f2-5737-b6ad-dac9e4c395ba,8.6697e+09,256.5,86.697
1658102704,ALGOUSDT,Buy,1313.6,0.3380,ZeroMinusTick,ca77bb2c-3d9e-545f-80a2-73ec19114626,4.439968e+10,1313.6,443.9968
1658102704,ALGOUSDT,Buy,2770.9,0.3380,ZeroMinusTick,59272407-e84b-51a8-8172-4e5ed594b6b4,9.365642000000002e+10,2770.9,936.5642000000001
1658102704,ALGOUSDT,Buy,637.2,0.3380,ZeroMinusTick,1da4582a-57c5-55ef-8b66-ac2e9cef72dc,2.1537360000000004e+10,637.2,215.37360000000004
1658102704,ALGOUSDT,Buy,0.9,0.3380,ZeroMinusTick,416528a8-c2c4-57bc-a96b-aedd2bccf9e5,3.0420000000000004e+07,0.9,0.3042
1658102704,ALGOUSDT,Buy,0.9,0.3380,ZeroMinusTick,0b9099d3-d23c-576a-8552-f32b0398b94f,3.0420000000000004e+07,0.9,0.3042
1658102704,ALGOUSDT,Buy,3.7,0.3380,ZeroMinusTick,f3e1a006-7a80-58a5-b609-36a4ce6cc934,1.2506000000000001e+08,3.7,1.2506000000000002
1658102704,ALGOUSDT,Buy,2212.4,0.3380,ZeroMinusTick,784225e4-9d3f-5730-9dbd-ac789ba0a2b9,7.477912000000002e+10,2212.4,747.7912000000001
1658102704,ALGOUSDT,Buy,981.9,0.3380,ZeroMinusTick,60d4c487-b011-5c91-8992-bba2bd6311c5,3.318822e+10,981.9,331.8822
1658102704,ALGOUSDT,Buy,619.4,0.3380,ZeroMinusTick,7ceb8fde-fdc3-51ec-a05d-2735cc756f98,2.093572e+10,619.4,209.3572
1658102704,ALGOUSDT,Buy,1478.9,0.3380,ZeroMinusTick,ee03c68f-d1da-5263-ba71-2d7b0185e447,4.998682000000001e+10,1478.9,499.86820000000006
1658102717,ALGOUSDT,Sell,0.1,0.3380,ZeroMinusTick,4140c596-bb6e-58d2-9dea-7c6148a68779,3.3800000000000005e+06,0.1,0.033800000000000004
1658102749,ALGOUSDT,Sell,1601.2,0.3380,ZeroMinusTick,d1166cee-7170-591b-a0e1-1cc22e92410c,5.412056e+10,1601.2,541.2056
1658102749,ALGOUSDT,Sell,1200,0.3380,ZeroMinusTick,6ba72754-0593-5107-86f1-1c674a147fc3,4.056e+10,1200,405.6
1658102761,ALGOUSDT,Buy,1601.3,0.3380,ZeroMinusTick,4dcc4a73-e20b-5595-ba24-15e78b9fa56d,5.412394000000001e+10,1601.3,541.2394
1658102767,ALGOUSDT,Sell,10,0.3380,ZeroMinusTick,54e38081-f763-59d1-b597-6581a341b659,3.3800000000000006e+08,10,3.3800000000000003
1658102774,ALGOUSDT,Buy,1000.4,0.3385,PlusTick,ad83583c-3d33-5cad-90d9-ffa9df424864,3.386354e+10,1000.4,338.6354
1658102774,ALGOUSDT,Buy,139,0.3385,ZeroMinusTick,d503df8c-4db1-5eba-a857-b9a552068406,4.70515e+09,139,47.051500000000004
1658102774,ALGOUSDT,Buy,4334.1,0.3385,ZeroMinusTick,e35d9b34-6aa0-51c3-bfd0-d25838361cc3,1.4670928500000003e+11,4334.1,1467.0928500000002
1658102774,ALGOUSDT,Buy,1.1,0.3385,ZeroMinusTick,4350b6b2-4152-591c-989b-27523dc6ac2e,3.723500000000001e+07,1.1,0.37235000000000007
1658102774,ALGOUSDT,Buy,3851.2,0.3385,ZeroMinusTick,db1d28ca-f933-508b-8072-60f849314f17,1.3036312e+11,3851.2,1303.6312
1658102774,ALGOUSDT,Buy,4.2,0.3385,ZeroMinusTick,e10bc35f-a747-5c59-9795-f387d6f24f4a,1.4217000000000003e+08,4.2,1.4217000000000002
1658102774,ALGOUSDT,Buy,465.9,0.3385,ZeroMinusTick,6d0385a0-a70b-5f5f-9418-e741897b8441,1.5770715000000002e+10,465.9,157.70715
1658102774,ALGOUSDT,Buy,1135.4,0.3385,ZeroMinusTick,be44edbb-d800-572d-88b3-d3af62daf7f7,3.843329000000001e+10,1135.4,384.33290000000005
1658102774,ALGOUSDT,Buy,1,0.3385,ZeroMinusTick,b1cdb7b3-6b53-58a5-a0a4-f5fd99d61455,3.385e+07,1,0.3385
1658102774,ALGOUSDT,Buy,496.3,0.3385,ZeroMinusTick,2bdedf68-de6d-5e34-9687-c5aa1aea0eac,1.6799755000000002e+10,496.3,167.99755000000002
1658102777,ALGOUSDT,Buy,0.5,0.3390,PlusTick,57828d4b-e50c-5bfc-9165-b72dd5bbd2c5,1.695e+07,0.5,0.1695
1658102777,ALGOUSDT,Buy,59.2,0.3390,ZeroMinusTick,eab7fa48-1f12-51ea-949e-6df0cf5570cd,2.0068800000000002e+09,59.2,20.068800000000003
1658102777,ALGOUSDT,Buy,101,0.3390,ZeroMinusTick,e2d25e6f-14f7-519d-86ee-61372722fde6,3.4239000000000005e+09,101,34.239000000000004
1658102777,ALGOUSDT,Sell,1601.3,0.3385,MinusTick,49e92956-e964-5ef2-8f77-e341c90183fa,5.420400500000001e+10,1601.3,542.0400500000001
1658102830,ALGOUSDT,Buy,1601.3,0.3385,ZeroMinusTick,f309a7b0-6d62-5342-854f-369e871e4fef,5.420400500000001e+10,1601.3,542.0400500000001
1658102830,ALGOUSDT,Buy,0.7,0.3385,ZeroMinusTick,b07bfe8e-fb99-51fa-9e1b-8e38567a075e,2.3695e+07,0.7,0.23695
1658102830,ALGOUSDT,Buy,2.8,0.3385,ZeroMinusTick,69764968-faf3-5817-9110-20ef077c78fa,9.478e+07,2.8,0.9478
1658102830,ALGOUSDT,Buy,0.6,0.3385,ZeroMinusTick,9daf45d9-7303-5299-9229-78e8a7373df6,2.031e+07,0.6,0.2031
1658102843,ALGOUSDT,Sell,1477.1,0.3385,ZeroMinusTick,ea0c50bd-b299-5554-9401-4b4cd3daf56d,4.9999835e+10,1477.1,499.99835
1658102843,ALGOUSDT,Sell,1000,0.3385,ZeroMinusTick,d758e507-8adc-59a3-a2ce-ebe2c68dd0c2,3.385e+10,1000,338.5
1658102843,ALGOUSDT,Sell,1601.3,0.3385,ZeroMinusTick,6c77b404-f7fa-5ec5-97b6-91464b9a7015,5.420400500000001e+10,1601.3,542.0400500000001
1658102843,ALGOUSDT,Sell,1884.7,0.3385,ZeroMinusTick,433672af-1c32-5455-8c30-20786cc732f9,6.3797095e+10,1884.7,637.97095
1658102891,ALGOUSDT,Buy,22.2,0.3390,PlusTick,0a8899a4-6d41-5407-a1d0-1fc9646cf63c,7.5258e+08,22.2,7.5258
1658102894,ALGOUSDT,Buy,35.5,0.3390,ZeroMinusTick,e93f6682-e0b7-5f57-b339-45bd482f434a,1.2034500000000002e+09,35.5,12.034500000000001
1658102896,ALGOUSDT,Buy,88.9,0.3390,ZeroMinusTick,71446700-edf8-583a-8a69-269a2e6f3513,3.0137100000000005e+09,88.9,30.137100000000004
1658102907,ALGOUSDT,Sell,1.5,0.3385,MinusTick,272d1c98-f756-5d49-afab-12a5198c4ab8,5.0775e+07,1.5,0.50775
1658102976,ALGOUSDT,Sell,131.7,0.3385,ZeroMinusTick,c4bba1c7-540b-5cc3-8754-e2ff3e82e4eb,4.458045e+09,131.7,44.58045
1658102976,ALGOUSDT,Sell,35.2,0.3385,ZeroMinusTick,3f35566e-365f-501a-b289-560e5a945168,1.1915200000000002e+09,35.2,11.915200000000002
1658102976,ALGOUSDT,Sell,1601.3,0.3385,ZeroMinusTick,ab4c28b5-a174-5778-8df4-e24da5dc1e41,5.420400500000001e+10,1601.3,542.0400500000001
1658102976,ALGOUSDT,Sell,1000,0.3385,ZeroMinusTick,04c707a0-7198-58b7-a21f-141ef3c7b8ea,3.385e+10,1000,338.5
1658102976,ALGOUSDT,Sell,1231.8,0.3385,ZeroMinusTick,db7e2123-d1ef-5c1e-9717-5f224b5a7ba1,4.169643e+10,1231.8,416.96430000000004
1658102976,ALGOUSDT,Sell,1441.3,0.3385,ZeroMinusTick,d6b842f3-f5fe-55bb-89c9-986abcbb4572,4.878800500000001e+10,1441.3,487.88005000000004
1658102976,ALGOUSDT,Sell,1763.8,0.3385,ZeroMinusTick,6e1f5c96-fe79-597e-98bc-248ff9abefcc,5.970463e+10,1763.8,597.0463
1658103070,ALGOUSDT,Sell,90,0.3385,ZeroMinusTick,132ac5c5-20e0-5f7c-a14b-e365f4b39d34,3.0465000000000005e+09,90,30.465000000000003
1658103076,ALGOUSDT,Buy,1601.3,0.3390,PlusTick,403c7628-d318-5090-8d85-a0f678d534fb,5.428407e+10,1601.3,542.8407
1658103076,ALGOUSDT,Buy,1474.3,0.3390,ZeroMinusTick,3153f7c4-d07c-5641-ae56-91a612981aab,4.997877e+10,1474.3,499.78770000000003
1658103076,ALGOUSDT,Buy,1200,0.3390,ZeroMinusTick,0ac95f6d-8e32-52db-9928-552db7ff26c2,4.068e+10,1200,406.8
1658103076,ALGOUSDT,Buy,26.6,0.3390,ZeroMinusTick,2450f048-94bc-51df-9410-5b01dfab2c6a,9.0174e+08,26.6,9.0174
1658103076,ALGOUSDT,Buy,0.9,0.3390,ZeroMinusTick,b168efdf-e9fc-5cdb-b055-0f37d622f848,3.0510000000000004e+07,0.9,0.30510000000000004
1658103076,ALGOUSDT,Buy,0.8,0.3390,ZeroMinusTick,5ebbb968-37f5-56a5-a802-74e685e54d0b,2.7120000000000004e+07,0.8,0.27120000000000005
1658103076,ALGOUSDT,Buy,3.6,0.3390,ZeroMinusTick,9a518489-fb06-568c-90e0-30efca2f878f,1.2204000000000001e+08,3.6,1.2204000000000002
1658103076,ALGOUSDT,Buy,3606.6,0.3390,ZeroMinusTick,835e129b-ee4c-56ce-84ae-8ad470e73923,1.2226374e+11,3606.6,1222.6374
1658103076,ALGOUSDT,Buy,725.8,0.3395,PlusTick,3c6fa192-8ffc-5c38-951d-2a3bf223fa2e,2.464091e+10,725.8,246.4091
1658103084,ALGOUSDT,Sell,4.2,0.3385,MinusTick,fcf7e8e8-a176-5be6-b1db-92310459fa54,1.4217000000000003e+08,4.2,1.4217000000000002
1658103084,ALGOUSDT,Sell,106.6,0.3385,ZeroMinusTick,dbba9fd3-f5fb-50c4-a43d-066481a7e785,3.60841e+09,106.6,36.0841
1658103104,ALGOUSDT,Sell,1.8,0.3385,ZeroMinusTick,fe9899f6-2486-5954-8057-0e463cb0cb22,6.093000000000001e+07,1.8,0.6093000000000001
1658103107,ALGOUSDT,Sell,0.1,0.3385,ZeroMinusTick,4556d459-d17c-55ff-b9b7-292f273d1c2c,3.3850000000000005e+06,0.1,0.033850000000000005
1658103108,ALGOUSDT,Sell,2.5,0.3385,ZeroMinusTick,6198eaac-61af-5a35-8a6a-908c87a9b596,8.4625e+07,2.5,0.8462500000000001
1658103110,ALGOUSDT,Sell,320,0.3385,ZeroMinusTick,fa3b98cf-3fa6-52f7-8f65-9978a66aff92,1.0832e+10,320,108.32000000000001
1658103113,ALGOUSDT,Sell,2.6,0.3385,ZeroMinusTick,d2f4c8c9-bd57-545a-8b12-655d9a95d6cb,8.801000000000001e+07,2.6,0.8801000000000001
1658103121,ALGOUSDT,Buy,1474.6,0.3390,PlusTick,53cbea58-1bff-51f2-a32f-2a8edb73eae8,4.998894e+10,1474.6,499.8894
1658103184,ALGOUSDT,Buy,14.1,0.3395,PlusTick,aea76337-8416-565d-86b5-4a56337f3bc0,4.78695e+08,14.1,4.78695
1658103184,ALGOUSDT,Buy,1.1,0.3395,ZeroMinusTick,04f48e3a-06a2-552d-bf1c-f01046290720,3.734500000000001e+07,1.1,0.37345000000000006
1658103184,ALGOUSDT,Buy,0.9,0.3395,ZeroMinusTick,23c9f8af-2310-5734-943f-debac7ec1255,3.0555000000000004e+07,0.9,0.30555000000000004
1658103184,ALGOUSDT,Buy,4.1,0.3395,ZeroMinusTick,77d32a98-ce9e-517c-8448-665d59dbab59,1.39195e+08,4.1,1.39195
1658103184,ALGOUSDT,Buy,120.8,0.3395,ZeroMinusTick,09095593-2eac-5a25-970a-7e9f601e73ac,4.10116e+09,120.8,41.0116
1658103225,ALGOUSDT,Sell,1601.3,0.3390,MinusTick,9194d940-c552-56c5-96ce-782aff4298b5,5.428407e+10,1601.3,542.8407
1658103257,ALGOUSDT,Buy,1.5,0.3395,PlusTick,da8711e9-d8f4-5d9a-9a92-add66ec09ae6,5.0925e+07,1.5,0.50925
1658103355,ALGOUSDT,Sell,2151.9,0.3390,MinusTick,445f38dd-2f26-5b96-a97c-5ecf55c6d11b,7.294941000000002e+10,2151.9,729.4941000000001
1658103357,ALGOUSDT,Buy,0.3,0.3390,ZeroMinusTick,34b454cf-3a1d-50f0-b84c-18a3b40205c4,1.017e+07,0.3,0.1017
1658103374,ALGOUSDT,Sell,3743.4,0.3385,MinusTick,f535e248-da07-54ae-bfee-c288063c77c3,1.2671409000000002e+11,3743.4,1267.1409
1658103374,ALGOUSDT,Sell,21.1,0.3380,MinusTick,35e2be29-a8f2-5522-b118-099f3ee3a3ff,7.131800000000001e+08,21.1,7.131800000000001
1658103437,ALGOUSDT,Sell,0.6,0.3385,PlusTick,5f3f4cec-67f0-50f2-b81e-48389b78d49f,2.031e+07,0.6,0.2031
1658103470,ALGOUSDT,Buy,1474.4,0.3390,PlusTick,5e8e1f5e-901d-568f-9459-2ec10df021a4,4.998216000000001e+10,1474.4,499.82160000000005
1658103470,ALGOUSDT,Buy,158.3,0.3390,ZeroMinusTick,23375b41-192f-5d8b-87e8-1b266b5ae07b,5.366370000000001e+09,158.3,53.663700000000006
1658103470,ALGOUSDT,Buy,1041.7,0.3390,ZeroMinusTick,b7ee8dd7-2fb9-5491-ad2b-f5c46a568a0f,3.531363000000001e+10,1041.7,353.13630000000006
1658103483,ALGOUSDT,Sell,1000,0.3390,ZeroMinusTick,a80fcad1-b99a-5436-9d42-0af08732a3f1,3.39e+10,1000,339
1658103537,ALGOUSDT,Sell,1.6,0.3385,MinusTick,a911bded-f196-504c-8188-3df327c6b667,5.416000000000001e+07,1.6,0.5416000000000001
1658103635,ALGOUSDT,Sell,1198.4,0.3385,ZeroMinusTick,40bd530b-7dee-5431-95c5-c1b84d06adfb,4.056584000000001e+10,1198.4,405.6584000000001
1658103635,ALGOUSDT,Sell,1000,0.3385,ZeroMinusTick,686bae20-ce92-5fe0-8b6e-bfaf2e4f4cde,3.385e+10,1000,338.5
1658103702,ALGOUSDT,Buy,1200,0.3385,ZeroMinusTick,42877839-0865-5049-8407-63de152a0769,4.062000000000001e+10,1200,406.20000000000005
1658103726,ALGOUSDT,Buy,1200,0.3390,PlusTick,ed19e211-3c63-5bb8-aebf-3cd585565763,4.068e+10,1200,406.8
1658103727,ALGOUSDT,Buy,0.6,0.3395,PlusTick,58ba0b56-58f4-5ddd-a6bf-8dcda6614cc6,2.0370000000000004e+07,0.6,0.20370000000000002
1658103749,ALGOUSDT,Buy,1146.1,0.3390,MinusTick,dcc7ca48-c91d-5cb4-b18d-5add28cdb7ee,3.885279e+10,1146.1,388.5279
1658103749,ALGOUSDT,Buy,486.6,0.3390,ZeroMinusTick,10f7bdcc-ff46-560b-83fd-2602f7c8402d,1.649574e+10,486.6,164.9574
1658103749,ALGOUSDT,Buy,447.5,0.3390,ZeroMinusTick,06ca1a6f-cb7a-50e2-b49c-c5a5495e8b47,1.5170250000000002e+10,447.5,151.70250000000001
1658103749,ALGOUSDT,Buy,1026.7,0.3390,ZeroMinusTick,d37a13bf-8e80-58a3-ad61-254af03f4a52,3.480513e+10,1026.7,348.0513
1658103781,ALGOUSDT,Buy,1600.7,0.3395,PlusTick,460e3dbb-bd2f-5e0d-b333-81538034e3ac,5.434376500000001e+10,1600.7,543.4376500000001
1658103781,ALGOUSDT,Buy,247.3,0.3395,ZeroMinusTick,91af582d-241d-577b-b894-754e616945d5,8.395835000000001e+09,247.3,83.95835000000001
1658103781,ALGOUSDT,Buy,0.7,0.3395,ZeroMinusTick,afc2675a-3c87-5c39-b575-1bd3e613af99,2.3765e+07,0.7,0.23765
1658103781,ALGOUSDT,Buy,0.7,0.3395,ZeroMinusTick,5ac15e79-09ff-572b-ac83-fd1e89525b30,2.3765e+07,0.7,0.23765
1658103781,ALGOUSDT,Buy,2.7,0.3395,ZeroMinusTick,847215da-fdfc-56ee-9ad2-402d0b22bfd8,9.166500000000001e+07,2.7,0.9166500000000001
1658103792,ALGOUSDT,Sell,1580.2,0.3395,ZeroMinusTick,09983876-a3a6-5050-ae36-5e328e6b8ed5,5.364779000000001e+10,1580.2,536.4779000000001
1658103792,ALGOUSDT,Sell,296.1,0.3395,ZeroMinusTick,7a1339e9-5431-55b7-aff9-35f971d9df94,1.0052595e+10,296.1,100.52595000000001
1658103794,ALGOUSDT,Buy,1601.3,0.3395,ZeroMinusTick,85d8b08f-6f21-592e-a5ac-7e1351683bbc,5.4364135e+10,1601.3,543.64135
1658103794,ALGOUSDT,Buy,1332.1,0.3395,ZeroMinusTick,a8c6fac9-5814-51f6-9c81-e2c7659d5b01,4.5224795e+10,1332.1,452.24795
1658103794,ALGOUSDT,Buy,1,0.3395,ZeroMinusTick,b8512cfd-928b-55e8-887c-848301449f18,3.395e+07,1,0.3395
1658103827,ALGOUSDT,Sell,1.3,0.3395,ZeroMinusTick,0bb7a7d3-3319-5578-b9cb-e2f47aafb0db,4.4135e+07,1.3,0.44135
1658103840,ALGOUSDT,Sell,1600,0.3395,ZeroMinusTick,6545fb10-547a-553a-a84d-afcebdc645f9,5.432000000000001e+10,1600,543.2
1658103840,ALGOUSDT,Sell,1200,0.3395,ZeroMinusTick,1a607ea9-7e02-5032-9e60-d16555157f9a,4.074e+10,1200,407.40000000000003
1658103844,ALGOUSDT,Buy,1601.3,0.3395,ZeroMinusTick,1ded010c-ea1e-5bbf-8eb5-806f0e666e1b,5.4364135e+10,1601.3,543.64135
1658103878,ALGOUSDT,Buy,25.2,0.3400,PlusTick,346ea0d4-6e19-5dbc-a61d-570947b86cad,8.568e+08,25.2,8.568
1658103878,ALGOUSDT,Buy,56.2,0.3400,ZeroMinusTick,23817c35-cd9d-552e-8122-16e4b9592b98,1.9108000000000005e+09,56.2,19.108000000000004
1658103878,ALGOUSDT,Buy,0.8,0.3400,ZeroMinusTick,287eb983-fa63-50d7-b682-fbd89d9e51e8,2.7200000000000004e+07,0.8,0.272
1658103878,ALGOUSDT,Buy,0.9,0.3400,ZeroMinusTick,16223adf-071a-59c7-99d3-43e22db71b12,3.0600000000000004e+07,0.9,0.30600000000000005
1658103878,ALGOUSDT,Buy,3.5,0.3400,ZeroMinusTick,1f034787-9850-54ad-a1c6-5b05a799a804,1.1900000000000001e+08,3.5,1.1900000000000002
1658103878,ALGOUSDT,Buy,1114.9,0.3400,ZeroMinusTick,56b9b138-6d8e-5e35-89f0-637235ecab7a,3.79066e+10,1114.9,379.06600000000003
1658103878,ALGOUSDT,Buy,486.4,0.3400,ZeroMinusTick,5b001ea8-584d-557f-987f-a95567161adc,1.65376e+10,486.4,165.376
1658103879,ALGOUSDT,Sell,1.4,0.3400,ZeroMinusTick,1a563442-f7de-5f5d-b351-2938ef629603,4.76e+07,1.4,0.476
1658103879,ALGOUSDT,Sell,998.6,0.3400,ZeroMinusTick,e12929bd-c336-509f-8154-6cda55f527ad,3.3952400000000008e+10,998.6,339.52400000000006
1658103879,ALGOUSDT,Sell,1200,0.3400,ZeroMinusTick,a6558905-9652-5449-90fb-6139895ec21f,4.080000000000001e+10,1200,408.00000000000006
1658103900,ALGOUSDT,Buy,4330.8,0.3400,ZeroMinusTick,0995b44d-249f-565d-a30c-21b49f474e89,1.4724720000000003e+11,4330.8,1472.4720000000002
1658103900,ALGOUSDT,Buy,171.9,0.3400,ZeroMinusTick,0f5ef2df-81e5-50ec-b302-6b68391440ec,5.844600000000001e+09,171.9,58.446000000000005
1658103900,ALGOUSDT,Buy,1491.1,0.3400,ZeroMinusTick,9ddf11c2-0655-5af3-8597-daf6c0550c92,5.06974e+10,1491.1,506.974
1658103900,ALGOUSDT,Buy,1470,0.3400,ZeroMinusTick,43b7f100-a54a-5c67-bf51-50debf621dd2,4.998e+10,1470,499.8
1658103900,ALGOUSDT,Buy,1038.9,0.3400,ZeroMinusTick,b42e77c8-51e6-500c-9d6a-6e6656fc1e7a,3.532260000000001e+10,1038.9,353.22600000000006
1658103901,ALGOUSDT,Buy,1632.7,0.3400,ZeroMinusTick,bbf221e0-b5c2-5556-84b0-96e70f93087c,5.551180000000001e+10,1632.7,555.118
1658103901,ALGOUSDT,Buy,1858.2,0.3400,ZeroMinusTick,f766dfeb-bb30-5dd1-8e89-654f2d6e3083,6.31788e+10,1858.2,631.788
1658103911,ALGOUSDT,Sell,0.9,0.3400,ZeroMinusTick,9f5946eb-b3a8-5a9b-9cf3-f7f2d30510eb,3.0600000000000004e+07,0.9,0.30600000000000005
1658103916,ALGOUSDT,Sell,250,0.3400,ZeroMinusTick,b42f6007-4a67-5ffa-81e4-879e46a43416,8.5e+09,250,85
1658103936,ALGOUSDT,Sell,60,0.3400,ZeroMinusTick,72e0a0c2-b18d-56c4-b5a2-d0de1963852b,2.0400000000000002e+09,60,20.400000000000002
1658103937,ALGOUSDT,Sell,0.1,0.3400,ZeroMinusTick,cf491908-3261-5abd-9bb4-96a7556ffb7b,3.4000000000000005e+06,0.1,0.034
1658103940,ALGOUSDT,Sell,270,0.3400,ZeroMinusTick,a2a46013-656d-5df2-a586-e2f914a95b0c,9.180000000000002e+09,270,91.80000000000001
1658103948,ALGOUSDT,Sell,15.3,0.3400,ZeroMinusTick,81a13d14-6804-5467-8d8e-d804a6dbc8cd,5.2020000000000006e+08,15.3,5.202000000000001
1658103966,ALGOUSDT,Sell,310,0.3400,ZeroMinusTick,cde827cd-0967-50a3-95fd-5a892210911f,1.054e+10,310,105.4
1658104008,ALGOUSDT,Sell,2347.8,0.3400,ZeroMinusTick,b7903437-0dea-5ed4-8d68-309125d6f020,7.98252e+10,2347.8,798.2520000000001
1658104022,ALGOUSDT,Sell,1601.3,0.3395,MinusTick,58bc1952-0d21-56e7-963a-ed922338c2fe,5.4364135e+10,1601.3,543.64135
1658104022,ALGOUSDT,Sell,348.5,0.3395,ZeroMinusTick,8ad8076b-34cb-580c-a223-91b4d0e698fd,1.1831575e+10,348.5,118.31575000000001
1658104022,ALGOUSDT,Sell,698.7,0.3395,ZeroMinusTick,965198a1-f47f-5898-8d55-5052578c3dce,2.3720865000000004e+10,698.7,237.20865000000003
1658104022,ALGOUSDT,Sell,152.8,0.3395,ZeroMinusTick,fc92c79b-b95c-5c46-900c-0eeecea473df,5.187560000000001e+09,152.8,51.875600000000006
1658104022,ALGOUSDT,Sell,792.7,0.3395,ZeroMinusTick,83d71b8c-f13f-559f-81b4-f8790105200e,2.6912165000000004e+10,792.7,269.12165000000005
1658104022,ALGOUSDT,Sell,207.3,0.3395,ZeroMinusTick,d4bc45e0-2144-5059-b4c6-fcef761d212f,7.037835000000001e+09,207.3,70.37835000000001
1658104022,ALGOUSDT,Sell,1471.2,0.3395,ZeroMinusTick,45146013-7c1c-5d3e-9895-fc05037462af,4.994724000000001e+10,1471.2,499.47240000000005
1658104022,ALGOUSDT,Buy,1601.3,0.3395,ZeroMinusTick,5a359b5e-8457-592b-9f38-5714d1f7f34a,5.4364135e+10,1601.3,543.64135
1658104022,ALGOUSDT,Buy,1756.7,0.3395,ZeroMinusTick,0276a4af-b489-57cf-a3d5-85a71f169052,5.963996500000001e+10,1756.7,596.3996500000001
1658104022,ALGOUSDT,Buy,1852.7,0.3395,ZeroMinusTick,4b8e7fa8-c3fc-51de-bd78-a7f7ec01a6c1,6.289916500000001e+10,1852.7,628.99165
1658104026,ALGOUSDT,Sell,1601.3,0.3395,ZeroMinusTick,9616bcc1-1b40-510e-b91c-e0a99e994b91,5.4364135e+10,1601.3,543.64135
1658104028,ALGOUSDT,Buy,1601.3,0.3395,ZeroMinusTick,f4a328a5-f861-5fbc-a68b-8e7b6c906667,5.4364135e+10,1601.3,543.64135
1658104037,ALGOUSDT,Sell,1601.3,0.3395,ZeroMinusTick,81a2ef1d-cbf0-54b2-a10e-80ea6a622f2b,5.4364135e+10,1601.3,543.64135
1658104051,ALGOUSDT,Sell,641.3,0.3390,MinusTick,fe6f1b14-7f24-5aad-a671-67057aed98d3,2.174007e+10,641.3,217.4007
1658104051,ALGOUSDT,Sell,612.8,0.3390,ZeroMinusTick,d29156a7-37ac-5252-bf97-11cb90feb8ca,2.077392e+10,612.8,207.7392
1658104051,ALGOUSDT,Sell,219,0.3390,ZeroMinusTick,ba41a5d3-3663-5196-920d-257d59ad2e80,7.4241e+09,219,74.241
1658104051,ALGOUSDT,Sell,513.7,0.3390,ZeroMinusTick,2d3c2549-2b15-5313-ba57-d6a4afb2aa47,1.741443e+10,513.7,174.14430000000002
1658104051,ALGOUSDT,Sell,663.6,0.3390,ZeroMinusTick,5abef1d6-b416-5d7b-be78-5b907112fcc2,2.2496040000000004e+10,663.6,224.96040000000002
1658104051,ALGOUSDT,Sell,424,0.3390,ZeroMinusTick,e98c4847-781b-5416-bcbb-08a98b4fe01d,1.4373600000000002e+10,424,143.73600000000002
1658104098,ALGOUSDT,Sell,2.5,0.3390,ZeroMinusTick,395aea64-85c7-5aa1-b9bc-865bcdc4d23f,8.475e+07,2.5,0.8475
1658104137,ALGOUSDT,Sell,0.3,0.3390,ZeroMinusTick,b5bcc063-7893-5c03-944e-f790c75850d8,1.017e+07,0.3,0.1017
1658104217,ALGOUSDT,Sell,1.8,0.3385,MinusTick,8ffa52c5-9f1b-5764-b067-3171296d9e1c,6.093000000000001e+07,1.8,0.6093000000000001
1658104242,ALGOUSDT,Sell,112.1,0.3385,ZeroMinusTick,43f09dca-a0a9-5609-818e-0f304487dc36,3.794585e+09,112.1,37.94585
1658104259,ALGOUSDT,Buy,1474.6,0.3390,PlusTick,198bb678-61b8-5490-8cf5-4ae274e2cb90,4.998894e+10,1474.6,499.8894
1658104259,ALGOUSDT,Buy,63.5,0.3390,ZeroMinusTick,def8558d-587b-5e49-8525-0333e6acd6d3,2.15265e+09,63.5,21.526500000000002
1658104259,ALGOUSDT,Buy,1663,0.3390,ZeroMinusTick,07fccb91-5fcc-53ed-90a6-d24ea169a6b4,5.637570000000001e+10,1663,563.7570000000001
1658104364,ALGOUSDT,Buy,1474.6,0.3390,ZeroMinusTick,5151c6f0-230e-59f8-a7db-accd1ac1d80b,4.998894e+10,1474.6,499.8894
1658104372,ALGOUSDT,Sell,2.9,0.3390,ZeroMinusTick,5e5e9c50-2f5e-560e-aa72-97e781c6bf4f,9.831000000000001e+07,2.9,0.9831000000000001
1658104378,ALGOUSDT,Sell,1.8,0.3390,ZeroMinusTick,ebdabc14-ce6b-5d41-8c86-de6655e3141c,6.102000000000001e+07,1.8,0.6102000000000001
1658104388,ALGOUSDT,Buy,1601.3,0.3395,PlusTick,a7bbbf03-8bb9-50d7-822f-ae5b5a1801f6,5.4364135e+10,1601.3,543.64135
1658104397,ALGOUSDT,Buy,0.4,0.3400,PlusTick,48acc54c-2824-52fa-8684-02c11f6ef204,1.3600000000000002e+07,0.4,0.136
1658104397,ALGOUSDT,Sell,0.8,0.3395,MinusTick,0a1f8c17-8d30-59b1-a3f0-ccb08a1cedd8,2.716e+07,0.8,0.2716
1658104402,ALGOUSDT,Buy,1601.3,0.3400,PlusTick,6e67f722-023c-53f4-885e-6c7cec552174,5.44442e+10,1601.3,544.442
1658104432,ALGOUSDT,Sell,3477.9,0.3400,ZeroMinusTick,b6070ce6-ef4d-590c-8b21-0d2ff109dd10,1.1824860000000002e+11,3477.9,1182.486
1658104432,ALGOUSDT,Sell,1000,0.3400,ZeroMinusTick,0231452e-427f-5b1a-adde-83af0ca111ef,3.4e+10,1000,340
1658104432,ALGOUSDT,Sell,1346.7,0.3400,ZeroMinusTick,f4d8bfb8-a3ce-5849-aac9-c7be0782e2a5,4.578780000000001e+10,1346.7,457.87800000000004
1658104461,ALGOUSDT,Sell,296.1,0.3400,ZeroMinusTick,adabb1de-6dc6-5d2c-85ed-b299b9ef12d9,1.0067400000000002e+10,296.1,100.67400000000002
1658104462,ALGOUSDT,Buy,1632.7,0.3400,ZeroMinusTick,25f7ba16-baf2-5d68-9ad0-b502ac7a4489,5.551180000000001e+10,1632.7,555.118
1658104462,ALGOUSDT,Buy,1632.7,0.3400,ZeroMinusTick,a7bf9263-0f68-5310-ac96-45b3b09b4edd,5.551180000000001e+10,1632.7,555.118
1658104470,ALGOUSDT,Sell,2.8,0.3400,ZeroMinusTick,29da6270-d311-5786-bcd8-fa478bbdc640,9.52e+07,2.8,0.952
1658104547,ALGOUSDT,Buy,1.5,0.3400,ZeroMinusTick,d4a951d8-32c2-57aa-9a62-c87699800585,5.1e+07,1.5,0.51
1658104604,ALGOUSDT,Sell,1601.3,0.3395,MinusTick,6cd11bb5-c7d7-5075-ac5c-c7fb2252f7a2,5.4364135e+10,1601.3,543.64135
1658104604,ALGOUSDT,Sell,923.1,0.3395,ZeroMinusTick,6260dfff-9269-5766-91c8-23b923bb4eeb,3.1339245000000004e+10,923.1,313.39245000000005
1658104604,ALGOUSDT,Sell,76.9,0.3395,ZeroMinusTick,f8e5940b-d379-5d98-a8d7-2a397033b05f,2.6107550000000005e+09,76.9,26.107550000000003
1658104630,ALGOUSDT,Sell,1000,0.3390,MinusTick,d78abc8d-4ca5-5dae-8a39-d1b3df21b2c8,3.39e+10,1000,339
1658104630,ALGOUSDT,Sell,515.2,0.3390,ZeroMinusTick,d47eff75-e320-5735-807f-fc18ee800a19,1.746528e+10,515.2,174.6528
1658104632,ALGOUSDT,Sell,1473.3,0.3390,ZeroMinusTick,a1fb1398-da25-5a01-b31e-895ca74a29a4,4.994487e+10,1473.3,499.44870000000003
1658104632,ALGOUSDT,Sell,159.4,0.3390,ZeroMinusTick,d775cfa1-fb75-5e12-a42a-e2246937671f,5.403660000000001e+09,159.4,54.03660000000001
1658104632,ALGOUSDT,Sell,1441.9,0.3390,ZeroMinusTick,16f0ee25-2a63-5f9e-b82c-3d8f38ca6437,4.888041000000001e+10,1441.9,488.80410000000006
1658104654,ALGOUSDT,Sell,27.2,0.3385,MinusTick,24a4a915-8f06-54e7-8750-9ef2b5289091,9.2072e+08,27.2,9.2072
1658104654,ALGOUSDT,Sell,14.7,0.3385,ZeroMinusTick,3e0d572b-b62f-5ed6-917d-f7db9f1389d4,4.97595e+08,14.7,4.97595
1658104654,ALGOUSDT,Sell,0.7,0.3385,ZeroMinusTick,c035f64b-d1d7-5f16-8f46-894b9d239a9c,2.3695e+07,0.7,0.23695
1658104654,ALGOUSDT,Sell,0.6,0.3385,ZeroMinusTick,bf81534e-4457-5250-b9c3-16d0dbc885d6,2.031e+07,0.6,0.2031
1658104654,ALGOUSDT,Sell,2.8,0.3385,ZeroMinusTick,0d0865cf-1f91-5231-b3e7-4cbbddada73e,9.478e+07,2.8,0.9478
1658104677,ALGOUSDT,Buy,0.2,0.3385,ZeroMinusTick,0fe3188f-df49-52e5-aa34-ac2ceabb61ab,6.770000000000001e+06,0.2,0.06770000000000001
1658104683,ALGOUSDT,Buy,29.4,0.3385,ZeroMinusTick,dbc8c0da-b0ee-5722-a1e5-8146a19d3055,9.9519e+08,29.4,9.9519
1658104698,ALGOUSDT,Buy,29.4,0.3385,ZeroMinusTick,66e4a560-97ba-5cad-a1ed-ff89edcf6653,9.9519e+08,29.4,9.9519
1658104787,ALGOUSDT,Buy,0.5,0.3385,ZeroMinusTick,b0c3511f-50ac-583e-a028-0088e8f26111,1.6925e+07,0.5,0.16925
1658104827,ALGOUSDT,Sell,1580.2,0.3380,MinusTick,ed09b38f-01f3-5f25-a6ba-91093c85a28c,5.341076000000001e+10,1580.2,534.1076
1658104827,ALGOUSDT,Sell,9.1,0.3380,ZeroMinusTick,4ebce607-38f6-5a06-9261-fb607c044683,3.0758e+08,9.1,3.0758
1658104827,ALGOUSDT,Sell,0.9,0.3380,ZeroMinusTick,9e551060-6c77-5cd4-8cae-9c7dcc138b4b,3.0420000000000004e+07,0.9,0.3042
1658104827,ALGOUSDT,Sell,3.5,0.3380,ZeroMinusTick,3505f504-8799-5892-ad59-bcd06b29744b,1.183e+08,3.5,1.183
1658104827,ALGOUSDT,Sell,0.8,0.3380,ZeroMinusTick,2df17d38-1870-5918-8557-5075f93484f9,2.7040000000000004e+07,0.8,0.27040000000000003
1658104827,ALGOUSDT,Sell,1477.7,0.3380,ZeroMinusTick,c16e0b40-4d4a-5f83-8798-a510125aee5a,4.994626000000001e+10,1477.7,499.46260000000007
1658104847,ALGOUSDT,Sell,0.9,0.3380,ZeroMinusTick,b5911b20-3eb9-5a0c-97c5-27f867ef17e1,3.0420000000000004e+07,0.9,0.3042
1658104850,ALGOUSDT,Buy,1,0.3380,ZeroMinusTick,d8cd4900-f4a9-5dbd-802c-ea884c1969d4,3.38e+07,1,0.338
1658104851,ALGOUSDT,Buy,0.6,0.3380,ZeroMinusTick,6c9cc75d-f79d-5da7-b52b-f9f2f9572962,2.028e+07,0.6,0.2028
1658104899,ALGOUSDT,Sell,1632.7,0.3380,ZeroMinusTick,8c1e2714-fb12-5971-b739-b2ed5fd6a906,5.518526000000001e+10,1632.7,551.8526
1658104916,ALGOUSDT,Buy,1000,0.3380,ZeroMinusTick,ee4199f0-cc92-560f-8f8b-1a2ff20ff0c6,3.38e+10,1000,338
1658104916,ALGOUSDT,Buy,1478.9,0.3380,ZeroMinusTick,7e7c1d20-ee24-5293-be29-dac004ab99ed,4.998682000000001e+10,1478.9,499.86820000000006
1658104987,ALGOUSDT,Sell,0.1,0.3380,ZeroMinusTick,74f1e11e-37f7-5a45-9b05-a90d036fa464,3.3800000000000005e+06,0.1,0.033800000000000004
1658105031,ALGOUSDT,Sell,0.7,0.3375,MinusTick,335352e7-8d7a-52f5-867d-5a917e80bb97,2.3625e+07,0.7,0.23625
1658105031,ALGOUSDT,Sell,1.2,0.3375,ZeroMinusTick,33ca2350-1590-51e7-9aa6-1b8f5e782e11,4.05e+07,1.2,0.405
1658105031,ALGOUSDT,Sell,5.8,0.3375,ZeroMinusTick,d08451df-b195-5962-9d00-4cfa085d5f95,1.9575e+08,5.8,1.9575
1658105031,ALGOUSDT,Sell,4.1,0.3375,ZeroMinusTick,63b6a46d-dbcd-511d-b022-d4887ce65436,1.38375e+08,4.1,1.38375
1658105035,ALGOUSDT,Sell,3860.4,0.3375,ZeroMinusTick,036828da-f917-5cf4-b79a-885f815e162a,1.3028850000000002e+11,3860.4,1302.8850000000002
1658105036,ALGOUSDT,Sell,1663,0.3375,ZeroMinusTick,9a3a4a14-0f93-5d48-a815-4beda5ab79b8,5.612625000000001e+10,1663,561.2625
1658105036,ALGOUSDT,Sell,1663,0.3375,ZeroMinusTick,cae6632d-651a-5d61-af88-1bfb778f1db0,5.612625000000001e+10,1663,561.2625
1658105036,ALGOUSDT,Sell,1088.9,0.3375,ZeroMinusTick,833a7f8a-f77b-5bbb-99a5-4a7acfc6e729,3.675037500000001e+10,1088.9,367.5037500000001
1658105114,ALGOUSDT,Buy,1000,0.3375,ZeroMinusTick,36a0861a-bbff-5ecf-b260-db8b16b0e2b2,3.375e+10,1000,337.5
1658105114,ALGOUSDT,Buy,1632.7,0.3375,ZeroMinusTick,11a53521-b553-55c1-a127-ca1df783d463,5.5103625e+10,1632.7,551.03625
1658105114,ALGOUSDT,Sell,3358,0.3375,ZeroMinusTick,a836e930-28d7-5f9e-949e-9aee8e09718e,1.133325e+11,3358,1133.325
1658105114,ALGOUSDT,Sell,377.9,0.3375,ZeroMinusTick,0031a4be-e1dc-58e7-b737-543b844f0483,1.2754125e+10,377.9,127.54125
1658105137,ALGOUSDT,Buy,1.6,0.3380,PlusTick,ea0e8298-657c-5120-a695-b0bf98d68867,5.408000000000001e+07,1.6,0.5408000000000001
1658105317,ALGOUSDT,Buy,1.4,0.3375,MinusTick,81748b21-6dcd-5fcc-ab2e-12bd52ce6699,4.725e+07,1.4,0.4725
1658105355,ALGOUSDT,Buy,1200,0.3375,ZeroMinusTick,641e53bd-15a4-529f-bc20-23be758bdb91,4.05e+10,1200,405
1658105358,ALGOUSDT,Sell,140,0.3375,ZeroMinusTick,47e12468-559b-57db-8dbe-0d3e7c072a57,4.725e+09,140,47.25
1658105373,ALGOUSDT,Sell,2.8,0.3375,ZeroMinusTick,205d64d1-d352-5509-ab89-c411414edbd8,9.45e+07,2.8,0.945
1658105386,ALGOUSDT,Buy,3358,0.3375,ZeroMinusTick,d8ab8f63-df2f-5fd1-b060-fcdef1c0c068,1.133325e+11,3358,1133.325
1658105386,ALGOUSDT,Buy,1361.6,0.3375,ZeroMinusTick,c2b8c6ed-3ca8-50cc-8175-77409a307679,4.5954e+10,1361.6,459.54
1658105386,ALGOUSDT,Buy,301.4,0.3375,ZeroMinusTick,b32150dd-10f4-5c47-a41d-12ebbfc5904a,1.017225e+10,301.4,101.7225
1658105386,ALGOUSDT,Buy,1632.7,0.3375,ZeroMinusTick,010b7b5a-4a81-5b88-b9b5-20b631ff3777,5.5103625e+10,1632.7,551.03625
1658105386,ALGOUSDT,Buy,1000,0.3375,ZeroMinusTick,81511635-229d-5f25-bf4b-a7b9f3a0c4a7,3.375e+10,1000,337.5
1658105386,ALGOUSDT,Buy,1477.2,0.3380,PlusTick,0c0b81a2-1622-55ef-9ec4-0a956869ff08,4.992936e+10,1477.2,499.2936
1658105386,ALGOUSDT,Buy,1200,0.3380,ZeroMinusTick,4684dd52-19d0-5d3f-9a7d-ad8ed870990f,4.056e+10,1200,405.6
1658105386,ALGOUSDT,Buy,296.1,0.3380,ZeroMinusTick,a0546fe3-21de-5844-987e-ea5ceec1fd9a,1.0008180000000002e+10,296.1,100.08180000000002
1658105386,ALGOUSDT,Buy,1026.7,0.3380,ZeroMinusTick,d226e056-2f41-5824-a6e1-a91ecf26513c,3.470246e+10,1026.7,347.0246
1658105386,ALGOUSDT,Buy,2331.3,0.3380,ZeroMinusTick,a1c74b95-44d8-5c44-801a-1d8959e51269,7.879794000000002e+10,2331.3,787.9794000000002
1658105387,ALGOUSDT,Buy,1000,0.3380,ZeroMinusTick,ab74ba94-d761-52cd-88e6-fde2afdfbf56,3.38e+10,1000,338
1658105387,ALGOUSDT,Buy,1826.5,0.3380,ZeroMinusTick,eb8308bf-2541-5852-b675-532fa963c115,6.173570000000001e+10,1826.5,617.3570000000001
1658105427,ALGOUSDT,Buy,1.3,0.3380,ZeroMinusTick,058621ac-0227-5b82-b86b-50148377990c,4.394000000000001e+07,1.3,0.43940000000000007
1658105435,ALGOUSDT,Sell,220,0.3380,ZeroMinusTick,48187096-702c-5ecf-a2b3-339549f133f1,7.436e+09,220,74.36
1658105439,ALGOUSDT,Buy,29.5,0.3380,ZeroMinusTick,0f8b4288-a261-5ec4-b434-9c243a7179be,9.971e+08,29.5,9.971
1658105452,ALGOUSDT,Buy,29.5,0.3380,ZeroMinusTick,88412613-feae-52ad-b11d-1002637ebbb3,9.971e+08,29.5,9.971
1658105493,ALGOUSDT,Sell,2.9,0.3380,ZeroMinusTick,8997a91a-90f3-5b75-8cb8-ec785e4cfd0a,9.802e+07,2.9,0.9802000000000001
1658105504,ALGOUSDT,Sell,250,0.3380,ZeroMinusTick,403c1ccc-63e1-5cba-895b-27b8bda2ace6,8.45e+09,250,84.5
1658105507,ALGOUSDT,Sell,0.5,0.3375,MinusTick,82c692a8-4156-5d47-809d-a1ca8527375b,1.6875e+07,0.5,0.16875
1658105521,ALGOUSDT,Sell,3999.5,0.3375,ZeroMinusTick,186b5311-91db-5370-9909-29fd36269b77,1.3498312500000002e+11,3999.5,1349.8312500000002
1658105521,ALGOUSDT,Sell,1000.5,0.3375,ZeroMinusTick,cd8287c3-231f-52a1-b44e-4b40c57d4e56,3.3766875000000004e+10,1000.5,337.66875000000005
1658105565,ALGOUSDT,Sell,4.4,0.3380,PlusTick,338fd5dc-0e5e-5fa7-bbe1-47eee597436e,1.4872000000000003e+08,4.4,1.4872000000000003
1658105607,ALGOUSDT,Buy,1.4,0.3380,ZeroMinusTick,91d44078-12ff-5b28-bd17-b07a75d10fd8,4.732e+07,1.4,0.4732
1658105680,ALGOUSDT,Buy,684.5,0.3375,MinusTick,b8cc8426-f46a-5cd8-80d6-0f46f78e4299,2.3101875e+10,684.5,231.01875
1658105680,ALGOUSDT,Buy,515.5,0.3375,ZeroMinusTick,85a62e90-ef7a-5015-b4c6-9616968fda92,1.7398125e+10,515.5,173.98125000000002
1658105707,ALGOUSDT,Sell,0.6,0.3375,ZeroMinusTick,bcb382b0-e4a2-5c83-a2fe-76f2a3157223,2.025e+07,0.6,0.2025
1658105850,ALGOUSDT,Buy,1000,0.3385,PlusTick,b69ca9cd-d916-57cb-ac8e-02db241764c0,3.385e+10,1000,338.5
1658105855,ALGOUSDT,Buy,0.8,0.3385,ZeroMinusTick,3b2f42c7-df1b-539b-a3f9-c9d9fa1db72b,2.7080000000000004e+07,0.8,0.27080000000000004
1658105855,ALGOUSDT,Buy,2.6,0.3385,ZeroMinusTick,eb8c7f81-0220-51d1-afbd-da2ba8169ce7,8.801000000000001e+07,2.6,0.8801000000000001
1658105855,ALGOUSDT,Buy,1200,0.3385,ZeroMinusTick,e63a885c-1e58-5a9a-a1a4-0e7eeb733811,4.062000000000001e+10,1200,406.20000000000005
1658105857,ALGOUSDT,Buy,0.2,0.3390,PlusTick,765168e0-1d4e-5ec4-9a64-40965e0f2d59,6.780000000000001e+06,0.2,0.06780000000000001
1658105897,ALGOUSDT,Sell,1200,0.3380,MinusTick,3ae72edb-670d-580f-979b-4fcecb6d9bc3,4.056e+10,1200,405.6
1658105897,ALGOUSDT,Sell,1663,0.3380,ZeroMinusTick,422f3408-c3c5-5430-a762-0b9e60f0cefd,5.620940000000001e+10,1663,562.094
1658105906,ALGOUSDT,Sell,2.9,0.3380,ZeroMinusTick,fa44ae25-574a-53a5-84dc-5ad3415a9e63,9.802e+07,2.9,0.9802000000000001
1658105910,ALGOUSDT,Sell,3.9,0.3380,ZeroMinusTick,b3ad064a-2b89-5d55-b4ee-3dfe6d60653e,1.3182e+08,3.9,1.3182
1658105919,ALGOUSDT,Sell,3.9,0.3380,ZeroMinusTick,52bb706b-d5c7-5bf8-95c2-d4c85ad82a1e,1.3182e+08,3.9,1.3182
1658105929,ALGOUSDT,Sell,170,0.3380,ZeroMinusTick,bfb9bb88-11fd-5ff0-a60d-3aef01585bae,5.746e+09,170,57.46
1658105937,ALGOUSDT,Sell,0.3,0.3380,ZeroMinusTick,276a9961-7d62-5d01-8519-52fb7ee0a6da,1.014e+07,0.3,0.1014
1658105953,ALGOUSDT,Sell,3.3,0.3380,ZeroMinusTick,e1d6734e-d31b-51d9-a2ae-f87112de90de,1.1154e+08,3.3,1.1154
1658105953,ALGOUSDT,Sell,815.7,0.3380,ZeroMinusTick,f5a68999-d79e-5961-ae88-b16f87917568,2.7570660000000004e+10,815.7,275.70660000000004
1658105953,ALGOUSDT,Sell,2094.4,0.3380,ZeroMinusTick,aaf2b1ba-8cc7-52bc-9a58-bf4afc52bbd1,7.079072000000002e+10,2094.4,707.9072000000001
1658105953,ALGOUSDT,Sell,296.1,0.3380,ZeroMinusTick,36523ce2-c195-5351-8744-4311b30656ce,1.0008180000000002e+10,296.1,100.08180000000002
1658105978,ALGOUSDT,Sell,0.6,0.3380,ZeroMinusTick,9a1ce1d0-ad8e-5337-887f-0970789698a4,2.028e+07,0.6,0.2028
1658105987,ALGOUSDT,Sell,20,0.3380,ZeroMinusTick,cd24ebcc-d390-5497-811e-31371dff5fd0,6.760000000000001e+08,20,6.760000000000001
1658105993,ALGOUSDT,Sell,240,0.3380,ZeroMinusTick,c7088917-8774-5428-82e4-9a9393fac1fe,8.112e+09,240,81.12
1658106004,ALGOUSDT,Sell,1.5,0.3380,ZeroMinusTick,730a0812-23ce-55a9-8c95-22043fb84dfe,5.07e+07,1.5,0.507
1658106011,ALGOUSDT,Sell,3.7,0.3380,ZeroMinusTick,6de85059-54a2-545d-98d2-2a73c0e48e7e,1.2506000000000001e+08,3.7,1.2506000000000002
1658106013,ALGOUSDT,Sell,0.3,0.3380,ZeroMinusTick,2b80d5de-447d-5998-b417-396b63c8aeb6,1.014e+07,0.3,0.1014
1658106023,ALGOUSDT,Sell,2.3,0.3380,ZeroMinusTick,1c95c076-b4eb-5e59-849a-b788a00869d4,7.774e+07,2.3,0.7774
1658106034,ALGOUSDT,Sell,160,0.3380,ZeroMinusTick,eaaa08fa-e93b-58e9-b55a-ff1cd305b199,5.408000000000001e+09,160,54.080000000000005
1658106036,ALGOUSDT,Sell,18.5,0.3380,ZeroMinusTick,96e0d3ec-a3a1-5c0d-9faa-1d12b1d4044a,6.253e+08,18.5,6.253
1658106037,ALGOUSDT,Buy,1,0.3385,PlusTick,888c64fe-d7d4-58f2-91df-b698b99e7243,3.385e+07,1,0.3385
1658106049,ALGOUSDT,Sell,3.7,0.3380,MinusTick,d81f9e67-1d63-5a01-bda1-9aab173fe1c0,1.2506000000000001e+08,3.7,1.2506000000000002
1658106052,ALGOUSDT,Sell,2.8,0.3380,ZeroMinusTick,626c5ff1-771f-50f5-9823-9a00a369f79e,9.464e+07,2.8,0.9464
1658106068,ALGOUSDT,Sell,20,0.3380,ZeroMinusTick,af5491bb-183d-5680-899b-bb5f8565d6d3,6.760000000000001e+08,20,6.760000000000001
1658106069,ALGOUSDT,Buy,34.7,0.3385,PlusTick,61d37630-eafa-5056-8836-e843bd58992b,1.1745950000000002e+09,34.7,11.745950000000002
1658106082,ALGOUSDT,Buy,223,0.3390,PlusTick,9f5950b0-5e78-5065-8dcc-7b5dab74a03b,7.559700000000001e+09,223,75.59700000000001
1658106082,ALGOUSDT,Buy,1,0.3390,ZeroMinusTick,de5a8622-63bb-59b7-8e46-4fa5e384ede4,3.39e+07,1,0.339
1658106082,ALGOUSDT,Buy,0.6,0.3390,ZeroMinusTick,9cc87b0d-4045-5f2b-84cf-66e43e0bf013,2.034e+07,0.6,0.2034
1658106082,ALGOUSDT,Buy,1,0.3390,ZeroMinusTick,3b7d2b10-0002-5270-8b40-f9ce1f93ca0e,3.39e+07,1,0.339
1658106082,ALGOUSDT,Buy,3.5,0.3390,ZeroMinusTick,29e60c70-c54f-5fa7-aab6-c96d2fa8fb86,1.1865000000000001e+08,3.5,1.1865
1658106096,ALGOUSDT,Sell,32.4,0.3390,ZeroMinusTick,0e2964bc-e474-551b-854c-b810aff583a9,1.09836e+09,32.4,10.983600000000001
1658106113,ALGOUSDT,Buy,1601.3,0.3395,PlusTick,f9b88150-4689-52ce-98e4-b0424c3741dd,5.4364135e+10,1601.3,543.64135
1658106113,ALGOUSDT,Buy,1.1,0.3395,ZeroMinusTick,b38313fe-9a80-5aa0-a501-3b0b9964acb5,3.734500000000001e+07,1.1,0.37345000000000006
1658106113,ALGOUSDT,Buy,0.9,0.3395,ZeroMinusTick,b2a29ecf-4543-5b61-8b38-311cf039df5f,3.0555000000000004e+07,0.9,0.30555000000000004
1658106113,ALGOUSDT,Buy,4,0.3395,ZeroMinusTick,7fc5c2b4-226b-591e-ba31-f693e9e6fa78,1.358e+08,4,1.358
1658106125,ALGOUSDT,Sell,0.7,0.3395,ZeroMinusTick,c24d93c5-8d6f-5fc3-9bbe-a0aeb0dd908a,2.3765e+07,0.7,0.23765
1658106127,ALGOUSDT,Sell,2.7,0.3395,ZeroMinusTick,1d441e27-7b7d-58b1-9234-04cd43a44cfb,9.166500000000001e+07,2.7,0.9166500000000001
1658106157,ALGOUSDT,Sell,1.7,0.3395,ZeroMinusTick,9fc06e9f-392c-55d4-880c-ef806ff97010,5.771500000000001e+07,1.7,0.57715
1658106187,ALGOUSDT,Sell,1627.6,0.3395,ZeroMinusTick,1ff2c273-f983-5b9f-a666-b85347cc98ad,5.525702e+10,1627.6,552.5702
1658106187,ALGOUSDT,Sell,1663,0.3395,ZeroMinusTick,98ed5cfc-c484-57be-9669-7457e517899d,5.645885000000001e+10,1663,564.5885000000001
1658106187,ALGOUSDT,Sell,296.1,0.3395,ZeroMinusTick,651b49a1-caf7-5100-ace9-8272b1686a42,1.0052595e+10,296.1,100.52595000000001
1658106276,ALGOUSDT,Sell,350,0.3395,ZeroMinusTick,359b04bd-3192-50d6-807b-47de6db5e712,1.18825e+10,350,118.825
1658106288,ALGOUSDT,Sell,0.5,0.3395,ZeroMinusTick,9ba78af6-cc61-5289-9f40-a77a760a6d6e,1.6975e+07,0.5,0.16975
1658106299,ALGOUSDT,Sell,130,0.3395,ZeroMinusTick,109010d9-8d08-5c82-8078-a1d2ce7d4cdb,4.413500000000001e+09,130,44.135000000000005
1658106307,ALGOUSDT,Buy,1.9,0.3400,PlusTick,fa6475f0-508d-577a-acd5-40499be3b17c,6.46e+07,1.9,0.646
1658106312,ALGOUSDT,Sell,36.2,0.3395,MinusTick,3b215197-0b18-56f7-8202-93a9f776c9d9,1.22899e+09,36.2,12.289900000000001
1658106315,ALGOUSDT,Sell,483.3,0.3395,ZeroMinusTick,7fdc0548-e26b-5776-8bb5-51880f8b7903,1.6408035000000002e+10,483.3,164.08035
1658106315,ALGOUSDT,Sell,2156.5,0.3395,ZeroMinusTick,9a4bec30-39b7-53be-8568-050c17d5c6a2,7.3213175e+10,2156.5,732.13175
1658106315,ALGOUSDT,Sell,1362.1,0.3395,ZeroMinusTick,016cf39a-cbb0-5bfe-91af-35589c0c6e3b,4.6243295e+10,1362.1,462.43295
1658106331,ALGOUSDT,Buy,3365.3,0.3395,ZeroMinusTick,90cba022-8b20-5ea9-afc0-719cce4e9850,1.14251935e+11,3365.3,1142.51935
1658106345,ALGOUSDT,Sell,170,0.3395,ZeroMinusTick,3d393684-40fe-5cef-87b5-c86c4d9c49a4,5.7715e+09,170,57.715
1658106352,ALGOUSDT,Sell,2.3,0.3395,ZeroMinusTick,fe83f60b-e797-59de-8185-6beef4d75809,7.8085e+07,2.3,0.78085
1658106354,ALGOUSDT,Sell,0.6,0.3395,ZeroMinusTick,37158d6b-ce44-5d20-92a4-69f8c573ab7c,2.0370000000000004e+07,0.6,0.20370000000000002
1658106360,ALGOUSDT,Sell,0.6,0.3395,ZeroMinusTick,ccded04d-42f3-50f6-bc7d-ad87cd905292,2.0370000000000004e+07,0.6,0.20370000000000002
1658106362,ALGOUSDT,Sell,1.1,0.3395,ZeroMinusTick,3e321307-47ea-55d2-acc5-3665e53bc092,3.734500000000001e+07,1.1,0.37345000000000006
1658106382,ALGOUSDT,Sell,37.6,0.3395,ZeroMinusTick,c60df269-cfa1-59d4-b2c3-f63912058d3a,1.2765200000000002e+09,37.6,12.765200000000002
1658106390,ALGOUSDT,Sell,2.7,0.3395,ZeroMinusTick,455aa129-4820-5cfa-b8bf-2f9878936a90,9.166500000000001e+07,2.7,0.9166500000000001
1658106397,ALGOUSDT,Sell,5.2,0.3395,ZeroMinusTick,a31204cb-ee33-5c7b-a9ed-a398226b494a,1.7654e+08,5.2,1.7654
1658106398,ALGOUSDT,Sell,779.9,0.3395,ZeroMinusTick,50abded1-3fbe-5cc0-b212-fa889950b0dc,2.6477605e+10,779.9,264.77605
1658106398,ALGOUSDT,Sell,3098.2,0.3395,ZeroMinusTick,f5607624-e412-5420-8f2b-8a1aa3c1d9da,1.0518389e+11,3098.2,1051.8389
1658106398,ALGOUSDT,Sell,1511.7,0.3395,ZeroMinusTick,dcc23012-5403-5b77-9287-32f11e01dcbc,5.132221500000001e+10,1511.7,513.22215
1658106399,ALGOUSDT,Sell,889.9,0.3395,ZeroMinusTick,7368c318-9882-591d-b667-2cafa67c2c6e,3.0212105000000004e+10,889.9,302.12105
1658106399,ALGOUSDT,Sell,900.2,0.3395,ZeroMinusTick,5453f4ae-26e7-5a7a-bd2c-e4b072e0f430,3.0561790000000004e+10,900.2,305.6179
1658106399,ALGOUSDT,Sell,1632.7,0.3395,ZeroMinusTick,6c268bd5-eeb6-5049-b72e-86539df1706a,5.543016500000001e+10,1632.7,554.3016500000001
1658106399,ALGOUSDT,Sell,928.3,0.3395,ZeroMinusTick,031a15e0-1acf-5977-b05e-9010a0696576,3.1515785e+10,928.3,315.15785
1658106437,ALGOUSDT,Buy,1.7,0.3395,ZeroMinusTick,89ef7379-f00e-5517-9ecd-4d3857fcfdbe,5.771500000000001e+07,1.7,0.57715
1658106468,ALGOUSDT,Buy,998.5,0.3400,PlusTick,2e0f3bf4-b599-511c-a338-ce50e342a84c,3.3949e+10,998.5,339.49
1658106468,ALGOUSDT,Buy,1601.3,0.3400,ZeroMinusTick,e892c668-35b0-5624-965f-4bafb328ee28,5.44442e+10,1601.3,544.442
1658106468,ALGOUSDT,Buy,1,0.3400,ZeroMinusTick,4f627b0c-5c47-5c46-8032-07174bc413d7,3.4e+07,1,0.34
1658106468,ALGOUSDT,Buy,3.4,0.3400,ZeroMinusTick,63443852-770b-525f-9c9f-ae1de6ce85aa,1.1560000000000001e+08,3.4,1.1560000000000001
1658106468,ALGOUSDT,Buy,0.8,0.3400,ZeroMinusTick,ed8e448b-a98e-5c53-8e2d-bff7628b2782,2.7200000000000004e+07,0.8,0.272
1658106501,ALGOUSDT,Sell,1601.3,0.3400,ZeroMinusTick,74c7d687-c91f-5ef1-8aab-38709efbbcc4,5.44442e+10,1601.3,544.442
1658106514,ALGOUSDT,Buy,31.4,0.3400,ZeroMinusTick,1f81d87e-b3ec-50d6-ae43-41fea35ba773,1.0676e+09,31.4,10.676
1658106514,ALGOUSDT,Buy,1601.3,0.3400,ZeroMinusTick,167f0042-1b57-5978-b776-4a71a0a1265e,5.44442e+10,1601.3,544.442
1658106514,ALGOUSDT,Buy,1470.1,0.3400,ZeroMinusTick,64c6eb90-cd8c-5066-8064-92b6bb970015,4.99834e+10,1470.1,499.834
1658106514,ALGOUSDT,Buy,1663,0.3400,ZeroMinusTick,f3c3eca9-8497-5460-8876-c9caa17ea02c,5.654200000000001e+10,1663,565.4200000000001
1658106514,ALGOUSDT,Buy,139,0.3405,PlusTick,81621fba-bc5c-5aa5-a863-4a51affb4eb1,4.73295e+09,139,47.3295
1658106514,ALGOUSDT,Buy,59.7,0.3405,ZeroMinusTick,ddc986fd-c4fb-5b09-bc95-07d39d71f76a,2.0327850000000002e+09,59.7,20.32785
1658106514,ALGOUSDT,Buy,1632.7,0.3405,ZeroMinusTick,50bcacd7-ca61-505a-af26-baddcf88aa9d,5.559343500000001e+10,1632.7,555.9343500000001
1658106514,ALGOUSDT,Buy,4583,0.3405,ZeroMinusTick,ffb5a24f-32c4-5245-8706-999ebaeb2108,1.5605115e+11,4583,1560.5115
1658106514,ALGOUSDT,Buy,6000,0.3405,ZeroMinusTick,570d5337-ac46-517d-8d96-32f7e2a0c061,2.0430000000000003e+11,6000,2043.0000000000002
1658106514,ALGOUSDT,Buy,4461,0.3405,ZeroMinusTick,7583d1b2-ae84-58d1-9634-8d226a12cba8,1.5189705e+11,4461,1518.9705000000001
1658106514,ALGOUSDT,Buy,216.8,0.3405,ZeroMinusTick,57f2f137-5666-5929-9d97-9939f9e01563,7.382040000000001e+09,216.8,73.8204
1658106514,ALGOUSDT,Buy,2146.1,0.3405,ZeroMinusTick,c2e9b9fb-1b91-5b7c-bd00-47f33d6bbe9f,7.3074705e+10,2146.1,730.7470500000001
1658106514,ALGOUSDT,Buy,1200,0.3405,ZeroMinusTick,d567416f-2186-595b-975f-6019ba982f83,4.086e+10,1200,408.6
1658106514,ALGOUSDT,Buy,1.1,0.3405,ZeroMinusTick,6aa96f0f-1346-5f96-8349-f4ae7b0e6597,3.745500000000001e+07,1.1,0.37455000000000005
1658106514,ALGOUSDT,Buy,0.9,0.3405,ZeroMinusTick,21541362-34d2-531b-993c-1abad7e600e8,3.0645000000000004e+07,0.9,0.30645000000000006
1658106514,ALGOUSDT,Buy,4,0.3405,ZeroMinusTick,44f19ad0-711d-5c5c-a10d-b0d753dc4faa,1.362e+08,4,1.362
1658106514,ALGOUSDT,Buy,12857.5,0.3405,ZeroMinusTick,ab63573a-a685-5e65-ab6c-0005e156c4a9,4.37797875e+11,12857.5,4377.97875
1658106514,ALGOUSDT,Buy,587.7,0.3405,ZeroMinusTick,65ee1203-f37a-55c9-94a3-a8b962aac33b,2.0011185000000004e+10,587.7,200.11185000000003
1658106514,ALGOUSDT,Buy,1344.7,0.3405,ZeroMinusTick,0547b305-30cd-5bc5-afd0-c640668cccbc,4.5787035e+10,1344.7,457.87035000000003
1658106544,ALGOUSDT,Sell,476.3,0.3400,MinusTick,ccfeb131-ce15-5b9c-bcbd-f9cb9eb09d79,1.61942e+10,476.3,161.942
1658106544,ALGOUSDT,Sell,578.2,0.3400,ZeroMinusTick,81b479e0-623e-57ea-b588-0d925278aabc,1.9658800000000004e+10,578.2,196.58800000000002
1658106544,ALGOUSDT,Sell,546.8,0.3400,ZeroMinusTick,ff62c789-2ff1-56a3-8d47-4b71815a1049,1.85912e+10,546.8,185.912
1658106557,ALGOUSDT,Buy,1.2,0.3400,ZeroMinusTick,a6cb3ccf-cd01-5ad1-a89a-4435b8b42032,4.08e+07,1.2,0.40800000000000003
1658106560,ALGOUSDT,Buy,1600.1,0.3400,ZeroMinusTick,f7ff82dd-2a0f-55e9-9bf2-da832bb0f502,5.44034e+10,1600.1,544.034
1658106560,ALGOUSDT,Buy,32.6,0.3400,ZeroMinusTick,58642196-f8f2-5ae0-8d03-661c49c688d3,1.1084000000000002e+09,32.6,11.084000000000001
1658106560,ALGOUSDT,Buy,1437.5,0.3400,ZeroMinusTick,d44510bf-6eb5-5646-b6a0-1d9509d2217b,4.887500000000001e+10,1437.5,488.75000000000006
1658106560,ALGOUSDT,Buy,1663,0.3400,ZeroMinusTick,ca6f9e58-45bd-572a-a753-041b6725114d,5.654200000000001e+10,1663,565.4200000000001
1658106647,ALGOUSDT,Sell,0.8,0.3400,ZeroMinusTick,bd070c38-19fe-5a60-80f5-a06e1d61f23b,2.7200000000000004e+07,0.8,0.272
1658106675,ALGOUSDT,Buy,1580.2,0.3405,PlusTick,a14cc333-0cdd-576a-93af-6696f9d35930,5.380581000000001e+10,1580.2,538.0581000000001
1658106675,ALGOUSDT,Buy,0.7,0.3405,ZeroMinusTick,0664838e-ac42-56f8-bee2-fa3fea35d8aa,2.3835e+07,0.7,0.23835
1658106675,ALGOUSDT,Buy,0.6,0.3405,ZeroMinusTick,2c445a5b-0906-5963-9eb9-a559d251dbfc,2.043e+07,0.6,0.2043
1658106675,ALGOUSDT,Buy,1919,0.3405,ZeroMinusTick,7ed84740-5f8b-5945-82bb-03ff1b93fb31,6.534195000000001e+10,1919,653.4195000000001
1658106675,ALGOUSDT,Buy,2.7,0.3405,ZeroMinusTick,129bd661-186f-5830-bb7f-d57308f97f0d,9.193500000000001e+07,2.7,0.9193500000000001
1658106684,ALGOUSDT,Buy,1.2,0.3410,PlusTick,7b03481d-280d-5163-913c-bfaf0c280884,4.092e+07,1.2,0.4092
1658106684,ALGOUSDT,Buy,1,0.3410,ZeroMinusTick,f5cf47b6-05e6-5c8e-948b-5e2a0f60dc0b,3.41e+07,1,0.341
1658106684,ALGOUSDT,Buy,233.7,0.3410,ZeroMinusTick,bc8fb723-4fe2-519c-904c-78cf058a8b79,7.96917e+09,233.7,79.6917
1658106684,ALGOUSDT,Buy,6,0.3410,ZeroMinusTick,5a54e5df-f112-525b-be1b-3bc57c2caa47,2.0460000000000003e+08,6,2.0460000000000003
1658106684,ALGOUSDT,Buy,4.4,0.3410,ZeroMinusTick,f65083ac-6e57-5173-8b83-0be216e25b8b,1.5004000000000003e+08,4.4,1.5004000000000002
1658106689,ALGOUSDT,Buy,1601.3,0.3415,PlusTick,1a3a1b29-6216-5b8c-bca9-89fcd5e88b0d,5.468439500000001e+10,1601.3,546.8439500000001
1658106689,ALGOUSDT,Buy,94.2,0.3415,ZeroMinusTick,be8f4e00-3f4b-5e2f-b235-4697bf8b940a,3.2169300000000005e+09,94.2,32.16930000000001
1658106689,ALGOUSDT,Buy,1662.5,0.3415,ZeroMinusTick,90cd7745-9be0-5277-b857-36322813ba88,5.677437500000001e+10,1662.5,567.7437500000001
1658106689,ALGOUSDT,Buy,2557.5,0.3415,ZeroMinusTick,d09f8864-274a-5c07-a86b-46a70ca1ae9b,8.7338625e+10,2557.5,873.38625
1658106689,ALGOUSDT,Buy,1,0.3415,ZeroMinusTick,92a71322-208c-55cf-b619-24b4391367ac,3.415e+07,1,0.3415
1658106689,ALGOUSDT,Buy,799.5,0.3415,ZeroMinusTick,25953c73-834c-56f8-aa1e-23eef919309f,2.7302925000000004e+10,799.5,273.02925000000005
1658106689,ALGOUSDT,Buy,833.2,0.3415,ZeroMinusTick,be9236a2-63cb-5a28-a8c2-616f6d5ae5ce,2.8453780000000008e+10,833.2,284.53780000000006
1658106689,ALGOUSDT,Buy,55.9,0.3415,ZeroMinusTick,7032b6db-e2d9-5d87-886d-46c7e1279097,1.9089850000000002e+09,55.9,19.089850000000002
1658106689,ALGOUSDT,Buy,1.6,0.3415,ZeroMinusTick,c7815106-4fcd-5cea-864f-10339251004b,5.464000000000001e+07,1.6,0.5464000000000001
1658106689,ALGOUSDT,Buy,1.4,0.3415,ZeroMinusTick,81513682-6bdf-541c-99f8-9b9daa9c0781,4.781e+07,1.4,0.4781
1658106689,ALGOUSDT,Buy,294.3,0.3415,ZeroMinusTick,ad3db2c1-701e-5220-b150-ab480988e65b,1.0050345000000002e+10,294.3,100.50345000000002
1658106689,ALGOUSDT,Buy,476.6,0.3415,ZeroMinusTick,76fb80f8-6555-55a2-9c16-23f078d4ccc5,1.6275890000000002e+10,476.6,162.7589
1658106689,ALGOUSDT,Buy,1238.2,0.3415,ZeroMinusTick,59db78d7-818b-5a0f-bd0e-2cd1c9fcfc30,4.228453000000001e+10,1238.2,422.84530000000007
1658106689,ALGOUSDT,Buy,424.8,0.3415,ZeroMinusTick,815694e2-8a6e-58cb-92d5-e67cccb27ad2,1.4506920000000002e+10,424.8,145.06920000000002
1658106689,ALGOUSDT,Buy,575.2,0.3415,ZeroMinusTick,200d9246-20b6-5e41-984d-f4afd6c80293,1.9643080000000004e+10,575.2,196.43080000000003
1658106689,ALGOUSDT,Buy,61.2,0.3415,ZeroMinusTick,88ca8cd7-c5b2-5367-a30f-e82dfb596014,2.0899800000000002e+09,61.2,20.899800000000003
1658106689,ALGOUSDT,Buy,1250.7,0.3415,ZeroMinusTick,f50934ef-c41d-5dc6-bed1-2cf272114bf5,4.2711405e+10,1250.7,427.11405
1658106690,ALGOUSDT,Buy,1632.7,0.3415,ZeroMinusTick,7cc47974-51b0-5810-a1b9-91468c13d65e,5.575670500000001e+10,1632.7,557.5670500000001
1658106690,ALGOUSDT,Buy,1202.3,0.3415,ZeroMinusTick,11d6537d-d4da-530f-bd90-55b0c9dc791f,4.1058545e+10,1202.3,410.58545000000004
1658106690,ALGOUSDT,Sell,5.1,0.3415,ZeroMinusTick,e5c632aa-9ab9-5fd5-b502-08265de93fe5,1.74165e+08,5.1,1.74165
1658106690,ALGOUSDT,Sell,3.5,0.3415,ZeroMinusTick,b416335f-e063-50b3-8757-525d28c5e671,1.1952500000000001e+08,3.5,1.1952500000000001
1658106690,ALGOUSDT,Sell,6.8,0.3415,ZeroMinusTick,de958c0e-ba28-5069-8df1-4fb68e84e99b,2.3222e+08,6.8,2.3222
1658106690,ALGOUSDT,Sell,0.8,0.3415,ZeroMinusTick,2728108f-f9d8-5f9a-b8a3-052057121a66,2.7320000000000004e+07,0.8,0.27320000000000005
1658106690,ALGOUSDT,Sell,1.2,0.3415,ZeroMinusTick,01b963f1-da2b-5b7e-945d-8c645e76a907,4.098e+07,1.2,0.4098
1658106690,ALGOUSDT,Sell,1,0.3415,ZeroMinusTick,119ad245-85f7-5522-b3c3-eac09fb73856,3.415e+07,1,0.3415
1658106690,ALGOUSDT,Sell,1.4,0.3415,ZeroMinusTick,0ed3ceaf-b0a2-58a8-a89b-632e0777910a,4.781e+07,1.4,0.4781
1658106691,ALGOUSDT,Sell,1632.7,0.3415,ZeroMinusTick,bf902033-f01a-5689-803c-6b6dc7d0e656,5.575670500000001e+10,1632.7,557.5670500000001
1658106691,ALGOUSDT,Sell,30.3,0.3415,ZeroMinusTick,06b7e4ce-40ac-5f25-912d-2c001e8e6af9,1.034745e+09,30.3,10.34745
1658106693,ALGOUSDT,Buy,44.2,0.3415,ZeroMinusTick,9a238c77-0105-5dfd-b211-45d212d7f85a,1.5094300000000002e+09,44.2,15.094300000000002
1658106717,ALGOUSDT,Buy,1.6,0.3415,ZeroMinusTick,2acbabc6-d0a7-5ab9-8558-89151bff37d3,5.464000000000001e+07,1.6,0.5464000000000001
1658106722,ALGOUSDT,Sell,18.8,0.3415,ZeroMinusTick,2b375cfd-2dba-51ca-b65d-baf1e97c0983,6.4202e+08,18.8,6.4202
1658106726,ALGOUSDT,Sell,380,0.3415,ZeroMinusTick,853d80ef-eded-5e9d-acc8-282e87bd30e2,1.2977000000000002e+10,380,129.77
1658106743,ALGOUSDT,Sell,4.3,0.3415,ZeroMinusTick,231d6869-5b1e-585f-9c14-d703e7766372,1.46845e+08,4.3,1.46845
1658106751,ALGOUSDT,Sell,574.3,0.3415,ZeroMinusTick,2dba06ec-335c-5577-932a-af02d92052b3,1.9612345e+10,574.3,196.12345
1658106751,ALGOUSDT,Sell,559.7,0.3415,ZeroMinusTick,8d597f13-26f9-5c6e-9c30-e74366cab57d,1.9113755000000004e+10,559.7,191.13755000000003
1658106810,ALGOUSDT,Buy,1601.3,0.3420,PlusTick,b23fe3e0-30a5-5544-a3fc-e2d529a823f8,5.476446000000001e+10,1601.3,547.6446000000001
1658106810,ALGOUSDT,Buy,1632.7,0.3420,ZeroMinusTick,96061092-8a88-599c-ac26-6b098f5b8abb,5.583834000000001e+10,1632.7,558.3834
1658106810,ALGOUSDT,Buy,1200,0.3420,ZeroMinusTick,81d4c12c-4680-5dbb-94d5-d7a365683fd8,4.104e+10,1200,410.40000000000003
1658106810,ALGOUSDT,Buy,1463.5,0.3420,ZeroMinusTick,1444d8d3-1fac-5602-be31-b6d42a99c966,5.005170000000001e+10,1463.5,500.51700000000005
1658106810,ALGOUSDT,Buy,1000,0.3420,ZeroMinusTick,bbeeac4e-7c6f-5efa-b01b-45536cd0d52d,3.42e+10,1000,342
1658106810,ALGOUSDT,Buy,1663,0.3420,ZeroMinusTick,3c418a7f-f390-59a3-b864-cf5a11d92364,5.687460000000001e+10,1663,568.7460000000001
1658106810,ALGOUSDT,Buy,806.1,0.3420,ZeroMinusTick,0415db46-ea04-5fb3-a3a1-2d9f7484d5fd,2.7568620000000004e+10,806.1,275.68620000000004
1658106810,ALGOUSDT,Buy,480.7,0.3420,ZeroMinusTick,856fb549-9907-5e76-a5d0-ead76ae67f7f,1.6439940000000002e+10,480.7,164.3994
1658106810,ALGOUSDT,Sell,1632.7,0.3420,ZeroMinusTick,24c02790-b029-5956-a05e-941b669ddd82,5.583834000000001e+10,1632.7,558.3834
1658106810,ALGOUSDT,Sell,2015.6,0.3420,ZeroMinusTick,8e624e3b-6b77-5cb8-8659-e0c86d8efd7f,6.893352e+10,2015.6,689.3352
1658106811,ALGOUSDT,Sell,2.6,0.3415,MinusTick,eea50bd7-9496-521a-8e1b-5b682abfa832,8.879000000000001e+07,2.6,0.8879000000000001
1658106816,ALGOUSDT,Sell,1.8,0.3415,ZeroMinusTick,0b1d663a-e4a7-5a75-8c0b-4b105c580a1f,6.147e+07,1.8,0.6147
1658106821,ALGOUSDT,Sell,2,0.3415,ZeroMinusTick,bf0ac5a0-6feb-5c86-a262-25c3b03b0788,6.83e+07,2,0.683
1658106831,ALGOUSDT,Sell,4.5,0.3415,ZeroMinusTick,cc36f81d-87e1-5754-8204-7cd76c09af07,1.53675e+08,4.5,1.53675
1658106840,ALGOUSDT,Sell,1.1,0.3415,ZeroMinusTick,11314010-c897-56cf-a5a7-44386ea2e546,3.756500000000001e+07,1.1,0.37565000000000004
1658106849,ALGOUSDT,Buy,1000,0.3420,PlusTick,aeea0742-9116-5f5e-8fa1-668b653d8e52,3.42e+10,1000,342
1658106849,ALGOUSDT,Buy,1461.9,0.3420,ZeroMinusTick,f7ecbdf3-f86e-5aa5-82b9-3312088edfc5,4.999698000000001e+10,1461.9,499.9698000000001
1658106849,ALGOUSDT,Buy,4434.2,0.3420,ZeroMinusTick,3c1653af-f9c6-549c-877b-7361bee51ccd,1.5164964e+11,4434.2,1516.4964
1658106849,ALGOUSDT,Buy,1663,0.3420,ZeroMinusTick,7f50da97-c445-5796-bf77-e7dae272b5b5,5.687460000000001e+10,1663,568.7460000000001
1658106849,ALGOUSDT,Buy,1200,0.3420,ZeroMinusTick,354faac1-b918-5b82-88e1-022f5dd96074,4.104e+10,1200,410.40000000000003
1658106849,ALGOUSDT,Buy,3358,0.3420,ZeroMinusTick,75364080-9000-5d58-bee1-89eb11a5074c,1.1484360000000002e+11,3358,1148.4360000000001
1658106849,ALGOUSDT,Buy,806.1,0.3420,ZeroMinusTick,ccdf22be-5572-5319-a0ad-aebe42b4f4b4,2.7568620000000004e+10,806.1,275.68620000000004
1658106849,ALGOUSDT,Buy,214.2,0.3420,ZeroMinusTick,d655bd17-0564-5ea2-b780-24fd41a01a5e,7.32564e+09,214.2,73.2564
1658106849,ALGOUSDT,Sell,1663,0.3420,ZeroMinusTick,b597db32-acc5-5aa6-b7e9-b93e8d438634,5.687460000000001e+10,1663,568.7460000000001
1658106849,ALGOUSDT,Sell,3358,0.3420,ZeroMinusTick,bdd3414c-4c39-5796-a00c-e0adf46e5d66,1.1484360000000002e+11,3358,1148.4360000000001
1658106849,ALGOUSDT,Sell,1709.8,0.3420,ZeroMinusTick,5d740ebf-d466-5e93-9747-1ab92cafa0f6,5.847516000000001e+10,1709.8,584.7516
1658106850,ALGOUSDT,Sell,0.8,0.3415,MinusTick,a1fa2e34-3743-5217-ae51-23795f3130bf,2.7320000000000004e+07,0.8,0.27320000000000005
1658106858,ALGOUSDT,Buy,806.1,0.3420,PlusTick,de1fe234-eace-51ff-97a4-58d40dbf77cb,2.7568620000000004e+10,806.1,275.68620000000004
1658106867,ALGOUSDT,Buy,0.5,0.3420,ZeroMinusTick,14b7dfb9-0e86-5f3e-bc68-f3cde0491962,1.71e+07,0.5,0.171
1658106868,ALGOUSDT,Sell,290,0.3415,MinusTick,235fccd3-32d9-5194-8aca-f1f916954aa9,9.903500000000002e+09,290,99.03500000000001
1658106886,ALGOUSDT,Sell,4.9,0.3415,ZeroMinusTick,cde13efe-066a-500c-bba6-9d9b2faa773a,1.6733500000000003e+08,4.9,1.6733500000000003
1658106889,ALGOUSDT,Sell,230,0.3415,ZeroMinusTick,fdad515a-2824-5095-9193-baa8b80c394d,7.8545e+09,230,78.545
1658106892,ALGOUSDT,Sell,2.5,0.3415,ZeroMinusTick,647d3255-3720-5117-85a1-7a8ef9189d6c,8.5375e+07,2.5,0.85375
1658106909,ALGOUSDT,Sell,3.4,0.3415,ZeroMinusTick,9982f08f-e1a8-5314-97ce-bbde7bea9601,1.1611e+08,3.4,1.1611
1658106923,ALGOUSDT,Sell,9.3,0.3415,ZeroMinusTick,b470be16-fa57-588c-823f-3c1bc4213a2a,3.17595e+08,9.3,3.1759500000000003
1658106934,ALGOUSDT,Sell,1,0.3415,ZeroMinusTick,b64592f2-777c-5622-ae05-bedf88ad15b6,3.415e+07,1,0.3415
1658106944,ALGOUSDT,Sell,3.2,0.3415,ZeroMinusTick,1bef287a-39c8-50c1-a283-c81d9027dc6d,1.0928000000000001e+08,3.2,1.0928000000000002
1658106949,ALGOUSDT,Sell,0.1,0.3415,ZeroMinusTick,461ba1b8-00a2-5653-b244-6f88158aa431,3.4150000000000005e+06,0.1,0.03415000000000001
1658106956,ALGOUSDT,Sell,4.6,0.3415,ZeroMinusTick,d43745c6-862d-5210-91db-053853f668f4,1.5709e+08,4.6,1.5709
1658106967,ALGOUSDT,Buy,0.1,0.3420,PlusTick,b2728f44-58fe-5f29-9d24-b67fbf56b31f,3.42e+06,0.1,0.0342
1658106983,ALGOUSDT,Buy,1461.2,0.3420,ZeroMinusTick,a8d84704-463c-5749-bd36-df4c3eb588fb,4.997304e+10,1461.2,499.73040000000003
1658106983,ALGOUSDT,Buy,1000,0.3420,ZeroMinusTick,c28a88bd-69b8-591f-9272-2a0b1c2f3803,3.42e+10,1000,342
1658107009,ALGOUSDT,Buy,1167.1,0.3425,PlusTick,a49e54e4-e109-520a-928a-fad0068dec92,3.9973175e+10,1167.1,399.73175
1658107009,ALGOUSDT,Buy,1,0.3425,ZeroMinusTick,dd28ff2e-40e8-573b-8bc9-611b4269c57e,3.425e+07,1,0.3425
1658107009,ALGOUSDT,Buy,0.8,0.3425,ZeroMinusTick,9b419a8c-268f-5131-ab60-6fdcbf457316,2.7400000000000004e+07,0.8,0.274
1658107009,ALGOUSDT,Buy,1000,0.3425,ZeroMinusTick,3fffd6d5-d941-5cc5-ae88-cb31a74263c3,3.425e+10,1000,342.5
1658107011,ALGOUSDT,Sell,120.2,0.3425,ZeroMinusTick,0f438825-b462-530b-8f33-a49f87e254c9,4.11685e+09,120.2,41.1685
1658107011,ALGOUSDT,Sell,808.3,0.3425,ZeroMinusTick,094f5cf9-c4a1-5dcf-b107-eab0d67355dd,2.7684275000000004e+10,808.3,276.84275
1658107027,ALGOUSDT,Buy,0.1,0.3425,ZeroMinusTick,d7525d89-d9b7-591f-a2b1-19665e3946ab,3.4250000000000005e+06,0.1,0.03425
1658107030,ALGOUSDT,Sell,3.8,0.3420,MinusTick,20cfe625-a6e1-5195-a095-78d20f067f79,1.2996000000000001e+08,3.8,1.2996
1658107030,ALGOUSDT,Sell,883.8,0.3420,ZeroMinusTick,1d1f6968-42e1-5110-a3f3-ff2f448ecf34,3.0225960000000004e+10,883.8,302.25960000000003
1658107030,ALGOUSDT,Sell,312.4,0.3420,ZeroMinusTick,686ca337-ab5e-547a-b178-92ca7cce4760,1.068408e+10,312.4,106.8408
1658107030,ALGOUSDT,Sell,4229.4,0.3420,ZeroMinusTick,9a2d8467-0de8-5640-a196-3b64453c3b8c,1.4464548e+11,4229.4,1446.4548
1658107030,ALGOUSDT,Sell,4582.8,0.3420,ZeroMinusTick,9371f59d-d340-5340-930e-c081490df1b9,1.5673176e+11,4582.8,1567.3176
1658107030,ALGOUSDT,Sell,20.5,0.3420,ZeroMinusTick,25a43496-f872-5680-9e16-0f874c579c39,7.011e+08,20.5,7.011
1658107030,ALGOUSDT,Sell,2462,0.3420,ZeroMinusTick,03ff76e3-3754-59a3-b5b9-6add08fb6c02,8.42004e+10,2462,842.004
1658107030,ALGOUSDT,Sell,2151,0.3420,ZeroMinusTick,25821f1a-a14b-557f-8451-b74bb83a593f,7.35642e+10,2151,735.642
1658107030,ALGOUSDT,Sell,59.2,0.3420,ZeroMinusTick,630dfd93-bde6-5b85-8c25-773178efd0c2,2.0246400000000002e+09,59.2,20.2464
1658107030,ALGOUSDT,Sell,5.8,0.3420,ZeroMinusTick,a3b4cb25-7f66-5089-abe8-32742b16b378,1.9836e+08,5.8,1.9836
1658107030,ALGOUSDT,Sell,9.8,0.3420,ZeroMinusTick,ef470a19-ffe7-5538-8ffb-c213ec1edc48,3.3516000000000006e+08,9.8,3.3516000000000004
1658107030,ALGOUSDT,Sell,89,0.3420,ZeroMinusTick,b222e2ef-f885-57c8-9705-bd3743900156,3.0438000000000005e+09,89,30.438000000000002
1658107030,ALGOUSDT,Sell,34.8,0.3420,ZeroMinusTick,61745c53-dfeb-530c-9889-4d53e91732fd,1.19016e+09,34.8,11.9016
1658107030,ALGOUSDT,Sell,12.6,0.3420,ZeroMinusTick,ebc13bda-4569-5f31-a5e3-0452bf84e496,4.3092000000000006e+08,12.6,4.309200000000001
1658107030,ALGOUSDT,Sell,4.6,0.3420,ZeroMinusTick,f9ad2899-9337-5ad4-bd8a-b2cf9ecf79fe,1.5732e+08,4.6,1.5732
1658107030,ALGOUSDT,Sell,1057,0.3420,ZeroMinusTick,fb945f79-604b-5fe7-bccd-62d2e2bcf3d5,3.61494e+10,1057,361.494
1658107030,ALGOUSDT,Sell,1863.3,0.3420,ZeroMinusTick,8639c8ef-ecbc-5f08-9899-c4e10c3137b5,6.372486e+10,1863.3,637.2486
1658107030,ALGOUSDT,Sell,19,0.3420,ZeroMinusTick,d45d1136-4b83-564b-b6d8-ff2877a0e50b,6.498e+08,19,6.498
1658107030,ALGOUSDT,Sell,18,0.3420,ZeroMinusTick,9b9f929f-17ee-54eb-8906-76b0469a64bf,6.156e+08,18,6.156000000000001
1658107030,ALGOUSDT,Sell,70.2,0.3420,ZeroMinusTick,2b2d66ec-1708-5920-afe4-4f554b122fc4,2.40084e+09,70.2,24.0084
1658107030,ALGOUSDT,Sell,105.5,0.3420,ZeroMinusTick,9f901895-bd04-5652-a9ca-8412ccd8745a,3.6081000000000005e+09,105.5,36.081
1658107030,ALGOUSDT,Sell,220.3,0.3420,ZeroMinusTick,f6e93ab0-88de-5eb0-a221-e0172d352c3e,7.53426e+09,220.3,75.3426
1658107030,ALGOUSDT,Sell,2989.2,0.3420,ZeroMinusTick,834a0deb-afdd-57a8-a47f-b0d0a26259f8,1.0223064e+11,2989.2,1022.3064
1658107042,ALGOUSDT,Sell,1362.1,0.3420,ZeroMinusTick,3d85d718-e0dc-5a0c-a686-5415e252c9a0,4.658382e+10,1362.1,465.83820000000003
1658107047,ALGOUSDT,Sell,0.1,0.3420,ZeroMinusTick,5d4c383d-005a-5f94-bea6-7c233752c354,3.42e+06,0.1,0.0342
1658107052,ALGOUSDT,Sell,1.8,0.3420,ZeroMinusTick,5b791a55-e647-51f4-b14c-75228889abed,6.156e+07,1.8,0.6156
1658107054,ALGOUSDT,Sell,260,0.3420,ZeroMinusTick,cda0867f-fb95-5eb7-8815-0a15b0214e48,8.892e+09,260,88.92
1658107060,ALGOUSDT,Sell,1.9,0.3420,ZeroMinusTick,5efb8253-8991-5fff-8d5b-76cc019c8541,6.498000000000001e+07,1.9,0.6498
1658107068,ALGOUSDT,Sell,150,0.3420,ZeroMinusTick,3d3c7f5b-f69a-5e31-9745-260393ec9d55,5.13e+09,150,51.300000000000004
1658107078,ALGOUSDT,Sell,4.7,0.3420,ZeroMinusTick,9cc8e3ed-0266-5e78-86fa-269b599cab4d,1.6074000000000003e+08,4.7,1.6074000000000002
1658107092,ALGOUSDT,Sell,210,0.3420,ZeroMinusTick,948179ac-165b-53c2-9656-60b90afad5a2,7.182000000000001e+09,210,71.82000000000001
1658107097,ALGOUSDT,Sell,371.5,0.3420,ZeroMinusTick,f1c04a17-7861-5836-bb30-107585cf1f48,1.2705300000000002e+10,371.5,127.05300000000001
1658107120,ALGOUSDT,Sell,1.9,0.3425,PlusTick,d8c35fca-591b-510b-b50f-b7f4429afd51,6.507500000000001e+07,1.9,0.65075
1658107121,ALGOUSDT,Sell,998.1,0.3425,ZeroMinusTick,f993e030-7104-5612-9bdc-78aa2790d034,3.4184925000000004e+10,998.1,341.84925000000004
1658107237,ALGOUSDT,Buy,1.4,0.3425,ZeroMinusTick,6a135c4e-9090-551a-9b95-ec44cfaa5258,4.795e+07,1.4,0.4795
1658107263,ALGOUSDT,Sell,1461.9,0.3420,MinusTick,b40fe82e-9fbb-5f0b-9b26-010bb4edf0a3,4.999698000000001e+10,1461.9,499.9698000000001
1658107263,ALGOUSDT,Sell,78.1,0.3420,ZeroMinusTick,c0e8acdf-e564-52cd-a9f1-76a1dbf48b15,2.67102e+09,78.1,26.7102
1658107263,ALGOUSDT,Sell,1000,0.3420,ZeroMinusTick,bd2c026b-3e36-59a6-80f7-2d938d632974,3.42e+10,1000,342
1658107315,ALGOUSDT,Buy,4332.5,0.3420,ZeroMinusTick,00d894c4-a237-5313-8d85-a1b895e27d8b,1.481715e+11,4332.5,1481.7150000000001
1658107315,ALGOUSDT,Buy,1461.5,0.3420,ZeroMinusTick,723e73c2-9c00-598d-84eb-b8ca05abd3cb,4.99833e+10,1461.5,499.833
1658107357,ALGOUSDT,Sell,1,0.3415,MinusTick,9fd81443-d5b0-5500-8726-7b5e0ff76241,3.415e+07,1,0.3415
1658107457,ALGOUSDT,Sell,250,0.3420,PlusTick,b7a3b7d2-d985-5cf5-ab92-4a0e3f680480,8.55e+09,250,85.5
1658107466,ALGOUSDT,Sell,1.5,0.3420,ZeroMinusTick,b63914d3-34bb-5ceb-992e-23c96b8c5832,5.13e+07,1.5,0.513
1658107471,ALGOUSDT,Buy,0.7,0.3425,PlusTick,4104db5a-c96d-5ccf-abe0-efdcd1138cf2,2.3975e+07,0.7,0.23975
1658107471,ALGOUSDT,Buy,1198.3,0.3425,ZeroMinusTick,43214e77-84c2-50a4-88be-60aa38069404,4.1041775e+10,1198.3,410.41775
1658107471,ALGOUSDT,Buy,2595.3,0.3425,ZeroMinusTick,c105d0ae-1da2-5e4a-98d8-1d6592d81792,8.888902500000002e+10,2595.3,888.8902500000002
1658107476,ALGOUSDT,Sell,1000,0.3425,ZeroMinusTick,8d299ddc-f78a-5f9c-addb-e5f682ab90f1,3.425e+10,1000,342.5
1658107481,ALGOUSDT,Sell,1000,0.3425,ZeroMinusTick,670a7bb1-177f-53ba-a2aa-10d82ddc8535,3.425e+10,1000,342.5
1658107492,ALGOUSDT,Sell,180,0.3425,ZeroMinusTick,5f411ad1-13e4-5084-aeac-b69fa30f9d28,6.165000000000001e+09,180,61.650000000000006
1658107495,ALGOUSDT,Sell,160,0.3425,ZeroMinusTick,43413652-25eb-51d4-abaf-90f86b40f386,5.48e+09,160,54.800000000000004
1658107503,ALGOUSDT,Sell,32.6,0.3425,ZeroMinusTick,fa65aa7a-4008-53df-8916-777aae85cd51,1.1165500000000002e+09,32.6,11.165500000000002
1658107515,ALGOUSDT,Sell,26.1,0.3425,ZeroMinusTick,84de3f37-510f-58dc-9b2a-65cf488d2cfb,8.939250000000001e+08,26.1,8.939250000000001
1658107517,ALGOUSDT,Buy,1.7,0.3430,PlusTick,88f129e4-0c0f-5e85-9561-4b3edc8d169e,5.831000000000001e+07,1.7,0.5831000000000001
1658107517,ALGOUSDT,Buy,105.2,0.3430,ZeroMinusTick,867b3358-ca2b-53d6-85ac-8d430c90f002,3.6083600000000005e+09,105.2,36.083600000000004
1658107517,ALGOUSDT,Buy,6.9,0.3430,ZeroMinusTick,11c3d5eb-02a6-586a-976c-f0d1684450a5,2.3667000000000003e+08,6.9,2.3667000000000002
1658107524,ALGOUSDT,Sell,601.3,0.3425,MinusTick,e99e299a-51f6-556b-9de9-d72922cbda1f,2.0594525e+10,601.3,205.94525
1658107547,ALGOUSDT,Buy,601.3,0.3425,ZeroMinusTick,e49f784c-bd88-56bf-8290-3110ef7ad7df,2.0594525e+10,601.3,205.94525
1658107547,ALGOUSDT,Buy,119,0.3425,ZeroMinusTick,5ecd78d5-d052-52bf-b2cf-6c19466a5c06,4.07575e+09,119,40.7575
1658107629,ALGOUSDT,Buy,1632.7,0.3425,ZeroMinusTick,ce3ab4de-6423-5459-bffb-6f25a2fdf879,5.591997500000001e+10,1632.7,559.1997500000001
1658107629,ALGOUSDT,Buy,0.6,0.3425,ZeroMinusTick,47e32883-3e85-52bb-b9e0-16c9bb95200e,2.055e+07,0.6,0.20550000000000002
1658107629,ALGOUSDT,Buy,2284,0.3425,ZeroMinusTick,17439d37-682a-523c-80a4-0f5f0be236eb,7.822700000000002e+10,2284,782.2700000000001
1658107629,ALGOUSDT,Buy,1200,0.3425,ZeroMinusTick,2b6d7207-040e-5207-b823-27af74a42a84,4.110000000000001e+10,1200,411.00000000000006
1658107677,ALGOUSDT,Buy,1.1,0.3430,PlusTick,ff4a6759-9d5c-5b15-8bbb-529eb3a3d733,3.773000000000001e+07,1.1,0.3773000000000001
1658107719,ALGOUSDT,Buy,154.2,0.3430,ZeroMinusTick,96a421fc-5d4b-570d-bb2e-ee8066ab7952,5.28906e+09,154.2,52.8906
1658107719,ALGOUSDT,Buy,69.7,0.3430,ZeroMinusTick,4c8a0013-f34f-569b-93c8-bc71cefa908f,2.3907100000000005e+09,69.7,23.907100000000003
1658107719,ALGOUSDT,Buy,574.3,0.3430,ZeroMinusTick,997dab81-4665-5d94-9079-52d548d163d1,1.969849e+10,574.3,196.9849
1658107719,ALGOUSDT,Buy,3,0.3430,ZeroMinusTick,31d0a072-3b53-5851-8be4-75717af29d8d,1.0290000000000001e+08,3,1.0290000000000001
1658107719,ALGOUSDT,Buy,1200,0.3430,ZeroMinusTick,f70f9f95-b5b4-5934-b13b-5b698a3da0e3,4.116e+10,1200,411.6
1658107719,ALGOUSDT,Buy,891,0.3430,ZeroMinusTick,9ea4c592-dc7c-5a1f-975b-61ded1f1dfcf,3.05613e+10,891,305.613
1658107719,ALGOUSDT,Buy,567.8,0.3430,ZeroMinusTick,1702e9d6-3807-5e82-9812-31f8c3f9d2dc,1.947554e+10,567.8,194.7554
1658107719,ALGOUSDT,Buy,0.9,0.3430,ZeroMinusTick,ac14a605-f6fb-5f8f-8e62-e6f56884ec0e,3.0870000000000004e+07,0.9,0.30870000000000003
1658107719,ALGOUSDT,Buy,3.2,0.3430,ZeroMinusTick,aff9b09b-e3cd-5da1-9587-138a9a210857,1.0976000000000001e+08,3.2,1.0976000000000001
1658107719,ALGOUSDT,Buy,523.4,0.3430,ZeroMinusTick,a23610d9-aa2e-55e5-9f42-6341457caa00,1.795262e+10,523.4,179.52620000000002
1658107719,ALGOUSDT,Buy,1595.7,0.3430,ZeroMinusTick,985f3a2a-79e5-5d35-b6f5-7953a4b8e33e,5.473251e+10,1595.7,547.3251
1658107719,ALGOUSDT,Buy,0.8,0.3430,ZeroMinusTick,95cdaa28-3441-5e15-bea3-1f4212695417,2.7440000000000004e+07,0.8,0.27440000000000003
1658107719,ALGOUSDT,Buy,559.7,0.3430,ZeroMinusTick,59b79caa-971b-525a-a0bb-992f570304e2,1.9197710000000004e+10,559.7,191.97710000000004
1658107726,ALGOUSDT,Sell,1601.3,0.3430,ZeroMinusTick,cf367dfa-107b-53d3-94cd-e459d528fc3c,5.492459e+10,1601.3,549.2459
1658107728,ALGOUSDT,Sell,3.1,0.3425,MinusTick,3fe77c0c-5a67-58be-8698-2353d2fd9e57,1.0617500000000001e+08,3.1,1.0617500000000002
1658107731,ALGOUSDT,Sell,5,0.3425,ZeroMinusTick,7712ca2a-e33a-5682-87cf-bd1826f048b6,1.7125e+08,5,1.7125000000000001
1658107744,ALGOUSDT,Sell,34.1,0.3425,ZeroMinusTick,af7631ec-5827-5445-a9e0-607607b4ac7a,1.1679250000000002e+09,34.1,11.679250000000001
1658107750,ALGOUSDT,Sell,4.5,0.3425,ZeroMinusTick,c595166b-bfcf-532d-ae0e-9d9c1f388d43,1.5412500000000003e+08,4.5,1.5412500000000002
1658107757,ALGOUSDT,Sell,27.6,0.3425,ZeroMinusTick,c893166f-17f7-55d9-8b98-dc68695e3035,9.453000000000001e+08,27.6,9.453000000000001
1658107759,ALGOUSDT,Sell,20.7,0.3425,ZeroMinusTick,8eb8e668-05b4-5ea6-807b-5b1e1a70d77d,7.08975e+08,20.7,7.08975
1658107767,ALGOUSDT,Buy,1.5,0.3430,PlusTick,64dd7051-d36d-52ff-928e-54b1e273aa49,5.145000000000001e+07,1.5,0.5145000000000001
1658107774,ALGOUSDT,Sell,3.3,0.3425,MinusTick,5f40029a-a3db-524f-b91d-c964d4114895,1.13025e+08,3.3,1.13025
1658107792,ALGOUSDT,Sell,370,0.3425,ZeroMinusTick,1427bdbf-40e4-5659-b78e-9f22618eb34e,1.26725e+10,370,126.72500000000001
1658107811,ALGOUSDT,Sell,3.8,0.3425,ZeroMinusTick,837575d4-6282-5f2f-903e-af027c37993b,1.3015000000000001e+08,3.8,1.3015
1658107829,ALGOUSDT,Sell,2.2,0.3425,ZeroMinusTick,7233bf50-47e5-53fa-9404-a1e3e5827f7a,7.535000000000001e+07,2.2,0.7535000000000002
1658107832,ALGOUSDT,Sell,220,0.3425,ZeroMinusTick,bd670310-2079-59bd-83e4-75ccd19fcf8a,7.535000000000001e+09,220,75.35000000000001
1658107833,ALGOUSDT,Buy,81.7,0.3430,PlusTick,a4bb0019-32c4-5e2a-acf2-58883412bf7e,2.8023100000000005e+09,81.7,28.023100000000003
1658107834,ALGOUSDT,Buy,51,0.3430,ZeroMinusTick,6da0f8df-d132-59b2-8d7b-dadcb9105f57,1.7493000000000002e+09,51,17.493000000000002
1658107836,ALGOUSDT,Sell,2.3,0.3425,MinusTick,9695c82a-d294-52c9-81b3-14141182e70e,7.8775e+07,2.3,0.78775
1658107837,ALGOUSDT,Buy,204.2,0.3430,PlusTick,f0bd8f2d-8cc3-5411-9c26-552b27cfbfab,7.00406e+09,204.2,70.0406
1658107847,ALGOUSDT,Sell,4.1,0.3425,MinusTick,e7ff3411-167a-5fdb-973e-edae78b2ca34,1.40425e+08,4.1,1.40425
1658107858,ALGOUSDT,Buy,1457.7,0.3430,PlusTick,e8a68ff9-d739-5394-9c22-f9798a72dcf0,4.999911000000001e+10,1457.7,499.9911000000001
1658107897,ALGOUSDT,Buy,0.8,0.3435,PlusTick,25f20948-ce2c-5732-8ae8-e48c2ecf8a57,2.7480000000000004e+07,0.8,0.27480000000000004
1658107912,ALGOUSDT,Sell,1601.3,0.3430,MinusTick,4be9d373-f5d0-57a9-8eb6-c9b2e7b2c0d9,5.492459e+10,1601.3,549.2459
1658107912,ALGOUSDT,Sell,264.3,0.3430,ZeroMinusTick,4935b224-7244-5b11-8d8b-a415ba06ad54,9.065490000000002e+09,264.3,90.65490000000001
1658107912,ALGOUSDT,Sell,571.8,0.3430,ZeroMinusTick,7d9837c1-6f2b-5dec-9dd3-d992ea0107ee,1.961274e+10,571.8,196.1274
1658107912,ALGOUSDT,Sell,827.9,0.3430,ZeroMinusTick,cb7ac10a-a3b2-5073-a057-38b1fcce6358,2.839697e+10,827.9,283.9697
1658107912,ALGOUSDT,Sell,1506.4,0.3430,ZeroMinusTick,18581cd2-e218-5c2b-8f7f-999f139020eb,5.166952000000001e+10,1506.4,516.6952000000001
1658107943,ALGOUSDT,Sell,558.1,0.3425,MinusTick,0ded915c-64bd-5161-85c6-efc7a6e9e2ae,1.9114925000000004e+10,558.1,191.14925000000002
1658107943,ALGOUSDT,Sell,31.4,0.3425,ZeroMinusTick,ebdb14a6-8bf5-5630-a137-ee21760d0b45,1.07545e+09,31.4,10.7545
1658108055,ALGOUSDT,Buy,1457.3,0.3430,PlusTick,7b2e67d4-fe5d-5df7-a6bc-fbef7389208c,4.998539e+10,1457.3,499.8539
1658108055,ALGOUSDT,Buy,3599,0.3430,ZeroMinusTick,3d74f8d2-831b-5c49-9a44-c32d83aebb52,1.2344570000000002e+11,3599,1234.457
1658108067,ALGOUSDT,Sell,30,0.3430,ZeroMinusTick,02b678bd-c19c-58e6-9f9a-c304a3393798,1.0290000000000001e+09,30,10.290000000000001
1658108082,ALGOUSDT,Sell,4.8,0.3430,ZeroMinusTick,5d1588fc-7af0-5d9a-85e0-1f228807c6c2,1.6464e+08,4.8,1.6464
1658108096,ALGOUSDT,Sell,113.7,0.3430,ZeroMinusTick,8cb791a4-82c4-564d-b568-c9b29f2becee,3.8999100000000005e+09,113.7,38.999100000000006
1658108096,ALGOUSDT,Sell,581.8,0.3430,ZeroMinusTick,874d0369-2a47-583f-a833-85ecbd38403c,1.995574e+10,581.8,199.5574
1658108096,ALGOUSDT,Sell,269.7,0.3430,ZeroMinusTick,2b60c1a5-332c-54ad-91bb-70b7ad675e5e,9.25071e+09,269.7,92.50710000000001
1658108096,ALGOUSDT,Sell,23.6,0.3430,ZeroMinusTick,27c6c882-74f8-5201-a8f5-ffe57e4f1118,8.094800000000001e+08,23.6,8.094800000000001
1658108096,ALGOUSDT,Sell,77.7,0.3430,ZeroMinusTick,99c5cb73-00ae-502e-a148-2c9a826ce515,2.6651100000000005e+09,77.7,26.651100000000003
1658108096,ALGOUSDT,Sell,570.7,0.3430,ZeroMinusTick,81bd3858-844f-5362-a7f4-c0e1a7cf6f19,1.9575010000000004e+10,570.7,195.75010000000003
1658108096,ALGOUSDT,Sell,200.5,0.3430,ZeroMinusTick,593ffcdf-1138-518d-aff7-6e3301204b37,6.87715e+09,200.5,68.7715
1658108096,ALGOUSDT,Sell,571.8,0.3430,ZeroMinusTick,fc13b1ae-25bf-592f-8a6d-d0daffff2354,1.961274e+10,571.8,196.1274
1658108096,ALGOUSDT,Sell,616.2,0.3430,ZeroMinusTick,3eee3ebb-ad1f-5395-bda5-7fb3eaa9e185,2.1135660000000004e+10,616.2,211.35660000000004
1658108096,ALGOUSDT,Sell,199.2,0.3430,ZeroMinusTick,e86e7df4-588c-5a54-85e6-980850e59cbe,6.832560000000001e+09,199.2,68.32560000000001
1658108096,ALGOUSDT,Sell,558.9,0.3430,ZeroMinusTick,a60402e0-c1a9-5fb0-9793-729b64e940ed,1.9170270000000004e+10,558.9,191.70270000000002
1658108096,ALGOUSDT,Sell,4681.4,0.3430,ZeroMinusTick,d759c373-284c-58d6-a654-e1763e76d289,1.6057202e+11,4681.4,1605.7202
1658108096,ALGOUSDT,Sell,1632.7,0.3430,ZeroMinusTick,2d286aac-211c-5c3d-a315-15bd7f575d74,5.600161000000001e+10,1632.7,560.0161
1658108096,ALGOUSDT,Sell,1200,0.3430,ZeroMinusTick,27100cd9-fb5f-5663-843b-0f04c5279e6f,4.116e+10,1200,411.6
1658108096,ALGOUSDT,Sell,447.6,0.3430,ZeroMinusTick,c16a9edf-6121-5388-ad5c-9cc25eaba54b,1.535268e+10,447.6,153.5268
1658108096,ALGOUSDT,Sell,1215.4,0.3430,ZeroMinusTick,c47ab52b-6dfb-55b7-836a-51ffdbca1d79,4.168822000000001e+10,1215.4,416.88220000000007
1658108096,ALGOUSDT,Sell,23.3,0.3430,ZeroMinusTick,1c42437b-abbb-5f14-971a-f21aa3123b8a,7.991900000000001e+08,23.3,7.991900000000001
1658108096,ALGOUSDT,Sell,867.6,0.3430,ZeroMinusTick,8b20e7ff-56f9-5dbc-8645-5b2f6d8fa234,2.9758680000000004e+10,867.6,297.58680000000004
1658108096,ALGOUSDT,Sell,2467.1,0.3430,ZeroMinusTick,5902dab0-6f57-5a91-8715-5b84a82fbe29,8.462153e+10,2467.1,846.2153000000001
1658108096,ALGOUSDT,Sell,806.1,0.3430,ZeroMinusTick,c0b9b092-2cf0-5f4f-aa34-b9cbef9909f5,2.7649230000000004e+10,806.1,276.49230000000006
1658108096,ALGOUSDT,Sell,2330.5,0.3430,ZeroMinusTick,68f109b3-ef4b-538a-99b7-7bf14ba0c5e5,7.993615000000002e+10,2330.5,799.3615000000001
1658108096,ALGOUSDT,Sell,2330.5,0.3430,ZeroMinusTick,239e76e1-d73d-51f0-ade9-4b5be00b66e5,7.993615000000002e+10,2330.5,799.3615000000001
1658108096,ALGOUSDT,Sell,3183,0.3430,ZeroMinusTick,b64a9f86-360c-55d5-8cb0-6ef5e4379666,1.091769e+11,3183,1091.769
1658108096,ALGOUSDT,Sell,2761.9,0.3430,ZeroMinusTick,533edc16-2a78-5d93-a2a0-67a1681edbc7,9.473317e+10,2761.9,947.3317000000001
1658108096,ALGOUSDT,Sell,1981.8,0.3430,ZeroMinusTick,7c0fa4e1-2557-564b-b27a-daf1ba0ab74b,6.797574000000001e+10,1981.8,679.7574000000001
1658108096,ALGOUSDT,Sell,290,0.3430,ZeroMinusTick,3ce00b72-0aac-59f2-afea-a92540465492,9.947000000000002e+09,290,99.47000000000001
1658108096,ALGOUSDT,Sell,582.6,0.3430,ZeroMinusTick,51a88591-1c06-57a7-af9b-36541a8c9eca,1.998318e+10,582.6,199.83180000000002
1658108096,ALGOUSDT,Sell,1457.7,0.3430,ZeroMinusTick,40e77f9a-bfc8-5f77-8af8-5aef9c8a057b,4.999911000000001e+10,1457.7,499.9911000000001
1658108096,ALGOUSDT,Sell,2330.5,0.3430,ZeroMinusTick,5dc6d291-3806-5905-ac28-eeeb3b8a49df,7.993615000000002e+10,2330.5,799.3615000000001
1658108096,ALGOUSDT,Sell,238.3,0.3430,ZeroMinusTick,385cb47c-ea7c-5d7a-96d7-69163f4136cb,8.173690000000001e+09,238.3,81.7369
1658108096,ALGOUSDT,Sell,2330.5,0.3430,ZeroMinusTick,7cbdf900-a63b-57b8-9061-484b4abab14a,7.993615000000002e+10,2330.5,799.3615000000001
1658108096,ALGOUSDT,Sell,2330.5,0.3430,ZeroMinusTick,17fb22b5-49d6-5dbd-8311-c326ef736c0e,7.993615000000002e+10,2330.5,799.3615000000001
1658108096,ALGOUSDT,Sell,1455.7,0.3430,ZeroMinusTick,5587f798-d361-579a-89fa-c2de24cbed70,4.993051000000001e+10,1455.7,499.30510000000004
1658108096,ALGOUSDT,Sell,4512.7,0.3430,ZeroMinusTick,76bf3ab5-38c5-5629-8395-21ef26765255,1.5478561e+11,4512.7,1547.8561
1658108096,ALGOUSDT,Sell,4158.5,0.3430,ZeroMinusTick,7c592413-8755-54db-9580-4b4f1f6894c7,1.4263655e+11,4158.5,1426.3655
1658108096,ALGOUSDT,Sell,3,0.3430,ZeroMinusTick,dcd8628e-dd98-50b3-b7ee-baa183d7d5a5,1.0290000000000001e+08,3,1.0290000000000001
1658108096,ALGOUSDT,Sell,84.7,0.3430,ZeroMinusTick,65806bb7-e062-59e2-b316-7bae6f408100,2.9052100000000005e+09,84.7,29.052100000000003
1658108097,ALGOUSDT,Buy,0.7,0.3435,PlusTick,b3281f45-9193-5485-ba70-27fda702106d,2.4045e+07,0.7,0.24045
1658108120,ALGOUSDT,Sell,294.3,0.3430,MinusTick,398d7572-b3d4-59eb-aa1d-a5eb56a485f9,1.0094490000000002e+10,294.3,100.94490000000002
1658108120,ALGOUSDT,Sell,1200,0.3430,ZeroMinusTick,63ce3562-bcf8-5abe-902d-2cd750519af3,4.116e+10,1200,411.6
1658108120,ALGOUSDT,Sell,3,0.3430,ZeroMinusTick,64e15d1f-dd60-58db-b621-7242f4d6cce6,1.0290000000000001e+08,3,1.0290000000000001
1658108120,ALGOUSDT,Sell,1632.7,0.3430,ZeroMinusTick,b57422b7-b6c1-516a-8e34-266726943f41,5.600161000000001e+10,1632.7,560.0161
1658108120,ALGOUSDT,Sell,1663,0.3430,ZeroMinusTick,6deb479c-9aa2-5260-8dea-bcfd50668150,5.70409e+10,1663,570.409
1658108120,ALGOUSDT,Sell,933,0.3430,ZeroMinusTick,f3d7d81c-549a-5e28-b5d2-b4003d7fb1af,3.20019e+10,933,320.019
1658108120,ALGOUSDT,Sell,2425,0.3430,ZeroMinusTick,d9087e9e-f257-5186-95e6-7ab3a90811ef,8.317750000000002e+10,2425,831.7750000000001
1658108120,ALGOUSDT,Sell,852.8,0.3430,ZeroMinusTick,7940cb97-acb5-5111-9f9e-02842a4f7761,2.925104e+10,852.8,292.5104
1658108120,ALGOUSDT,Sell,38.4,0.3430,ZeroMinusTick,701f2d82-4153-5a43-a2ce-e8a544bc7f3e,1.31712e+09,38.4,13.1712
1658108120,ALGOUSDT,Sell,108.8,0.3430,ZeroMinusTick,377521de-8633-57ff-be1a-5f4ec95984c5,3.7318400000000005e+09,108.8,37.318400000000004
1658108120,ALGOUSDT,Sell,3910.6,0.3430,ZeroMinusTick,ea1aed16-536a-5189-a8ce-5ef6d7cef7e9,1.3413358e+11,3910.6,1341.3358
1658108120,ALGOUSDT,Sell,2753.1,0.3430,ZeroMinusTick,940ef3ca-b1c6-5f46-80ef-1f2966ff273d,9.443133e+10,2753.1,944.3133
1658108120,ALGOUSDT,Sell,1663,0.3430,ZeroMinusTick,46011f01-befb-5368-9c6e-9ab2e9c9304f,5.70409e+10,1663,570.409
1658108120,ALGOUSDT,Sell,2348.2,0.3430,ZeroMinusTick,04a2a4ff-e8ab-5af3-b8ac-790bacff2036,8.054326e+10,2348.2,805.4326
1658108120,ALGOUSDT,Sell,1009.8,0.3430,ZeroMinusTick,67157fb4-ae73-5582-a654-aa0549af1b16,3.463614e+10,1009.8,346.3614
1658108131,ALGOUSDT,Buy,4264.7,0.3430,ZeroMinusTick,e2a85ea3-49fc-53b8-a80e-e7c2454d3411,1.4627921e+11,4264.7,1462.7921000000001
1658108138,ALGOUSDT,Sell,541.6,0.3430,ZeroMinusTick,ed56904e-6d10-5697-bef8-43e429704ce6,1.8576880000000004e+10,541.6,185.76880000000003
1658108138,ALGOUSDT,Sell,458.4,0.3430,ZeroMinusTick,72b80d59-f602-5e6d-a42c-1bc4d25524e7,1.572312e+10,458.4,157.2312
1658108204,ALGOUSDT,Sell,1601.3,0.3425,MinusTick,b666d834-5b5d-5492-9534-79bdba6e7fdd,5.4844525e+10,1601.3,548.44525
1658108204,ALGOUSDT,Sell,31.4,0.3425,ZeroMinusTick,df77cf1e-4025-516a-987a-6d4e61a8b2fb,1.07545e+09,31.4,10.7545
1658108204,ALGOUSDT,Sell,262.9,0.3425,ZeroMinusTick,483a6446-0b09-5bca-bfb4-3654ea54fe54,9.004325e+09,262.9,90.04325
1658108204,ALGOUSDT,Sell,1000,0.3425,ZeroMinusTick,00961ca7-4499-58ee-b517-bb1c6cf4b798,3.425e+10,1000,342.5
1658108211,ALGOUSDT,Buy,1601.3,0.3425,ZeroMinusTick,9a31d836-d64b-573e-85fb-dabf4446f34c,5.4844525e+10,1601.3,548.44525
1658108211,ALGOUSDT,Buy,3266.9,0.3425,ZeroMinusTick,1d9b8036-a0b6-57b5-8ca6-67dc5139e9fb,1.11891325e+11,3266.9,1118.91325
1658108217,ALGOUSDT,Sell,0.5,0.3425,ZeroMinusTick,a22d6709-448e-53e7-afb1-71d27e95de37,1.7125e+07,0.5,0.17125
1658108234,ALGOUSDT,Sell,1601.3,0.3425,ZeroMinusTick,65236fdf-785c-581d-b48d-eab6c85f25a5,5.4844525e+10,1601.3,548.44525
1658108234,ALGOUSDT,Sell,1000,0.3425,ZeroMinusTick,6d0f654a-5274-5463-8792-6eed2b3bea66,3.425e+10,1000,342.5
1658108264,ALGOUSDT,Buy,1601.3,0.3425,ZeroMinusTick,d3aa8e91-fe96-525c-914b-1802cbf44aec,5.4844525e+10,1601.3,548.44525
1658108264,ALGOUSDT,Buy,1200,0.3425,ZeroMinusTick,6abf79e9-4bf0-5467-ac12-04995af024ec,4.110000000000001e+10,1200,411.00000000000006
1658108264,ALGOUSDT,Buy,1198.7,0.3425,ZeroMinusTick,049392f5-b020-55d8-b024-eed5896dcfad,4.105547500000001e+10,1198.7,410.55475000000007
1658108264,ALGOUSDT,Buy,1206.2,0.3425,ZeroMinusTick,17b8870a-dde1-54d2-a7ef-b46b999f7c5b,4.131235e+10,1206.2,413.12350000000004
1658108264,ALGOUSDT,Buy,211.2,0.3425,ZeroMinusTick,76182e48-77a6-55d5-911b-30ceca4b1c57,7.2336e+09,211.2,72.336
1658108264,ALGOUSDT,Buy,2812.4,0.3425,ZeroMinusTick,228be3de-e33b-538c-8623-38f44132f8eb,9.63247e+10,2812.4,963.2470000000001
1658108264,ALGOUSDT,Buy,1379.6,0.3425,ZeroMinusTick,383be152-32c1-56e0-8a61-3d08d9a561b5,4.72513e+10,1379.6,472.51300000000003
1658108264,ALGOUSDT,Buy,1459.8,0.3425,ZeroMinusTick,4099b7d8-7ec8-53e9-b469-5993cf85b0da,4.999815000000001e+10,1459.8,499.98150000000004
1658108293,ALGOUSDT,Sell,1160.6,0.3425,ZeroMinusTick,a5cbbb13-1011-5f5f-8c69-9e1989449c2f,3.975055e+10,1160.6,397.5055
1658108293,ALGOUSDT,Sell,1493.1,0.3425,ZeroMinusTick,dd57d518-0983-5415-88f9-7e0e7ff56bc7,5.1138675e+10,1493.1,511.38675
1658108293,ALGOUSDT,Sell,4000,0.3425,ZeroMinusTick,a6a19596-94d6-516a-b481-c02d2d5f96b8,1.37e+11,4000,1370
1658108293,ALGOUSDT,Sell,1632.7,0.3425,ZeroMinusTick,56830cf7-c0f8-5e8c-a160-64151374d1a3,5.591997500000001e+10,1632.7,559.1997500000001
1658108293,ALGOUSDT,Sell,674.6,0.3425,ZeroMinusTick,527669da-edeb-5915-871a-55af3a6471e4,2.3105050000000004e+10,674.6,231.05050000000003
1658108294,ALGOUSDT,Sell,38.2,0.3425,ZeroMinusTick,be54b0bf-e096-5e08-be8a-5dca1c5b627b,1.3083500000000002e+09,38.2,13.083500000000003
1658108310,ALGOUSDT,Sell,11,0.3425,ZeroMinusTick,b143ec55-42cd-59ee-80a5-faca174c2f53,3.7675e+08,11,3.7675
1658108317,ALGOUSDT,Buy,0.5,0.3430,PlusTick,0e344b55-0415-57d0-819e-237dc6ccedfb,1.715e+07,0.5,0.1715
1658108321,ALGOUSDT,Sell,4.5,0.3425,MinusTick,4a713e14-c077-59e8-916f-77b06b4566ed,1.5412500000000003e+08,4.5,1.5412500000000002
1658108328,ALGOUSDT,Sell,27.6,0.3425,ZeroMinusTick,5f710cd8-4c34-50f6-86c1-b447b2671a4d,9.453000000000001e+08,27.6,9.453000000000001
1658108343,ALGOUSDT,Sell,0.5,0.3425,ZeroMinusTick,62032c2e-3fda-5617-ba65-18dbe8afa042,1.7125e+07,0.5,0.17125
1658108360,ALGOUSDT,Sell,4.4,0.3425,ZeroMinusTick,656e495b-d49d-5280-92de-04ddf6fbd563,1.5070000000000003e+08,4.4,1.5070000000000003
1658108363,ALGOUSDT,Buy,1457.2,0.3430,PlusTick,d50d1ab5-0773-5fbc-a2e5-2f1db399dd79,4.998196e+10,1457.2,499.81960000000004
1658108363,ALGOUSDT,Buy,1200,0.3430,ZeroMinusTick,ebc235f5-1531-5b8f-96fd-a19166ccebfd,4.116e+10,1200,411.6
1658108380,ALGOUSDT,Sell,3.8,0.3430,ZeroMinusTick,beba2e01-3ac4-537a-907c-e43ed263c675,1.3034000000000001e+08,3.8,1.3034000000000001
1658108394,ALGOUSDT,Sell,12.4,0.3430,ZeroMinusTick,747db69e-efff-5aed-b78b-532bd3966e0e,4.2532000000000006e+08,12.4,4.2532000000000005
1658108409,ALGOUSDT,Sell,0.1,0.3430,ZeroMinusTick,6c8c86a8-e084-527b-a214-b161c4ea01b4,3.4300000000000005e+06,0.1,0.034300000000000004
1658108414,ALGOUSDT,Sell,3.9,0.3430,ZeroMinusTick,4dda63ea-00d3-55c6-9b7a-7e2495562116,1.3377000000000001e+08,3.9,1.3377000000000001
1658108423,ALGOUSDT,Sell,19.2,0.3430,ZeroMinusTick,2a98805d-2366-5926-8175-64d16c79c471,6.5856e+08,19.2,6.5856
1658108441,ALGOUSDT,Sell,0.7,0.3430,ZeroMinusTick,557eabaa-9054-55b1-ba00-b1a2acbd4b45,2.401e+07,0.7,0.2401
1658108443,ALGOUSDT,Sell,0.3,0.3430,ZeroMinusTick,5661b4b4-347c-57c4-a343-ca703c24ed1a,1.029e+07,0.3,0.1029
1658108461,ALGOUSDT,Sell,3.3,0.3430,ZeroMinusTick,2721666b-c67d-5fd1-8d46-d5fe75ec379e,1.1319000000000001e+08,3.3,1.1319000000000001
1658108473,ALGOUSDT,Sell,3.2,0.3430,ZeroMinusTick,17354221-c3e0-5fb6-94e8-ac6f395f6ca4,1.0976000000000001e+08,3.2,1.0976000000000001
1658108479,ALGOUSDT,Sell,360,0.3430,ZeroMinusTick,df35d124-8726-503c-97c3-f0ca9496e81e,1.2348e+10,360,123.48
1658108483,ALGOUSDT,Sell,9.4,0.3430,ZeroMinusTick,37ab64ca-9bcb-5698-bb1d-37eebfe59b01,3.2242e+08,9.4,3.2242
1658108487,ALGOUSDT,Sell,10,0.3430,ZeroMinusTick,70262936-9c82-543c-bb34-33d3a185287b,3.43e+08,10,3.43
1658108501,ALGOUSDT,Sell,1.9,0.3430,ZeroMinusTick,ff2d6559-aa93-583f-a60f-9afc1316eb4b,6.517000000000001e+07,1.9,0.6517000000000001
1658108506,ALGOUSDT,Buy,34.6,0.3435,PlusTick,156a402b-564c-5d3b-8363-eaadbe9a6240,1.1885100000000002e+09,34.6,11.885100000000001
1658108506,ALGOUSDT,Buy,2.7,0.3435,ZeroMinusTick,3e8a5f8b-053a-54f1-a808-6ecb736b0395,9.274500000000001e+07,2.7,0.9274500000000001
1658108506,ALGOUSDT,Buy,224.7,0.3435,ZeroMinusTick,42f4fe7d-008a-542b-b0fc-bce092135d5f,7.718445e+09,224.7,77.18445
1658108506,ALGOUSDT,Buy,0.9,0.3435,ZeroMinusTick,9523dc50-cf1b-56bb-9502-6622170e95aa,3.0915000000000004e+07,0.9,0.30915000000000004
1658108506,ALGOUSDT,Buy,0.9,0.3435,ZeroMinusTick,238f09d2-61bc-57d8-b203-35b87b1d5975,3.0915000000000004e+07,0.9,0.30915000000000004
1658108506,ALGOUSDT,Buy,3.8,0.3435,ZeroMinusTick,b6908ec7-5571-5a73-a222-11f3bd11a34a,1.3053000000000001e+08,3.8,1.3053000000000001
1658108506,ALGOUSDT,Buy,78.1,0.3435,ZeroMinusTick,63acf902-bee5-5557-9b86-88b5e593c565,2.682735e+09,78.1,26.82735
1658108506,ALGOUSDT,Buy,20.5,0.3435,ZeroMinusTick,fde5a7bd-989d-55a2-81ff-f70b8eaef0e4,7.04175e+08,20.5,7.04175
1658108506,ALGOUSDT,Buy,30,0.3440,PlusTick,e67ed316-7da4-5f31-8198-5545562ed081,1.0319999999999999e+09,30,10.319999999999999
1658108506,ALGOUSDT,Buy,11,0.3440,ZeroMinusTick,cb7b9496-f1b5-508b-a9c9-550fc9cc393e,3.784e+08,11,3.784
1658108506,ALGOUSDT,Buy,20,0.3440,ZeroMinusTick,16b17f29-f882-5c1b-870c-272a71219c74,6.879999999999999e+08,20,6.879999999999999
1658108506,ALGOUSDT,Buy,4300,0.3440,ZeroMinusTick,a74deca8-f3e3-5918-85bc-fec46814ece9,1.4791999999999997e+11,4300,1479.1999999999998
1658108506,ALGOUSDT,Buy,294.3,0.3440,ZeroMinusTick,21dbdbe9-2649-5490-8098-f34e20a008c4,1.012392e+10,294.3,101.2392
1658108506,ALGOUSDT,Buy,201.8,0.3440,ZeroMinusTick,9194bd40-45cb-5042-91b6-9731e8df8b45,6.94192e+09,201.8,69.4192
1658108506,ALGOUSDT,Buy,142.9,0.3440,ZeroMinusTick,ae8adda4-4431-573f-b3b7-1d0b43502af5,4.915759999999999e+09,142.9,49.157599999999995
1658108506,ALGOUSDT,Buy,4278.8,0.3440,ZeroMinusTick,7d17fdc3-809c-5d18-90a1-c9b03e7cf3b6,1.4719072e+11,4278.8,1471.9071999999999
1658108506,ALGOUSDT,Buy,721.2,0.3440,ZeroMinusTick,190891f3-cf93-5849-87f8-8c3e1c263c31,2.480928e+10,721.2,248.09279999999998
1658108506,ALGOUSDT,Buy,735.9,0.3440,ZeroMinusTick,3567bc92-a1f9-5646-a71b-c4646f67e949,2.5314959999999996e+10,735.9,253.14959999999996
1658108506,ALGOUSDT,Buy,1322.5,0.3440,ZeroMinusTick,e242f22d-af98-5d8a-83c6-bd777ace542c,4.549399999999999e+10,1322.5,454.93999999999994
1658108506,ALGOUSDT,Buy,4764.6,0.3440,ZeroMinusTick,fcdc62ea-5a61-5d3d-89ed-d3247d179df6,1.6390224e+11,4764.6,1639.0224
1658108506,ALGOUSDT,Buy,1.3,0.3440,ZeroMinusTick,75cf109b-7010-5b3c-acd9-8eb1557f545f,4.472e+07,1.3,0.4472
1658108506,ALGOUSDT,Buy,1.3,0.3440,ZeroMinusTick,7b1ea4b5-4f1f-5ba4-a517-9d229abda05d,4.472e+07,1.3,0.4472
1658108506,ALGOUSDT,Buy,5.5,0.3440,ZeroMinusTick,26d94552-218d-503a-b050-0b9f1dd0fb9a,1.892e+08,5.5,1.892
1658108506,ALGOUSDT,Buy,227.3,0.3440,ZeroMinusTick,cfb211c7-73e8-5fd4-b5a0-81f9ae589bb7,7.819119999999999e+09,227.3,78.1912
1658108506,ALGOUSDT,Buy,330.8,0.3440,ZeroMinusTick,c04fe637-741b-55d7-af86-71361233026f,1.137952e+10,330.8,113.7952
1658108506,ALGOUSDT,Buy,31.4,0.3440,ZeroMinusTick,0b11a44c-e8f7-5887-9809-086bb29fb02b,1.0801599999999998e+09,31.4,10.801599999999999
1658108506,ALGOUSDT,Buy,120.2,0.3440,ZeroMinusTick,3fdc6224-ac31-51e8-b4b5-c69833ccea58,4.1348799999999995e+09,120.2,41.3488
1658108506,ALGOUSDT,Buy,4517.6,0.3440,ZeroMinusTick,3ef7217e-18ca-5ad2-9427-2f5b927f1948,1.5540544e+11,4517.6,1554.0544
1658108506,ALGOUSDT,Buy,1566.2,0.3440,ZeroMinusTick,42929eb4-3770-544d-a500-91690b3c1a65,5.387727999999999e+10,1566.2,538.7728
1658108506,ALGOUSDT,Buy,1000,0.3440,ZeroMinusTick,99333b3c-d32d-52ea-a154-16730f2a88cd,3.44e+10,1000,344
1658108506,ALGOUSDT,Buy,2330.5,0.3440,ZeroMinusTick,bbbd5719-889c-5c6f-89f0-364f86ad03c9,8.016919999999998e+10,2330.5,801.6919999999999
1658108506,ALGOUSDT,Buy,103.3,0.3440,ZeroMinusTick,e284986e-ac0e-5277-a87c-893ce2b71594,3.5535199999999995e+09,103.3,35.535199999999996
1658108506,ALGOUSDT,Buy,2227.2,0.3440,ZeroMinusTick,d193189c-084a-5080-a755-bcac8c31b2d9,7.661567999999998e+10,2227.2,766.1567999999999
1658108506,ALGOUSDT,Buy,2330.5,0.3440,ZeroMinusTick,93c9f66c-7090-5c29-aef1-a3ef24f1bcbd,8.016919999999998e+10,2330.5,801.6919999999999
1658108506,ALGOUSDT,Buy,442.3,0.3440,ZeroMinusTick,af831bbf-fb54-5a47-8c9c-b66de4177abc,1.5215119999999998e+10,442.3,152.1512
1658108506,ALGOUSDT,Buy,140.3,0.3440,ZeroMinusTick,d102b6ca-b1cb-5694-8c84-340e69125833,4.82632e+09,140.3,48.2632
1658108506,ALGOUSDT,Buy,2330.5,0.3440,ZeroMinusTick,4e6d884c-7b7c-5211-8cd7-b5b5c1a8592b,8.016919999999998e+10,2330.5,801.6919999999999
1658108506,ALGOUSDT,Buy,1663,0.3440,ZeroMinusTick,9b0569f7-c24c-5dff-9a76-48189f9a3978,5.72072e+10,1663,572.072
1658108506,ALGOUSDT,Buy,866.2,0.3440,ZeroMinusTick,c04666f9-d70a-5d35-9963-85292b39bf79,2.979728e+10,866.2,297.9728
1658108506,ALGOUSDT,Buy,1464.3,0.3440,ZeroMinusTick,43c99a18-34dc-5089-baf7-8ef8f7ced340,5.037191999999999e+10,1464.3,503.71919999999994
1658108506,ALGOUSDT,Buy,5.9,0.3445,PlusTick,14a9d830-beca-5076-8edf-a1a83522ade1,2.03255e+08,5.9,2.03255
1658108506,ALGOUSDT,Buy,35.7,0.3445,ZeroMinusTick,388b9c3b-3da0-5f8f-a3cf-3b9f201b4813,1.229865e+09,35.7,12.29865
1658108506,ALGOUSDT,Buy,208.4,0.3445,ZeroMinusTick,d937f64c-83ab-54ef-959f-fd9e3d88e0c6,7.179379999999999e+09,208.4,71.79379999999999
1658108506,ALGOUSDT,Buy,366.2,0.3445,ZeroMinusTick,5d948065-6c83-5023-a912-d5287c5d3438,1.2615589999999998e+10,366.2,126.15589999999999
1658108506,ALGOUSDT,Buy,592.6,0.3445,ZeroMinusTick,966d3d28-9d78-59c8-b2af-51be4579a446,2.041507e+10,592.6,204.1507
1658108506,ALGOUSDT,Buy,571.8,0.3445,ZeroMinusTick,a313a7d8-6211-5911-8b92-7e65ecac825f,1.9698509999999996e+10,571.8,196.98509999999996
1658108506,ALGOUSDT,Buy,281,0.3445,ZeroMinusTick,07ede50c-ae15-53fb-bcb0-e6286858ab43,9.680449999999998e+09,281,96.80449999999999
1658108506,ALGOUSDT,Buy,1246.1,0.3445,ZeroMinusTick,ba595e3e-3113-5560-9537-3e4a8e3ea80b,4.292814499999999e+10,1246.1,429.28144999999995
1658108506,ALGOUSDT,Buy,365.4,0.3445,ZeroMinusTick,06903c46-de54-5cf4-a73a-4ac9905bf6d8,1.2588029999999998e+10,365.4,125.88029999999998
1658108506,ALGOUSDT,Buy,1150,0.3445,ZeroMinusTick,9a93fe0a-bd40-53da-b94a-542eb713fa95,3.961749999999999e+10,1150,396.17499999999995
1658108506,ALGOUSDT,Buy,1323.1,0.3445,ZeroMinusTick,50d3b9b4-23af-5d3a-8125-d5c9f8dc1a59,4.558079499999999e+10,1323.1,455.80794999999995
1658108506,ALGOUSDT,Buy,1.6,0.3445,ZeroMinusTick,473a0e9b-9f0c-542f-87bc-279389046b07,5.512e+07,1.6,0.5512
1658108506,ALGOUSDT,Buy,1.7,0.3445,ZeroMinusTick,6769dda1-8e75-5ad5-8af5-8ddb24a6473d,5.856499999999999e+07,1.7,0.5856499999999999
1658108506,ALGOUSDT,Buy,7.1,0.3445,ZeroMinusTick,81e8cfc0-d975-5ab5-8f50-283be7427b1f,2.4459499999999997e+08,7.1,2.44595
1658108506,ALGOUSDT,Buy,1251.4,0.3445,ZeroMinusTick,969b90cc-df2f-5de9-af0a-75467767b2f6,4.311073e+10,1251.4,431.1073
1658108506,ALGOUSDT,Buy,2106.6,0.3445,ZeroMinusTick,f35c202a-c1d4-5e59-acfc-b8a4dac4f501,7.257236999999998e+10,2106.6,725.7236999999999
1658108506,ALGOUSDT,Buy,100.1,0.3445,ZeroMinusTick,bc950abf-fd12-5b39-8c9c-744f39f81f55,3.4484449999999995e+09,100.1,34.484449999999995
1658108506,ALGOUSDT,Buy,450,0.3445,ZeroMinusTick,05087288-4c23-5075-bf77-4a3090c4014a,1.5502499999999998e+10,450,155.02499999999998
1658108507,ALGOUSDT,Buy,649.9,0.3445,ZeroMinusTick,ef8da06a-33b3-5c1f-960b-64cc0355c0ee,2.2389054999999996e+10,649.9,223.89054999999996
1658108507,ALGOUSDT,Buy,1632.7,0.3445,ZeroMinusTick,bc1cee9b-e49a-5628-8e54-ae90ed9cd901,5.6246515e+10,1632.7,562.46515
1658108507,ALGOUSDT,Buy,4.9,0.3445,ZeroMinusTick,b369b0c4-0143-52ce-991e-aa5426b37fc4,1.68805e+08,4.9,1.68805
1658108507,ALGOUSDT,Buy,1663,0.3445,ZeroMinusTick,a2c976dc-1e6a-553c-ac3a-f2f25911a07f,5.729035e+10,1663,572.9035
1658108507,ALGOUSDT,Buy,8.6,0.3450,PlusTick,2c4b8e1d-c6fd-5960-b3e0-16ee80e8412c,2.9669999999999994e+08,8.6,2.9669999999999996
1658108507,ALGOUSDT,Buy,38.2,0.3450,ZeroMinusTick,9aea8cbe-d586-556b-8b23-d78eb62cc0c2,1.3179e+09,38.2,13.179
1658108507,ALGOUSDT,Buy,64,0.3450,ZeroMinusTick,3c4b13a1-3582-5d76-bccb-ea58afd16d49,2.208e+09,64,22.08
1658108507,ALGOUSDT,Buy,286.2,0.3450,ZeroMinusTick,6d3f896e-ee88-5fe9-8d50-e49141712d4e,9.873899999999998e+09,286.2,98.73899999999999
1658108507,ALGOUSDT,Buy,1.2,0.3450,ZeroMinusTick,b0a1b64d-bd7e-5d51-bd6e-80864d940b7b,4.14e+07,1.2,0.414
1658108507,ALGOUSDT,Buy,3.5,0.3450,ZeroMinusTick,6e828434-c751-57ba-861b-ecad4db09d7d,1.2075e+08,3.5,1.2075
1658108507,ALGOUSDT,Buy,194.4,0.3450,ZeroMinusTick,8d325d24-6c94-5665-91c7-6a69325d8855,6.7068e+09,194.4,67.068
1658108507,ALGOUSDT,Buy,18.9,0.3450,ZeroMinusTick,2d2a7005-0f6d-5a56-b314-4c9cd54af5b6,6.520499999999999e+08,18.9,6.520499999999999
1658108507,ALGOUSDT,Buy,123.6,0.3450,ZeroMinusTick,2de8b330-6cdb-5f1d-9a58-2b5067a76906,4.2641999999999995e+09,123.6,42.641999999999996
1658108507,ALGOUSDT,Buy,25,0.3450,ZeroMinusTick,33fe3895-37bd-5e5a-94f6-f5649220b676,8.625e+08,25,8.625
1658108507,ALGOUSDT,Buy,2.2,0.3450,ZeroMinusTick,f83f098e-410e-538c-9348-8c58d265fa07,7.59e+07,2.2,0.759
1658108507,ALGOUSDT,Buy,2.2,0.3450,ZeroMinusTick,5f0d8c93-a903-5d9c-ae36-9f6db04e1377,7.59e+07,2.2,0.759
1658108507,ALGOUSDT,Buy,20,0.3450,ZeroMinusTick,8c94934b-f594-5eb8-ad71-4f3e37cdf161,6.9e+08,20,6.8999999999999995
1658108507,ALGOUSDT,Buy,1167.1,0.3450,ZeroMinusTick,43651dfd-4dfc-57f9-b798-8e073cfc554e,4.026494999999999e+10,1167.1,402.64949999999993
1658108507,ALGOUSDT,Buy,1,0.3450,ZeroMinusTick,9d2ea530-9cb1-5695-a287-9cd63d519385,3.45e+07,1,0.345
1658108507,ALGOUSDT,Buy,1979.4,0.3450,ZeroMinusTick,ff8f26ff-4fcb-5f8b-af0a-1c09ff8b5bd4,6.82893e+10,1979.4,682.893
1658108507,ALGOUSDT,Sell,101.4,0.3445,MinusTick,cbec7d03-b5c8-55af-9922-152532025c58,3.49323e+09,101.4,34.9323
1658108507,ALGOUSDT,Buy,726.1,0.3450,PlusTick,a707bf73-ac2a-5355-b7f7-ce0f5404afe5,2.5050449999999996e+10,726.1,250.50449999999998
1658108507,ALGOUSDT,Buy,241.4,0.3450,ZeroMinusTick,42fd8ee5-0999-5057-bdf6-e4c0bcdefc14,8.3283e+09,241.4,83.283
1658108507,ALGOUSDT,Buy,178.5,0.3450,ZeroMinusTick,bd6059e3-ff25-5676-8631-22b6ca2a628b,6.15825e+09,178.5,61.582499999999996
1658108507,ALGOUSDT,Sell,9.1,0.3445,MinusTick,f4d98bab-3899-5b4e-8380-f9c70c58cb06,3.1349499999999994e+08,9.1,3.1349499999999995
1658108508,ALGOUSDT,Sell,1000,0.3445,ZeroMinusTick,23d72409-d83b-5995-a50f-3417d95c6641,3.445e+10,1000,344.5
1658108508,ALGOUSDT,Sell,2320.5,0.3445,ZeroMinusTick,514ac69f-7e79-57cc-abd5-788e2a8b6b46,7.9941225e+10,2320.5,799.41225
1658108509,ALGOUSDT,Sell,31.7,0.3440,MinusTick,551ef3fe-7885-56f5-81c6-83a4e581d66b,1.0904799999999998e+09,31.7,10.904799999999998
1658108509,ALGOUSDT,Sell,31.7,0.3440,ZeroMinusTick,afcf93eb-debd-57d9-832e-5f2b2fa8a968,1.0904799999999998e+09,31.7,10.904799999999998
1658108509,ALGOUSDT,Buy,446.3,0.3445,PlusTick,675270e5-29b2-5543-848a-6329667067a1,1.5375035e+10,446.3,153.75035
1658108509,ALGOUSDT,Buy,892.6,0.3445,ZeroMinusTick,2e658db4-07bd-5d62-82e2-871bbab7dcac,3.075007e+10,892.6,307.5007
1658108509,ALGOUSDT,Buy,293.8,0.3445,ZeroMinusTick,80eb52ac-458d-5132-b192-50e721649956,1.012141e+10,293.8,101.2141
1658108509,ALGOUSDT,Buy,464.9,0.3445,ZeroMinusTick,12cec088-c618-5bab-ade7-78fdfc5cc102,1.6015804999999998e+10,464.9,160.15804999999997
1658108512,ALGOUSDT,Sell,3.3,0.3445,ZeroMinusTick,13e37cad-89bd-59d1-b6cd-fddc421cb6c9,1.1368499999999999e+08,3.3,1.13685
1658108514,ALGOUSDT,Buy,294.3,0.3450,PlusTick,e3c8aa39-488b-54d0-a82b-13788555b05c,1.0153349999999998e+10,294.3,101.53349999999999
1658108514,ALGOUSDT,Buy,1200,0.3450,ZeroMinusTick,509168d4-641f-5d9e-9a11-d39c14ecbe12,4.139999999999999e+10,1200,413.99999999999994
1658108514,ALGOUSDT,Buy,1119.9,0.3450,ZeroMinusTick,217455f0-8847-5400-a587-0ae66bc4b4e8,3.863655e+10,1119.9,386.3655
1658108519,ALGOUSDT,Sell,4.1,0.3445,MinusTick,95e3e722-33f6-591c-bcdc-cbd3a40fbc99,1.4124499999999997e+08,4.1,1.4124499999999998
1658108519,ALGOUSDT,Sell,2.6,0.3445,ZeroMinusTick,102138b1-39aa-5ace-8db4-8510eb2580e5,8.957e+07,2.6,0.8956999999999999
1658108519,ALGOUSDT,Sell,5.7,0.3445,ZeroMinusTick,fc3c6137-2df8-58ef-bdda-49dd6b69e7f1,1.96365e+08,5.7,1.96365
1658108525,ALGOUSDT,Sell,3.1,0.3445,ZeroMinusTick,de7d1a5b-dfd3-5521-863b-8cc18e1463bb,1.06795e+08,3.1,1.06795
1658108529,ALGOUSDT,Buy,0.9,0.3450,PlusTick,b1dad228-3dfb-55a9-8b75-f2dbd134cf94,3.105e+07,0.9,0.3105
1658108529,ALGOUSDT,Buy,0.7,0.3450,ZeroMinusTick,30e33cb6-171d-5e88-ae9e-6c77d64d5a33,2.4149999999999996e+07,0.7,0.24149999999999996
1658108529,ALGOUSDT,Buy,4.7,0.3450,ZeroMinusTick,5d3513de-f8be-5b11-a4bd-27d8fc9366df,1.6215e+08,4.7,1.6215
1658108531,ALGOUSDT,Buy,1.4,0.3455,PlusTick,cc5e1339-a060-52a8-83ed-f790c4bd30fb,4.836999999999999e+07,1.4,0.4836999999999999
1658108531,ALGOUSDT,Buy,8.4,0.3455,ZeroMinusTick,318a02c7-6b46-5430-9b0f-ce58d9a2c791,2.9022e+08,8.4,2.9022
1658108531,ALGOUSDT,Sell,159.5,0.3450,MinusTick,72572d32-d56b-5dd9-808f-cf04b709fdc5,5.50275e+09,159.5,55.027499999999996
1658108531,ALGOUSDT,Sell,3.7,0.3450,ZeroMinusTick,3893a320-a6dc-5362-af3b-28246a2e801e,1.2765e+08,3.7,1.2765
1658108533,ALGOUSDT,Sell,119.4,0.3450,ZeroMinusTick,56e5b5f9-1d80-5726-802a-32286bf2bff4,4.1193e+09,119.4,41.193
1658108533,ALGOUSDT,Sell,1.6,0.3445,MinusTick,16aa2da2-fb63-54b1-9f74-064a919e0a8b,5.512e+07,1.6,0.5512
1658108533,ALGOUSDT,Sell,15.6,0.3445,ZeroMinusTick,09601c43-e509-522a-bd6d-2399d7968f4a,5.374199999999999e+08,15.6,5.374199999999999
1658108533,ALGOUSDT,Sell,101.8,0.3445,ZeroMinusTick,afe95c15-b3f7-5374-a5b7-3f98b52c5dcb,3.5070099999999995e+09,101.8,35.0701
1658108533,ALGOUSDT,Sell,1342.6,0.3445,ZeroMinusTick,810bb932-09e5-544a-908f-aaa29bc4a422,4.625256999999999e+10,1342.6,462.5256999999999
1658108533,ALGOUSDT,Sell,290.1,0.3445,ZeroMinusTick,5348eabf-6e3e-5750-abae-d2ba1bb5e672,9.993945e+09,290.1,99.93945
1658108533,ALGOUSDT,Sell,31.3,0.3445,ZeroMinusTick,86f56283-0b1d-5f25-a325-cf036514ef60,1.078285e+09,31.3,10.78285
1658108533,ALGOUSDT,Sell,806.1,0.3445,ZeroMinusTick,66d5bb17-182a-5112-9647-68e8783db6e6,2.7770144999999996e+10,806.1,277.70144999999997
1658108533,ALGOUSDT,Sell,3358,0.3445,ZeroMinusTick,fae549ba-56ee-5200-a410-be2ba8b8eef2,1.1568309999999998e+11,3358,1156.831
1658108533,ALGOUSDT,Sell,500.5,0.3445,ZeroMinusTick,deefb4e3-4682-5a66-9fee-4378647c36e2,1.7242225e+10,500.5,172.42225
1658108559,ALGOUSDT,Sell,580.5,0.3450,PlusTick,53500d81-d3ae-5f25-b0e3-99b81f170050,2.0027249999999996e+10,580.5,200.27249999999998
1658108559,ALGOUSDT,Sell,419.5,0.3450,ZeroMinusTick,607cbb0c-704d-56be-820d-2b2ad8c7bbb0,1.447275e+10,419.5,144.7275
1658108559,ALGOUSDT,Sell,287.2,0.3450,ZeroMinusTick,85b03c8e-0bd8-54d5-a9a3-f50fafba469a,9.908399999999998e+09,287.2,99.08399999999999
1658108563,ALGOUSDT,Sell,3238.9,0.3450,ZeroMinusTick,b9524977-5cbb-59a7-985f-f590801d53ca,1.1174205e+11,3238.9,1117.4205
1658108599,ALGOUSDT,Buy,3.1,0.3455,PlusTick,b78e2149-abdb-5fe0-943d-ac62a8d507db,1.07105e+08,3.1,1.07105
