timestamp,symbol,side,size,price,tickDirection,trdMatchID,grossValue,homeNotional,foreignNotional
1658275235,ALGOUSDT,Sell,1.3,0.3720,ZeroMinusTick,90f18e38-c808-5baa-9a78-be7b2ced2b93,4.836e+07,1.3,0.48360000000000003
1658275268,ALGOUSDT,Sell,83.9,0.3715,MinusTick,ace3f14a-037b-5b2a-94e3-98d15ef983ff,3.1168850000000005e+09,83.9,31.168850000000003
1658275280,ALGOUSDT,Sell,470.1,0.3710,MinusTick,50c64a28-4c5b-58ad-9d6f-36710630ff1f,1.744071e+10,470.1,174.4071
1658275280,ALGOUSDT,Sell,1009.9,0.3710,ZeroMinusTick,ba66d358-b9c2-5c07-8938-289a0cbfc05c,3.746729e+10,1009.9,374.67289999999997
1658275280,ALGOUSDT,Sell,336,0.3710,ZeroMinusTick,a18e061b-2a70-5dca-952f-91eba77b7069,1.24656e+10,336,124.656
1658275301,ALGOUSDT,Sell,1.4,0.3705,MinusTick,b86ef1c6-ca1f-5291-b5b3-a93c587a94ef,5.186999999999999e+07,1.4,0.5186999999999999
1658275301,ALGOUSDT,Sell,2.9,0.3705,ZeroMinusTick,0fa6fdbb-0429-52d9-bde5-5fc1c9a0859e,1.0744499999999999e+08,2.9,1.07445
1658275301,ALGOUSDT,Sell,4.4,0.3705,ZeroMinusTick,110308af-f20b-535a-8287-6bf6b8402bc3,1.6302e+08,4.4,1.6302
1658275308,ALGOUSDT,Sell,75.5,0.3700,MinusTick,95832138-21ed-5efe-9483-75fbb90ac242,2.7935e+09,75.5,27.935
1658275308,ALGOUSDT,Sell,2.2,0.3700,ZeroMinusTick,21e4bdbf-a2cb-5ce0-913e-27ca83e0fae9,8.14e+07,2.2,0.8140000000000001
1658275308,ALGOUSDT,Sell,5.9,0.3700,ZeroMinusTick,beb008bd-a4cf-50d5-84b2-260c78fe8c70,2.1830000000000003e+08,5.9,2.1830000000000003
1658275308,ALGOUSDT,Sell,4373,0.3700,ZeroMinusTick,daec6cd9-7992-5427-bf52-752c45c7f440,1.61801e+11,4373,1618.01
1658275308,ALGOUSDT,Sell,1349.6,0.3700,ZeroMinusTick,4cc2026a-5c0a-53ca-8b35-fcba03cce0b3,4.99352e+10,1349.6,499.352
1658275309,ALGOUSDT,Buy,3.5,0.3700,ZeroMinusTick,5f2d33d4-f1ec-585c-a6c7-34ff07593826,1.295e+08,3.5,1.295
1658275310,ALGOUSDT,Buy,1.7,0.3700,ZeroMinusTick,be909abe-d077-567d-b3d7-3529f0dff448,6.29e+07,1.7,0.629
1658275323,ALGOUSDT,Buy,645.6,0.3705,PlusTick,dd8de743-781c-5407-8c9a-6395f2aaf8b5,2.391948e+10,645.6,239.19480000000001
1658275362,ALGOUSDT,Buy,2.7,0.3705,ZeroMinusTick,159ab073-95ea-57b5-958c-d60e584fc9d3,1.00035e+08,2.7,1.00035
1658275362,ALGOUSDT,Buy,379,0.3705,ZeroMinusTick,26407203-d075-50d5-bc70-ecccbb685d4b,1.404195e+10,379,140.4195
1658275362,ALGOUSDT,Buy,621,0.3705,ZeroMinusTick,3fac8580-fb5f-53c0-b061-230a902345b2,2.300805e+10,621,230.0805
1658275384,ALGOUSDT,Buy,1480,0.3710,PlusTick,9e40f01c-5608-52fd-a46c-d9d040234c9a,5.490800000000001e+10,1480,549.08
1658275384,ALGOUSDT,Buy,1632.7,0.3710,ZeroMinusTick,8ebd5cdc-1a0a-5277-93a5-3406472081f4,6.057317000000001e+10,1632.7,605.7317
1658275384,ALGOUSDT,Buy,938.9,0.3710,ZeroMinusTick,7812af95-7e13-5f70-9612-6b21c85ebe7c,3.483319e+10,938.9,348.33189999999996
1658275384,ALGOUSDT,Buy,3.4,0.3710,ZeroMinusTick,b9a19692-1893-58d9-ab39-4dae173d180b,1.2613999999999999e+08,3.4,1.2613999999999999
1658275421,ALGOUSDT,Sell,1275,0.3705,MinusTick,f8c952a5-aad3-52a1-be9b-c6fbd55a0ae7,4.723875e+10,1275,472.3875
1658275425,ALGOUSDT,Buy,0.3,0.3705,ZeroMinusTick,557d8efc-d6f5-55b3-a96c-0898430db813,1.1115e+07,0.3,0.11115
1658275427,ALGOUSDT,Sell,2.4,0.3700,MinusTick,09944a77-70b9-5a04-bcce-7c48581eddf2,8.88e+07,2.4,0.888
1658275427,ALGOUSDT,Sell,1632.7,0.3700,ZeroMinusTick,8f593209-5144-5656-90c2-455c7ae1d98a,6.040990000000001e+10,1632.7,604.099
1658275427,ALGOUSDT,Sell,1275,0.3700,ZeroMinusTick,28d4283f-5b66-573b-ac0c-d94811485393,4.7175e+10,1275,471.75
1658275427,ALGOUSDT,Sell,1349.6,0.3700,ZeroMinusTick,7f65f9b2-d097-5761-8895-16ad9091e0bb,4.99352e+10,1349.6,499.352
1658275429,ALGOUSDT,Buy,1350.6,0.3700,ZeroMinusTick,c643d3ed-5b4b-52c4-9a31-a5226b7f8f2f,4.99722e+10,1350.6,499.722
1658275435,ALGOUSDT,Buy,1350.7,0.3700,ZeroMinusTick,09ce0d86-e459-540c-8f3d-5d64232ab999,4.99759e+10,1350.7,499.759
1658275438,ALGOUSDT,Buy,269,0.3705,PlusTick,106642d5-0b52-58d9-a7c4-5e58c7870678,9.96645e+09,269,99.6645
1658275438,ALGOUSDT,Buy,470.1,0.3705,ZeroMinusTick,78f3c900-b05a-565a-b013-74adb096f76b,1.7417205e+10,470.1,174.17205
1658275469,ALGOUSDT,Buy,3,0.3710,PlusTick,e9d88fad-11ea-5eb9-9dbb-06df3f08aa9f,1.113e+08,3,1.113
1658275540,ALGOUSDT,Sell,296.8,0.3710,ZeroMinusTick,0e7cfab8-51e9-5ac8-9954-d1cc43c8fd74,1.101128e+10,296.8,110.11280000000001
1658275605,ALGOUSDT,Sell,1.6,0.3705,MinusTick,6d353fad-a10a-57a9-8562-129494edbb5f,5.928e+07,1.6,0.5928
1658275607,ALGOUSDT,Buy,1346.9,0.3710,PlusTick,24a22335-35fd-5481-b361-28a03cc94835,4.996999e+10,1346.9,499.6999
1658275607,ALGOUSDT,Buy,1275,0.3710,ZeroMinusTick,1d0b5dcc-79ed-5d2d-8f67-f63aafb97e6b,4.73025e+10,1275,473.025
1658275664,ALGOUSDT,Buy,1.8,0.3715,PlusTick,85e6115f-c5ba-543e-aec2-ebc6c8030e69,6.686999999999999e+07,1.8,0.6687
1658275664,ALGOUSDT,Buy,3.6,0.3715,ZeroMinusTick,2e492c07-d810-55fd-8766-92a444c95413,1.3373999999999999e+08,3.6,1.3374
1658275669,ALGOUSDT,Sell,1.2,0.3715,ZeroMinusTick,a4d6009c-57b4-5192-8eb2-9281c1a4a757,4.458e+07,1.2,0.4458
1658275671,ALGOUSDT,Sell,2.4,0.3715,ZeroMinusTick,300f46ce-7c36-5e0e-802b-10433af33430,8.916e+07,2.4,0.8916
1658275674,ALGOUSDT,Sell,1.1,0.3715,ZeroMinusTick,3e317b3a-142e-5eeb-8b5f-3a38e3452128,4.0865e+07,1.1,0.40865
1658275688,ALGOUSDT,Buy,500,0.3715,ZeroMinusTick,72ff0d9e-b20c-5199-a3f5-f4b06a4746ef,1.8575e+10,500,185.75
1658275691,ALGOUSDT,Buy,3530,0.3715,ZeroMinusTick,d7d5dc44-0d8b-551c-a181-fbcb87930e40,1.311395e+11,3530,1311.395
1658275691,ALGOUSDT,Buy,411,0.3715,ZeroMinusTick,82246e0d-1db0-54cc-bd37-8dfbb00d86e7,1.526865e+10,411,152.6865
1658275691,ALGOUSDT,Buy,1128.7,0.3715,ZeroMinusTick,19086c7e-ba83-5ebc-9fa3-df4ce23a2931,4.1931205e+10,1128.7,419.31205
1658275695,ALGOUSDT,Buy,123.3,0.3715,ZeroMinusTick,7fa3fbcd-9596-5f36-9db8-5f77b2b4fa7a,4.580595e+09,123.3,45.805949999999996
1658275695,ALGOUSDT,Buy,1480,0.3715,ZeroMinusTick,c0a8f62b-2f65-5535-9b53-cd5a53e2d605,5.498200000000001e+10,1480,549.82
1658275695,ALGOUSDT,Buy,1000,0.3715,ZeroMinusTick,1ea728c2-7325-5a7d-a87c-433415bf9892,3.715e+10,1000,371.5
1658275695,ALGOUSDT,Buy,682.9,0.3715,ZeroMinusTick,0d9c77eb-f586-54ed-9f6d-9534071578a3,2.5369735e+10,682.9,253.69735
1658275695,ALGOUSDT,Buy,718.8,0.3715,ZeroMinusTick,99ae85a1-a16f-52fc-a0ff-a0cf7a4163d8,2.670342e+10,718.8,267.0342
1658275702,ALGOUSDT,Buy,500,0.3715,ZeroMinusTick,2e4c309c-ae11-5762-993d-293e985fe19f,1.8575e+10,500,185.75
1658275711,ALGOUSDT,Buy,85,0.3715,ZeroMinusTick,9f622f7f-6724-5592-8291-d9b348492dd2,3.15775e+09,85,31.5775
1658275745,ALGOUSDT,Buy,2,0.3715,ZeroMinusTick,dac51798-253e-5e56-8cc1-02ac513c5ec0,7.43e+07,2,0.743
1658275849,ALGOUSDT,Sell,1632.7,0.3705,MinusTick,92fb8ae1-665b-500e-b660-a9598ea78a31,6.0491535e+10,1632.7,604.91535
1658275849,ALGOUSDT,Sell,2969.1,0.3705,ZeroMinusTick,3ac35f21-4059-57ce-bc46-7572132fdc37,1.1000515499999998e+11,2969.1,1100.05155
1658275849,ALGOUSDT,Sell,3,0.3705,ZeroMinusTick,e3b5decf-0ba6-5c60-9a1b-1e85dd2e49c1,1.1115e+08,3,1.1115
1658275849,ALGOUSDT,Sell,74.7,0.3705,ZeroMinusTick,1595fb85-7e6c-584e-aac5-871f2e6bbaa0,2.767635e+09,74.7,27.67635
1658275849,ALGOUSDT,Sell,243,0.3700,MinusTick,a4635bac-3f86-50f8-9ec2-380bd2e413af,8.991e+09,243,89.91
1658275849,ALGOUSDT,Sell,3762,0.3700,ZeroMinusTick,37061bec-9867-56e1-9054-937b7c5c987b,1.39194e+11,3762,1391.94
1658275856,ALGOUSDT,Buy,2.9,0.3705,PlusTick,fcc5c422-53f6-5e89-8025-eec4321aad67,1.0744499999999999e+08,2.9,1.07445
1658275860,ALGOUSDT,Buy,1346.9,0.3710,PlusTick,a213357c-374f-5b65-808a-a0786885f555,4.996999e+10,1346.9,499.6999
1658275860,ALGOUSDT,Buy,1632.7,0.3710,ZeroMinusTick,3525b874-1f7d-5061-8155-3eab726adbdd,6.057317000000001e+10,1632.7,605.7317
1658275860,ALGOUSDT,Buy,528.1,0.3710,ZeroMinusTick,34f22cd0-e4bc-55ce-8847-4157cbcfe5d2,1.959251e+10,528.1,195.92510000000001
1658275861,ALGOUSDT,Buy,1480,0.3705,MinusTick,af29f08d-1ada-51ee-bead-4d51d0736eaf,5.4834e+10,1480,548.34
1658275894,ALGOUSDT,Sell,1349.2,0.3700,MinusTick,373e7744-218f-5edb-a2dc-dc7a472a6dac,4.99204e+10,1349.2,499.204
1658275894,ALGOUSDT,Sell,1.4,0.3700,ZeroMinusTick,e6134ba3-dfe2-5180-9379-61e52958a58e,5.18e+07,1.4,0.518
1658275894,ALGOUSDT,Sell,2.5,0.3700,ZeroMinusTick,abae5c6b-35b2-54c7-ad45-85c73f17066f,9.25e+07,2.5,0.925
1658275894,ALGOUSDT,Sell,997.3,0.3700,ZeroMinusTick,a23b9d85-bd03-50cc-9690-e27025143bc8,3.69001e+10,997.3,369.001
1658275894,ALGOUSDT,Sell,9.3,0.3700,ZeroMinusTick,2f443757-e131-5a3c-801d-033a5b132330,3.441e+08,9.3,3.4410000000000003
1658275894,ALGOUSDT,Sell,21.6,0.3700,ZeroMinusTick,66eb77a0-ae21-5c78-871b-0a5a239d5a34,7.992e+08,21.6,7.992
1658275894,ALGOUSDT,Sell,157.8,0.3700,ZeroMinusTick,8e1a7076-b5de-5d30-9dd3-51383cbc02db,5.8386e+09,157.8,58.386
1658275894,ALGOUSDT,Sell,0.7,0.3700,ZeroMinusTick,c2160a3b-3637-50ec-a2bc-3b96a781fbb7,2.59e+07,0.7,0.259
1658275894,ALGOUSDT,Sell,0.6,0.3700,ZeroMinusTick,d2bb7db3-9885-576a-8e59-21fe8df8acd4,2.22e+07,0.6,0.222
1658275894,ALGOUSDT,Sell,997.3,0.3700,ZeroMinusTick,5b25bf4e-6059-5fdf-8905-66b0922bf17e,3.69001e+10,997.3,369.001
1658275894,ALGOUSDT,Sell,8.1,0.3700,ZeroMinusTick,909b4a03-254c-5a4e-ac59-846e54a43fe2,2.997e+08,8.1,2.997
1658275894,ALGOUSDT,Sell,148.4,0.3700,ZeroMinusTick,42f671d0-cde9-5501-96ee-801f4b6c6245,5.4908e+09,148.4,54.908
1658275894,ALGOUSDT,Sell,2839.2,0.3700,ZeroMinusTick,268ff0ae-32c5-5b17-b094-a5d28efd23b2,1.0505039999999998e+11,2839.2,1050.504
1658275894,ALGOUSDT,Sell,302.1,0.3700,ZeroMinusTick,a0e95b5b-6251-5b01-9332-7866f05ff9b8,1.11777e+10,302.1,111.777
1658275894,ALGOUSDT,Sell,0.7,0.3700,ZeroMinusTick,2b28e7f7-6d6c-5ef8-b54e-5d819c633c18,2.59e+07,0.7,0.259
1658275894,ALGOUSDT,Sell,806.7,0.3700,ZeroMinusTick,774c0ebf-41b6-5905-b2c9-7405f88b1c1e,2.98479e+10,806.7,298.479
1658275894,ALGOUSDT,Sell,4.3,0.3700,ZeroMinusTick,8a91e849-f5d7-594a-a8c8-6b686affbe5f,1.591e+08,4.3,1.591
1658275894,ALGOUSDT,Sell,9.3,0.3700,ZeroMinusTick,63a8f897-3c4f-5481-955e-f310b39a20ed,3.441e+08,9.3,3.4410000000000003
1658275894,ALGOUSDT,Sell,388.3,0.3700,ZeroMinusTick,35b6f71f-9e66-5a6b-a929-9f6e018c3eab,1.43671e+10,388.3,143.671
1658275894,ALGOUSDT,Sell,1556.7,0.3700,ZeroMinusTick,c2ea0025-7162-5e03-a69c-ddee6043577a,5.759790000000001e+10,1556.7,575.979
1658275894,ALGOUSDT,Sell,0.8,0.3700,ZeroMinusTick,668ac315-8f98-5739-9767-8b410574f571,2.96e+07,0.8,0.296
1658275894,ALGOUSDT,Sell,759.6,0.3700,ZeroMinusTick,af0fcfb8-b834-5ccc-9d27-2623d91cfbcf,2.8105200000000004e+10,759.6,281.052
1658275917,ALGOUSDT,Buy,1350.5,0.3700,ZeroMinusTick,011e9420-b454-51c2-b59f-b6c1c474ec0b,4.99685e+10,1350.5,499.685
1658275917,ALGOUSDT,Buy,4374.6,0.3700,ZeroMinusTick,6d244a46-a4c8-5b36-953b-d2b0df6a6605,1.618602e+11,4374.6,1618.602
1658275917,ALGOUSDT,Buy,269,0.3700,ZeroMinusTick,5ec99ece-6127-5e28-b0b7-e80c171231e1,9.953e+09,269,99.53
1658275925,ALGOUSDT,Sell,1,0.3695,MinusTick,9fde0209-35b3-5c24-b52c-5fefefd79532,3.695e+07,1,0.3695
1658275925,ALGOUSDT,Sell,1274,0.3695,ZeroMinusTick,8e184e88-5573-5749-b686-bc0b92fd503b,4.70743e+10,1274,470.743
1658275925,ALGOUSDT,Sell,1.7,0.3695,ZeroMinusTick,0709231c-26df-5aa3-a970-191c3a32c91d,6.2815e+07,1.7,0.62815
1658275925,ALGOUSDT,Sell,3.2,0.3695,ZeroMinusTick,528bfc3d-3412-5e7a-bd87-656f7695dac4,1.1824000000000001e+08,3.2,1.1824000000000001
1658275925,ALGOUSDT,Sell,2228.8,0.3695,ZeroMinusTick,ca86a3d8-22ab-5d5d-a7b7-71757914b62b,8.235416e+10,2228.8,823.5416
1658275935,ALGOUSDT,Sell,606.5,0.3695,ZeroMinusTick,a39ab513-e243-54f5-8f38-538fd268e6ec,2.2410175e+10,606.5,224.10175
1658275935,ALGOUSDT,Sell,873.5,0.3695,ZeroMinusTick,16c66a2f-715d-5a85-9748-b0b30421b13e,3.2275824999999996e+10,873.5,322.75825
1658275935,ALGOUSDT,Sell,1663,0.3695,ZeroMinusTick,a678e297-c017-588b-8059-ea375415cb55,6.144784999999999e+10,1663,614.4784999999999
1658275935,ALGOUSDT,Sell,1480,0.3695,ZeroMinusTick,701f2b12-774f-5723-8408-2803ae0458b2,5.4686e+10,1480,546.86
1658275935,ALGOUSDT,Sell,526.8,0.3695,ZeroMinusTick,b92e5b57-9f38-5dd5-b604-9f4f43e4784c,1.9465259999999996e+10,526.8,194.65259999999998
1658275935,ALGOUSDT,Sell,1136.2,0.3695,ZeroMinusTick,d557a663-3a9b-550f-9172-b953ecf9fe18,4.198259e+10,1136.2,419.8259
1658275935,ALGOUSDT,Sell,1632.7,0.3695,ZeroMinusTick,1275f76e-0f19-5089-8bad-bb7efbbdd256,6.0328265e+10,1632.7,603.28265
1658275935,ALGOUSDT,Sell,1803.3,0.3695,ZeroMinusTick,2a639e4e-5791-5f40-94b7-b65e206bf80d,6.6631935e+10,1803.3,666.31935
1658275935,ALGOUSDT,Sell,1275,0.3695,ZeroMinusTick,6162253e-4813-5458-99fb-8a6d6259c537,4.711125e+10,1275,471.1125
1658275935,ALGOUSDT,Sell,1.1,0.3695,ZeroMinusTick,e5ee315e-310a-58ed-a0cb-6b8439e923c0,4.0645e+07,1.1,0.40645000000000003
1658275944,ALGOUSDT,Sell,1.9,0.3690,MinusTick,2096c700-94ad-5bd7-90fd-a646d113e9e6,7.011e+07,1.9,0.7011
1658275944,ALGOUSDT,Sell,3.7,0.3690,ZeroMinusTick,cb9f3246-2a48-5e93-ae7e-eb8c97f9196c,1.3653e+08,3.7,1.3653
1658275944,ALGOUSDT,Sell,1000,0.3690,ZeroMinusTick,bfd6a028-40c1-5995-a359-dbdd0a6dd054,3.69e+10,1000,369
1658275944,ALGOUSDT,Sell,627.1,0.3690,ZeroMinusTick,df1c301e-80bb-51b8-9736-44295b5bc64e,2.313999e+10,627.1,231.3999
1658275944,ALGOUSDT,Sell,647.9,0.3690,ZeroMinusTick,f20a01e7-5a61-5003-ba04-18890209403b,2.390751e+10,647.9,239.0751
1658275944,ALGOUSDT,Sell,832.1,0.3690,ZeroMinusTick,0a884efd-0285-53ff-bf5d-d0d94030d459,3.070449e+10,832.1,307.0449
1658275944,ALGOUSDT,Sell,520.7,0.3690,ZeroMinusTick,e5688b28-6e7c-5cd3-94e5-809bfb84e5ca,1.921383e+10,520.7,192.13830000000002
1658275945,ALGOUSDT,Sell,1480,0.3690,ZeroMinusTick,1d9af0ba-2bd7-5554-b7fe-499bf7aa7759,5.4612e+10,1480,546.12
1658275945,ALGOUSDT,Buy,500.7,0.3690,ZeroMinusTick,960bd685-6dd6-5f5d-b9b4-6e8026624155,1.847583e+10,500.7,184.7583
1658275945,ALGOUSDT,Buy,1132,0.3690,ZeroMinusTick,74d58326-e28f-5d8c-893e-69675f2833e1,4.17708e+10,1132,417.70799999999997
1658275946,ALGOUSDT,Buy,3750.4,0.3690,ZeroMinusTick,936d8b0d-6e40-5220-aeaa-5e06b9071191,1.3838976e+11,3750.4,1383.8976
1658275946,ALGOUSDT,Buy,1787.2,0.3690,ZeroMinusTick,87783756-6db4-5d61-8a39-9faf1416d238,6.594768e+10,1787.2,659.4768
1658275950,ALGOUSDT,Sell,1663,0.3690,ZeroMinusTick,dcfa5e2a-3887-50e5-a12f-f34f45a8b3f7,6.136469999999999e+10,1663,613.6469999999999
1658275950,ALGOUSDT,Sell,1000,0.3690,ZeroMinusTick,880dfeda-4487-5876-a2e0-5e24d33aae36,3.69e+10,1000,369
1658275950,ALGOUSDT,Sell,524.2,0.3690,ZeroMinusTick,fe9b0914-1136-5c64-a041-babb690e3dea,1.934298e+10,524.2,193.4298
1658275966,ALGOUSDT,Buy,1000,0.3695,PlusTick,d33caf42-9772-59f5-b65e-a1fbff31928a,3.695e+10,1000,369.5
1658275966,ALGOUSDT,Buy,269,0.3695,ZeroMinusTick,ee7fd3b9-0c23-54d1-8b16-6c6ca9addd69,9.93955e+09,269,99.3955
1658275966,ALGOUSDT,Buy,834.6,0.3695,ZeroMinusTick,f1853c5e-e537-5dc7-9bc0-0c70463a181a,3.083847e+10,834.6,308.3847
1658275967,ALGOUSDT,Buy,1275,0.3695,ZeroMinusTick,59ba8651-7334-51c7-89c0-97ff487d5427,4.711125e+10,1275,471.1125
1658275984,ALGOUSDT,Sell,318.7,0.3695,ZeroMinusTick,5ea429a7-93bf-55ce-aabe-4ecaad2c261d,1.1775965e+10,318.7,117.75965
1658276005,ALGOUSDT,Sell,128.3,0.3695,ZeroMinusTick,463f11e4-aeb2-5ee6-bed2-5e4797e30bcc,4.740685000000001e+09,128.3,47.406850000000006
1658276027,ALGOUSDT,Sell,1353.8,0.3690,MinusTick,2a1c0d28-c2d6-535f-8f66-3da277d25bca,4.995522e+10,1353.8,499.55219999999997
1658276027,ALGOUSDT,Sell,1.5,0.3690,ZeroMinusTick,0e1540c3-42c3-5c9d-acb2-d06f62784699,5.535e+07,1.5,0.5535
1658276027,ALGOUSDT,Sell,2.5,0.3690,ZeroMinusTick,3a453d75-20f9-58ed-95b1-a9882c4d2072,9.225e+07,2.5,0.9225
1658276038,ALGOUSDT,Buy,551.6,0.3690,ZeroMinusTick,6f9e9c7c-1bf3-5036-b851-d6e21a3a95d6,2.035404e+10,551.6,203.5404
1658276038,ALGOUSDT,Buy,802.8,0.3690,ZeroMinusTick,caf2b3eb-fe4c-58d7-a774-85b20fff48c2,2.9623319999999996e+10,802.8,296.23319999999995
1658276042,ALGOUSDT,Buy,4582.7,0.3695,PlusTick,a594cc32-9c1d-514d-bb8a-db9237aa02f1,1.69330765e+11,4582.7,1693.30765
1658276042,ALGOUSDT,Buy,470.1,0.3695,ZeroMinusTick,531097f2-a892-5797-a77b-3ba81e7bebf3,1.7370195e+10,470.1,173.70195
1658276042,ALGOUSDT,Buy,1353.1,0.3695,ZeroMinusTick,19bff855-5798-5e66-9b4e-b210c4c48686,4.9997045e+10,1353.1,499.97044999999997
1658276055,ALGOUSDT,Buy,0.6,0.3695,ZeroMinusTick,b793bf8c-39bd-5f1c-a90d-34be802d8d76,2.2169999999999996e+07,0.6,0.22169999999999998
1658276082,ALGOUSDT,Sell,1480,0.3690,MinusTick,bff12573-2c7b-5406-af24-96284fedf79d,5.4612e+10,1480,546.12
1658276082,ALGOUSDT,Sell,2950.5,0.3690,ZeroMinusTick,bcb7e714-35e4-53ba-a26b-ef8200521fd0,1.0887345e+11,2950.5,1088.7345
1658276091,ALGOUSDT,Buy,1354.5,0.3690,ZeroMinusTick,0ba54955-d5f3-5bf1-b087-4742e287b15c,4.998105e+10,1354.5,499.8105
1658276091,ALGOUSDT,Sell,1632.7,0.3690,ZeroMinusTick,4aa6fe25-6383-5adf-be01-c3aca02d65b8,6.024663000000001e+10,1632.7,602.4663
1658276091,ALGOUSDT,Sell,1000,0.3690,ZeroMinusTick,2a34abc7-0896-57c9-a0b6-f6db11997626,3.69e+10,1000,369
1658276112,ALGOUSDT,Buy,1354,0.3690,ZeroMinusTick,a4ca3072-fe50-5354-be9f-a6ebf64276a1,4.99626e+10,1354,499.626
1658276112,ALGOUSDT,Buy,278.7,0.3690,ZeroMinusTick,60bce462-2172-578b-9ec9-09915de5acb1,1.028403e+10,278.7,102.8403
1658276112,ALGOUSDT,Buy,43,0.3690,ZeroMinusTick,ce57dc9d-40a9-51a2-bcea-4fcd95077a47,1.5867e+09,43,15.866999999999999
1658276117,ALGOUSDT,Buy,1354.5,0.3690,ZeroMinusTick,f819c309-60f7-507d-b5cc-91638bed245b,4.998105e+10,1354.5,499.8105
1658276174,ALGOUSDT,Sell,1,0.3685,MinusTick,cdb718be-6cf8-5fc6-a8e2-bca42d8a4d1f,3.685e+07,1,0.3685
1658276174,ALGOUSDT,Sell,1,0.3685,ZeroMinusTick,df94c050-9bc5-528c-8af7-e6206e568a52,3.685e+07,1,0.3685
1658276174,ALGOUSDT,Sell,470.1,0.3685,ZeroMinusTick,ca827336-28f6-5e45-b97b-d9f62f5b26db,1.7323185e+10,470.1,173.23185
1658276174,ALGOUSDT,Sell,1.1,0.3685,ZeroMinusTick,0a45be9f-ff15-56e0-b998-f424e93dd063,4.053500000000001e+07,1.1,0.40535000000000004
1658276174,ALGOUSDT,Sell,3.2,0.3685,ZeroMinusTick,13878ef0-8674-5033-8b95-e98c43dc226a,1.1792e+08,3.2,1.1792
1658276174,ALGOUSDT,Sell,2207.5,0.3685,ZeroMinusTick,e1af3330-9390-5925-a4ca-b0c37ff0729a,8.1346375e+10,2207.5,813.46375
1658276195,ALGOUSDT,Sell,1480,0.3685,ZeroMinusTick,7b67a986-b314-507c-8759-6549104c3dc6,5.4538e+10,1480,545.38
1658276195,ALGOUSDT,Sell,1480,0.3685,ZeroMinusTick,fb368218-303a-5a3e-aeb9-b5f38da484d5,5.4538e+10,1480,545.38
1658276221,ALGOUSDT,Sell,3364.3,0.3685,ZeroMinusTick,c7c7031d-cfaa-58ec-aa97-0efe72c6d26b,1.2397445500000002e+11,3364.3,1239.7445500000001
1658276221,ALGOUSDT,Sell,1663,0.3685,ZeroMinusTick,d8d3b65c-9e80-5d66-8e2b-6285cd6c16e9,6.128155000000001e+10,1663,612.8155
1658276221,ALGOUSDT,Sell,1000,0.3685,ZeroMinusTick,a497e10e-512d-5007-9dbd-43ca00b32932,3.685e+10,1000,368.5
1658276221,ALGOUSDT,Sell,1480,0.3685,ZeroMinusTick,bd2db161-6d6d-5627-b27c-7270a82e5b2f,5.4538e+10,1480,545.38
1658276221,ALGOUSDT,Sell,682.9,0.3685,ZeroMinusTick,787b7947-8c84-5ee7-be38-3bc604e6ff3b,2.5164864999999996e+10,682.9,251.64864999999998
1658276221,ALGOUSDT,Sell,3.3,0.3680,MinusTick,05b8c9cb-2b26-5ecb-a297-15aac0bbf3fe,1.2143999999999999e+08,3.3,1.2144
1658276221,ALGOUSDT,Sell,743.7,0.3680,ZeroMinusTick,f64ecaa3-1a4d-5173-b17e-445cb6c377dc,2.736816e+10,743.7,273.6816
1658276236,ALGOUSDT,Buy,1354.3,0.3690,PlusTick,b4fea752-2b02-5cc4-ad0e-6affc97d0386,4.997367e+10,1354.3,499.7367
1658276236,ALGOUSDT,Buy,4703.6,0.3690,ZeroMinusTick,4536a46a-44c4-5fdf-ae09-be91bf6ba517,1.7356284e+11,4703.6,1735.6284
1658276236,ALGOUSDT,Buy,4303.9,0.3690,ZeroMinusTick,68d2e63c-7892-570d-9e3c-81fa5f9e0fd0,1.5881391e+11,4303.9,1588.1390999999999
1658276236,ALGOUSDT,Buy,1138.8,0.3690,ZeroMinusTick,e46cb5e2-5483-5f20-8039-bfb8b1735d65,4.202172e+10,1138.8,420.2172
1658276236,ALGOUSDT,Buy,1000,0.3690,ZeroMinusTick,c89ac5e6-0061-5e4a-85d9-bc6dac129c60,3.69e+10,1000,369
1658276236,ALGOUSDT,Buy,560.6,0.3690,ZeroMinusTick,b3e8e293-6ba4-5d3c-b4d4-abc273b5e832,2.068614e+10,560.6,206.8614
1658276236,ALGOUSDT,Buy,1102.4,0.3690,ZeroMinusTick,c1d217d9-2837-5539-8838-d9f1b4b0dd57,4.067856000000001e+10,1102.4,406.78560000000004
1658276247,ALGOUSDT,Buy,470.1,0.3695,PlusTick,e2b52be5-e057-5b1b-9b37-43601f3332af,1.7370195e+10,470.1,173.70195
1658276247,ALGOUSDT,Buy,1000,0.3695,ZeroMinusTick,f2e77cd4-9a06-516c-9246-84ebc9e40ca8,3.695e+10,1000,369.5
1658276255,ALGOUSDT,Sell,2,0.3695,ZeroMinusTick,2cef35d0-9155-5561-a1f7-a0193184a074,7.39e+07,2,0.739
1658276258,ALGOUSDT,Sell,1351.1,0.3695,ZeroMinusTick,d4e69c34-94c5-5bd7-983c-f5943710bd7c,4.992314499999999e+10,1351.1,499.23144999999994
1658276258,ALGOUSDT,Sell,1663,0.3695,ZeroMinusTick,eda7546e-a330-52af-b7b0-c1f02b7094c5,6.144784999999999e+10,1663,614.4784999999999
1658276261,ALGOUSDT,Sell,269,0.3690,MinusTick,2b10770c-23d4-5447-93f2-f3f813a29c41,9.9261e+09,269,99.261
1658276282,ALGOUSDT,Buy,1354.6,0.3690,ZeroMinusTick,7a382833-40ec-5e1f-b1e7-8feb6a5f21ce,4.998473999999999e+10,1354.6,499.84739999999994
1658276290,ALGOUSDT,Buy,1892.2,0.3695,PlusTick,22a90e45-61fb-510e-a5e8-217cca858961,6.991679e+10,1892.2,699.1679
1658276290,ALGOUSDT,Buy,2639.4,0.3695,ZeroMinusTick,268a1822-4941-59d9-8f15-fca538d0c177,9.752583000000002e+10,2639.4,975.2583000000001
1658276325,ALGOUSDT,Sell,0.1,0.3690,MinusTick,3d0514e2-c4e5-55b4-8ac0-424866dc91a0,3.69e+06,0.1,0.0369
1658276353,ALGOUSDT,Buy,1000,0.3695,PlusTick,cae7f762-2865-5acc-a7b4-d8a3928f317b,3.695e+10,1000,369.5
1658276382,ALGOUSDT,Buy,1138.8,0.3700,PlusTick,43bf6459-5e61-57bb-ae07-124ecd5a7d3f,4.21356e+10,1138.8,421.356
1658276415,ALGOUSDT,Sell,1,0.3690,MinusTick,93ed3906-b075-5a80-816e-d3fa3267ed1b,3.69e+07,1,0.369
1658276424,ALGOUSDT,Sell,1274,0.3690,ZeroMinusTick,ca6e2673-3f39-5510-bc6f-64902adca2f7,4.70106e+10,1274,470.106
1658276424,ALGOUSDT,Sell,4556,0.3690,ZeroMinusTick,8e8f928b-53a1-55c3-8a79-8658e7cc0794,1.681164e+11,4556,1681.164
1658276424,ALGOUSDT,Sell,4601.5,0.3690,ZeroMinusTick,3f8dda61-8eef-5bc7-829b-75e393aead4c,1.6979535e+11,4601.5,1697.9535
1658276424,ALGOUSDT,Sell,213.9,0.3690,ZeroMinusTick,e72ea778-a741-53a1-8587-49885a4bc838,7.892910000000001e+09,213.9,78.9291
1658276424,ALGOUSDT,Sell,1000,0.3690,ZeroMinusTick,d2d6651d-3881-5aac-9a6e-83d2f259ec2e,3.69e+10,1000,369
1658276424,ALGOUSDT,Sell,294.9,0.3690,ZeroMinusTick,5290f932-a26a-5074-9c69-788981fcbf1d,1.0881809999999998e+10,294.9,108.81809999999999
1658276424,ALGOUSDT,Sell,1355,0.3690,ZeroMinusTick,308e848c-86b5-564b-b051-b17473902b2b,4.99995e+10,1355,499.995
1658276424,ALGOUSDT,Sell,125,0.3690,ZeroMinusTick,3676dc29-2563-5fa1-b9ca-0762069064f6,4.6125e+09,125,46.125
1658276424,ALGOUSDT,Sell,1391.3,0.3690,ZeroMinusTick,b9c788be-415f-51d2-b316-c244d7c8db92,5.133896999999999e+10,1391.3,513.3897
1658276467,ALGOUSDT,Buy,1354.1,0.3690,ZeroMinusTick,69936129-f9c0-5eb1-9114-9dee1210d395,4.996629e+10,1354.1,499.6629
1658276486,ALGOUSDT,Buy,100,0.3690,ZeroMinusTick,becd2504-3653-5dd9-a727-2eafd01e5e83,3.69e+09,100,36.9
1658276502,ALGOUSDT,Sell,1275,0.3685,MinusTick,ce16b23d-9f56-50af-adf4-4e6fee711fe4,4.698375e+10,1275,469.8375
1658276502,ALGOUSDT,Sell,357.7,0.3685,ZeroMinusTick,371924a1-b604-5c8c-8daf-84c8fb18a80f,1.3181244999999998e+10,357.7,131.81244999999998
1658276502,ALGOUSDT,Sell,4025.6,0.3685,ZeroMinusTick,8f8dc94e-e31e-5127-87c4-2539332662e0,1.4834335999999997e+11,4025.6,1483.4335999999998
1658276502,ALGOUSDT,Sell,1000,0.3685,ZeroMinusTick,d773d756-42b7-5cb6-ba2b-38b18b2af1b1,3.685e+10,1000,368.5
1658276502,ALGOUSDT,Sell,2803.9,0.3685,ZeroMinusTick,50efdd95-b8f6-58b5-8e5a-7fdca745297c,1.03323715e+11,2803.9,1033.23715
1658276505,ALGOUSDT,Buy,2,0.3685,ZeroMinusTick,c6715224-5391-5e12-86f3-eac41b95859b,7.37e+07,2,0.737
1658276565,ALGOUSDT,Buy,1,0.3685,ZeroMinusTick,7cf40325-4e46-5453-ba91-1f49e6862805,3.685e+07,1,0.3685
1658276572,ALGOUSDT,Buy,1632.7,0.3685,ZeroMinusTick,92a65f71-135a-5da0-980d-4e2cece9b34b,6.0164995e+10,1632.7,601.64995
1658276572,ALGOUSDT,Buy,30.3,0.3685,ZeroMinusTick,d7bfa987-518d-52ec-a332-6f9ec2eb595b,1.116555e+09,30.3,11.16555
1658276575,ALGOUSDT,Sell,1000,0.3685,ZeroMinusTick,b1482969-822b-5f95-bb64-af3a710ea11f,3.685e+10,1000,368.5
1658276611,ALGOUSDT,Buy,1354.1,0.3690,PlusTick,4ed620ea-d20b-578e-a58a-1b4542f6eeea,4.996629e+10,1354.1,499.6629
1658276611,ALGOUSDT,Buy,1632.7,0.3690,ZeroMinusTick,e11f9e09-e647-58a7-90ba-f2015fbea710,6.024663000000001e+10,1632.7,602.4663
1658276611,ALGOUSDT,Buy,1275,0.3690,ZeroMinusTick,406dd22d-f27f-5c28-b58a-0b2bf26ac10e,4.70475e+10,1275,470.47499999999997
1658276611,ALGOUSDT,Buy,557.9,0.3690,ZeroMinusTick,8eafc8ca-e77b-5f46-ba99-b0cd0a5d29c6,2.058651e+10,557.9,205.86509999999998
1658276655,ALGOUSDT,Sell,0.6,0.3685,MinusTick,4992683e-db4e-5280-b166-2951ef13f40a,2.211e+07,0.6,0.2211
1658276657,ALGOUSDT,Buy,380.4,0.3690,PlusTick,b7f37912-57f7-5166-a915-df4cc05d8367,1.4036759999999998e+10,380.4,140.36759999999998
1658276657,ALGOUSDT,Buy,973.9,0.3690,ZeroMinusTick,1a8de620-027e-5447-98bb-90d3206cc46d,3.593691e+10,973.9,359.3691
1658276682,ALGOUSDT,Buy,1632.7,0.3695,PlusTick,23a12a6b-5c49-5c29-abf2-80b7bd464006,6.0328265e+10,1632.7,603.28265
1658276682,ALGOUSDT,Buy,470.1,0.3695,ZeroMinusTick,cf04c970-4ee9-5e22-af96-c824519355c3,1.7370195e+10,470.1,173.70195
1658276686,ALGOUSDT,Buy,1049.9,0.3695,ZeroMinusTick,68ee546b-2039-5a62-98d2-a1b58f6370d4,3.8793805e+10,1049.9,387.93805000000003
1658276686,ALGOUSDT,Buy,430.1,0.3695,ZeroMinusTick,17e14a66-ec71-57c0-86cc-40417257e166,1.5892195000000002e+10,430.1,158.92195
1658276686,ALGOUSDT,Buy,569.9,0.3695,ZeroMinusTick,c054504e-6789-5d24-a427-540ebbfe8dc1,2.1057805e+10,569.9,210.57805
1658276686,ALGOUSDT,Buy,1062.8,0.3695,ZeroMinusTick,116d2d5b-d5d7-58e2-95fa-9fe2ae45b62b,3.927046e+10,1062.8,392.70459999999997
1658276686,ALGOUSDT,Buy,1480,0.3695,ZeroMinusTick,172e6270-fad6-59a6-b079-803b9225a763,5.4686e+10,1480,546.86
1658276686,ALGOUSDT,Buy,1381,0.3695,ZeroMinusTick,657adb9e-1a4b-5bca-8d6e-bf6571d0b954,5.102795e+10,1381,510.2795
1658276731,ALGOUSDT,Buy,500.7,0.3700,PlusTick,75d438f4-b650-56f1-83ee-992407923397,1.85259e+10,500.7,185.259
1658276731,ALGOUSDT,Buy,1.5,0.3700,ZeroMinusTick,4e93ac92-facb-5dda-a26b-a00b5df3e1e1,5.549999999999999e+07,1.5,0.5549999999999999
1658276731,ALGOUSDT,Buy,2.6,0.3700,ZeroMinusTick,aad0c110-4bff-51ce-85b1-6a0285f86ac3,9.62e+07,2.6,0.962
1658276731,ALGOUSDT,Buy,1354,0.3700,ZeroMinusTick,3a221bd7-ffdc-58ee-98e9-5b3c2bf0512d,5.0098e+10,1354,500.98
1658276746,ALGOUSDT,Sell,85.8,0.3700,ZeroMinusTick,b00454b7-9e6e-5642-8d7a-5e99b0b8eb0b,3.1746e+09,85.8,31.746
1658276749,ALGOUSDT,Sell,1.5,0.3700,ZeroMinusTick,956bcebf-4970-5efe-b157-9665f2512454,5.549999999999999e+07,1.5,0.5549999999999999
1658276759,ALGOUSDT,Sell,488.7,0.3700,ZeroMinusTick,0d8351fa-1572-5976-89c3-f6e8f9611fac,1.80819e+10,488.7,180.819
1658276766,ALGOUSDT,Buy,1351,0.3700,ZeroMinusTick,408c470e-ff77-5a8a-b61e-22c38143595f,4.9987e+10,1351,499.87
1658276800,ALGOUSDT,Buy,1632.7,0.3700,ZeroMinusTick,b84d985e-6f0f-57d9-aeae-f2a91a3cec44,6.040990000000001e+10,1632.7,604.099
1658276800,ALGOUSDT,Buy,117.3,0.3700,ZeroMinusTick,5e079c6d-a775-5ff4-ae6a-129d4df09a25,4.3401e+09,117.3,43.400999999999996
1658276835,ALGOUSDT,Buy,0.5,0.3700,ZeroMinusTick,469afc1c-ffec-5ca6-8906-ee652518427f,1.85e+07,0.5,0.185
1658276855,ALGOUSDT,Buy,1233,0.3700,ZeroMinusTick,8acf52c1-36e0-570c-9308-82a778b81928,4.5621e+10,1233,456.21
1658276855,ALGOUSDT,Buy,462.4,0.3700,ZeroMinusTick,b4982871-1ea1-5a42-b865-9431e08e8bd5,1.71088e+10,462.4,171.088
1658276855,ALGOUSDT,Buy,537.6,0.3700,ZeroMinusTick,23fb1422-7b0e-56cc-8ae6-0dff5fef9b72,1.98912e+10,537.6,198.912
1658276855,ALGOUSDT,Buy,1663,0.3700,ZeroMinusTick,1bcce993-0fdd-51d3-921d-61ff80d921db,6.153099999999999e+10,1663,615.31
1658276855,ALGOUSDT,Buy,4449.1,0.3700,ZeroMinusTick,db3d4fb4-aa80-5233-982c-78f90612c28b,1.646167e+11,4449.1,1646.1670000000001
1658276855,ALGOUSDT,Buy,350.3,0.3700,ZeroMinusTick,b9044897-d0a2-580f-bbdc-e3390391efa7,1.2961099999999998e+10,350.3,129.611
1658276855,ALGOUSDT,Buy,1282.4,0.3700,ZeroMinusTick,7076711f-542f-5db0-85bd-00e5c843a655,4.74488e+10,1282.4,474.488
1658276855,ALGOUSDT,Buy,3554.7,0.3700,ZeroMinusTick,27627b6e-88a0-567c-9cb9-7c782a6d252a,1.3152389999999998e+11,3554.7,1315.2389999999998
1658276855,ALGOUSDT,Buy,682.9,0.3700,ZeroMinusTick,04d730d7-f602-5ffc-b7f9-6d70244f53a0,2.52673e+10,682.9,252.673
1658276857,ALGOUSDT,Buy,470.1,0.3705,PlusTick,1f8877e7-7732-5828-916c-53b88e68f2a1,1.7417205e+10,470.1,174.17205
1658276857,ALGOUSDT,Buy,1632.7,0.3705,ZeroMinusTick,9f2f8e7b-1904-5dbb-9eaa-91b86233c596,6.0491535e+10,1632.7,604.91535
1658276857,ALGOUSDT,Buy,1.2,0.3705,ZeroMinusTick,42c3d5df-03a4-5b00-8c03-8f15350013f0,4.446e+07,1.2,0.4446
1658276857,ALGOUSDT,Buy,4.9,0.3705,ZeroMinusTick,7af38a5b-4ec7-50b8-9cf7-8f2c463b27f6,1.81545e+08,4.9,1.81545
1658276857,ALGOUSDT,Buy,3.3,0.3705,ZeroMinusTick,be59fd80-2e29-5997-adc0-56ce7870f42f,1.22265e+08,3.3,1.22265
1658276857,ALGOUSDT,Buy,1000,0.3705,ZeroMinusTick,ae8c5f61-0d94-5970-acea-01ef43d1f581,3.705e+10,1000,370.5
1658276857,ALGOUSDT,Buy,4092.1,0.3705,ZeroMinusTick,4bc7529e-b98e-5e16-8137-00d38d772ef4,1.51612305e+11,4092.1,1516.12305
1658276859,ALGOUSDT,Sell,1275,0.3705,ZeroMinusTick,e4c235fc-0962-5a5d-9b51-b9bbc7ee2055,4.723875e+10,1275,472.3875
1658276859,ALGOUSDT,Buy,357.7,0.3705,ZeroMinusTick,9116335d-e5e7-5571-8355-04b11edf0fc7,1.3252785e+10,357.7,132.52785
1658276859,ALGOUSDT,Buy,1480,0.3705,ZeroMinusTick,cb58278c-9ed8-5827-8298-1df20ad53596,5.4834e+10,1480,548.34
1658276866,ALGOUSDT,Buy,1000,0.3705,ZeroMinusTick,495bd059-53b1-5c86-85f7-fc64444aa61c,3.705e+10,1000,370.5
1658276866,ALGOUSDT,Buy,3583.4,0.3705,ZeroMinusTick,f2a1961a-0799-5410-adcc-7b9e10cc45fe,1.3276497e+11,3583.4,1327.6497
1658276911,ALGOUSDT,Buy,470.1,0.3710,PlusTick,ea14377d-5c31-561c-bfd8-db1f3faf5399,1.744071e+10,470.1,174.4071
1658276911,ALGOUSDT,Buy,954.9,0.3710,ZeroMinusTick,7c1721cc-396a-51d2-a0ab-2adb0fccca2c,3.542679e+10,954.9,354.2679
1658276911,ALGOUSDT,Buy,677.8,0.3710,ZeroMinusTick,6393cc3e-c9be-5e4f-a975-69d6662b9643,2.514638e+10,677.8,251.4638
1658276911,ALGOUSDT,Buy,1351,0.3710,ZeroMinusTick,0c8486c7-4570-5baf-883e-e0b39a3a539b,5.01221e+10,1351,501.221
1658276911,ALGOUSDT,Buy,1.6,0.3710,ZeroMinusTick,9a041ae9-82f3-51a8-914d-3fab00f54b03,5.936e+07,1.6,0.5936
1658276911,ALGOUSDT,Buy,3.7,0.3710,ZeroMinusTick,e1a1264c-92a6-5224-a516-91097a0c1830,1.3727e+08,3.7,1.3727
1658276911,ALGOUSDT,Buy,834.4,0.3710,ZeroMinusTick,2950dc7d-daea-56a5-b68c-040b5d2da4c0,3.0956239999999996e+10,834.4,309.56239999999997
1658276915,ALGOUSDT,Sell,1.6,0.3705,MinusTick,01af5249-48e1-5858-92f3-106c7b4e271f,5.928e+07,1.6,0.5928
1658276981,ALGOUSDT,Sell,2018.7,0.3705,ZeroMinusTick,7261234c-107f-5106-b2cd-cd29349b387c,7.4792835e+10,2018.7,747.92835
1658277019,ALGOUSDT,Buy,1000,0.3705,ZeroMinusTick,d4dcb8f4-871f-511c-b323-cef75995e6b5,3.705e+10,1000,370.5
1658277036,ALGOUSDT,Buy,1000,0.3705,ZeroMinusTick,01fd653b-7a1b-50c6-9ee6-462920ea68c1,3.705e+10,1000,370.5
1658277041,ALGOUSDT,Sell,436.2,0.3700,MinusTick,188f2eca-4316-5142-a997-9f7888a20866,1.61394e+10,436.2,161.394
1658277045,ALGOUSDT,Buy,0.1,0.3705,PlusTick,55316500-c91e-57c3-b6b3-401c88b39f65,3.705e+06,0.1,0.03705
1658277061,ALGOUSDT,Sell,212.8,0.3700,MinusTick,52e59e0b-9733-5d64-b7f8-20aa418b8138,7.8736e+09,212.8,78.736
1658277061,ALGOUSDT,Sell,189.7,0.3700,ZeroMinusTick,1021a8c5-3bff-56ef-bf74-597ba0952149,7.018899999999999e+09,189.7,70.189
1658277078,ALGOUSDT,Buy,999.9,0.3705,PlusTick,63b61f42-fecf-59af-9012-1899d8c5417e,3.7046295e+10,999.9,370.46295
1658277165,ALGOUSDT,Buy,0.1,0.3705,ZeroMinusTick,274f59d6-a185-5e4f-ab2b-d5051385d871,3.705e+06,0.1,0.03705
1658277207,ALGOUSDT,Buy,92.7,0.3705,ZeroMinusTick,a6ef029b-96ec-50cf-8efe-56c8cb2d79ac,3.4345350000000005e+09,92.7,34.34535
1658277238,ALGOUSDT,Sell,1000,0.3700,MinusTick,3b989e7c-18a2-5ed7-87e4-ef0736e038c4,3.7e+10,1000,370
1658277245,ALGOUSDT,Sell,1.2,0.3695,MinusTick,eec7a9a6-e023-5a83-aca1-304866c42ee9,4.433999999999999e+07,1.2,0.44339999999999996
1658277245,ALGOUSDT,Sell,3.7,0.3695,ZeroMinusTick,c0432e43-5308-5ec3-8a72-68b9c4aaa46e,1.36715e+08,3.7,1.36715
1658277245,ALGOUSDT,Sell,1000,0.3695,ZeroMinusTick,597e135c-de0d-5365-bae2-d03c58527e0c,3.695e+10,1000,369.5
1658277246,ALGOUSDT,Sell,1787.2,0.3695,ZeroMinusTick,5f82bfe0-b2d0-5129-ab1f-411db2bb8f0c,6.603704e+10,1787.2,660.3704
1658277253,ALGOUSDT,Sell,1425,0.3690,MinusTick,af118d8e-0298-5e2a-8ea3-e9baf8674e4b,5.258250000000001e+10,1425,525.825
1658277254,ALGOUSDT,Buy,2.4,0.3695,PlusTick,9a73d8c7-3dde-5f0a-abcb-e8335f116870,8.867999999999999e+07,2.4,0.8867999999999999
1658277275,ALGOUSDT,Buy,0.1,0.3695,ZeroMinusTick,cd4eccad-a7dc-5815-87e5-f86857d13e76,3.6950000000000005e+06,0.1,0.036950000000000004
1658277320,ALGOUSDT,Buy,1275,0.3695,ZeroMinusTick,9ae817cf-1660-5563-9f4b-e2d5f51ed7ea,4.711125e+10,1275,471.1125
1658277337,ALGOUSDT,Sell,1462.2,0.3695,ZeroMinusTick,ddfee1ea-82d3-5e8e-a1f3-6cf903f90a0f,5.402829000000001e+10,1462.2,540.2829
1658277337,ALGOUSDT,Sell,17.8,0.3695,ZeroMinusTick,80f0b8c1-424c-5064-b8f9-c35fd55fdddf,6.577100000000001e+08,17.8,6.577100000000001
1658277337,ALGOUSDT,Sell,982.2,0.3695,ZeroMinusTick,14351202-72bc-5e91-9190-a3444d02b811,3.629229e+10,982.2,362.9229
1658277337,ALGOUSDT,Sell,682.9,0.3695,ZeroMinusTick,16285ce4-efeb-5482-9039-f47291a69ddc,2.5233155e+10,682.9,252.33155
1658277337,ALGOUSDT,Sell,1275,0.3695,ZeroMinusTick,3e140bf9-d2b2-5c96-8265-e107a545a1dc,4.711125e+10,1275,471.1125
1658277337,ALGOUSDT,Sell,325.2,0.3695,ZeroMinusTick,4ddbdb00-802f-5a2a-8596-6b79f08d8a82,1.201614e+10,325.2,120.1614
1658277337,ALGOUSDT,Sell,9795.9,0.3695,ZeroMinusTick,f57c28bd-837e-5c58-856b-c974d2ae43f9,3.6195850499999994e+11,9795.9,3619.5850499999997
1658277337,ALGOUSDT,Sell,3.7,0.3695,ZeroMinusTick,16c3a002-3932-563e-9e12-65263e9ee007,1.36715e+08,3.7,1.36715
1658277338,ALGOUSDT,Sell,3.3,0.3695,ZeroMinusTick,9adb9930-82d8-5565-9cc9-c6a4c15cb3fd,1.21935e+08,3.3,1.21935
1658277338,ALGOUSDT,Sell,48,0.3695,ZeroMinusTick,d96c4b1c-7143-5e6d-a18f-4a52af8073e9,1.7736e+09,48,17.736
1658277338,ALGOUSDT,Sell,22.6,0.3695,ZeroMinusTick,b0bda312-f9b1-54e1-a471-1fc3691472d2,8.3507e+08,22.6,8.3507
1658277338,ALGOUSDT,Sell,34,0.3695,ZeroMinusTick,6ef72ebd-8050-5099-ae3f-7a6849ab69fa,1.2563e+09,34,12.563
1658277338,ALGOUSDT,Sell,946.2,0.3695,ZeroMinusTick,95b09e3d-b864-5171-953b-c622ec4984c3,3.496209e+10,946.2,349.6209
1658277338,ALGOUSDT,Sell,1480,0.3695,ZeroMinusTick,a7af7e2f-ab26-51b5-a16b-c7c8b0c2dd71,5.4686e+10,1480,546.86
1658277338,ALGOUSDT,Sell,1776.3,0.3695,ZeroMinusTick,95a8f377-c54e-5afe-8248-a12dce33161a,6.5634285e+10,1776.3,656.34285
1658277345,ALGOUSDT,Sell,500.3,0.3690,MinusTick,b6c0592e-c27f-5614-ba7c-a3039d354f4b,1.846107e+10,500.3,184.6107
1658277345,ALGOUSDT,Sell,1.6,0.3690,ZeroMinusTick,603ebf47-f5f2-5492-971c-81d282eacefb,5.904e+07,1.6,0.5904
1658277345,ALGOUSDT,Sell,3.1,0.3690,ZeroMinusTick,445e9119-b715-53bb-bc2d-8ec39d73e521,1.1438999999999999e+08,3.1,1.1439
1658277345,ALGOUSDT,Sell,1353,0.3690,ZeroMinusTick,37c530c3-c528-5a97-934a-836610618d4c,4.99257e+10,1353,499.257
1658277347,ALGOUSDT,Buy,1.6,0.3690,ZeroMinusTick,de37f436-21d4-5c96-b0bb-1429392be5c8,5.904e+07,1.6,0.5904
1658277360,ALGOUSDT,Buy,3.1,0.3690,ZeroMinusTick,89ede415-63d6-5c2c-93c8-d7f959703299,1.1438999999999999e+08,3.1,1.1439
1658277385,ALGOUSDT,Sell,1.7,0.3685,MinusTick,99862613-ecfe-5b25-aaa0-2e68865600dc,6.264499999999999e+07,1.7,0.62645
1658277427,ALGOUSDT,Sell,1480,0.3685,ZeroMinusTick,e80726e2-2e8b-5de1-9879-35b304da14a6,5.4538e+10,1480,545.38
1658277430,ALGOUSDT,Sell,2018.3,0.3685,ZeroMinusTick,345542db-9021-5b1d-b5a7-c69c246d223a,7.4374355e+10,2018.3,743.74355
1658277430,ALGOUSDT,Sell,1.3,0.3685,ZeroMinusTick,0d14b496-7fee-5c6d-ac3f-2b99500698c1,4.7905e+07,1.3,0.47905000000000003
1658277430,ALGOUSDT,Sell,2.6,0.3685,ZeroMinusTick,bfeaf94a-b8f1-5112-9a2e-a948edfc7a56,9.581e+07,2.6,0.9581000000000001
1658277485,ALGOUSDT,Sell,1.1,0.3685,ZeroMinusTick,3616ed19-3f06-52cb-8f4f-3a22a34b76f6,4.053500000000001e+07,1.1,0.40535000000000004
1658277515,ALGOUSDT,Buy,0.1,0.3685,ZeroMinusTick,32688ca3-02a3-5c11-8d94-ea3644c76071,3.685e+06,0.1,0.03685
1658277549,ALGOUSDT,Sell,100,0.3680,MinusTick,c8fa2019-2d11-5b21-a51c-272479418150,3.6799999999999995e+09,100,36.8
1658277565,ALGOUSDT,Sell,42.9,0.3680,ZeroMinusTick,ac861054-f9c3-52f4-8494-cc24554448f1,1.5787199999999998e+09,42.9,15.787199999999999
1658277565,ALGOUSDT,Sell,1356.7,0.3680,ZeroMinusTick,e45cb985-7e85-531c-bd32-2dc7016ab46b,4.992656e+10,1356.7,499.2656
1658277565,ALGOUSDT,Sell,1.6,0.3680,ZeroMinusTick,a0c66259-8309-5222-b729-577af3136e5f,5.888e+07,1.6,0.5888
1658277565,ALGOUSDT,Sell,3.3,0.3680,ZeroMinusTick,2392e595-7438-5981-b7e5-4f5403fa1af9,1.2143999999999999e+08,3.3,1.2144
1658277568,ALGOUSDT,Sell,2455.7,0.3675,MinusTick,56b31750-659f-5f95-a6e8-78d2bee2f9fb,9.024697499999998e+10,2455.7,902.4697499999999
1658277568,ALGOUSDT,Sell,2.3,0.3675,ZeroMinusTick,b5ba0769-fdbb-584b-a77c-5101addd3486,8.4525e+07,2.3,0.84525
1658277568,ALGOUSDT,Sell,4.9,0.3675,ZeroMinusTick,ba3a7d14-5b49-581a-a504-b3661f8d131f,1.80075e+08,4.9,1.80075
1658277568,ALGOUSDT,Sell,507.1,0.3670,MinusTick,d01aefaa-6b46-51ae-a755-f9300f87e407,1.861057e+10,507.1,186.1057
1658277568,ALGOUSDT,Sell,1500,0.3670,ZeroMinusTick,adcf4f29-b8be-54f7-a72f-40e476f3d2be,5.505e+10,1500,550.5
1658277572,ALGOUSDT,Buy,3.8,0.3675,PlusTick,718d0923-47b3-5f3e-9cf3-e273f7c06fb2,1.3965e+08,3.8,1.3964999999999999
1658277573,ALGOUSDT,Buy,266.2,0.3675,ZeroMinusTick,83258745-f3ff-53be-8d7b-81cc53bf472f,9.78285e+09,266.2,97.82849999999999
1658277573,ALGOUSDT,Buy,146.7,0.3675,ZeroMinusTick,8cc0fb50-1745-5aeb-a1c4-294b5a65aa92,5.391224999999999e+09,146.7,53.91224999999999
1658277573,ALGOUSDT,Buy,1.8,0.3675,ZeroMinusTick,635ad4be-6058-5a2c-86c5-55ba0df908e7,6.615e+07,1.8,0.6615
1658277620,ALGOUSDT,Sell,72.4,0.3670,MinusTick,3ea2d3c1-b182-5db4-981d-092956d1bc04,2.65708e+09,72.4,26.570800000000002
1658277623,ALGOUSDT,Sell,1220.5,0.3670,ZeroMinusTick,05bac71d-e4ba-5f9f-be37-5c65dec89312,4.479235e+10,1220.5,447.9235
1658277623,ALGOUSDT,Sell,1.2,0.3670,ZeroMinusTick,d95c89d3-d4e5-5dec-a7d9-cfd3513e7f8e,4.403999999999999e+07,1.2,0.44039999999999996
1658277623,ALGOUSDT,Sell,2.5,0.3670,ZeroMinusTick,7fa4fa3d-d99b-55de-b802-3bc3b8d4888b,9.175e+07,2.5,0.9175
1658277647,ALGOUSDT,Sell,3.8,0.3665,MinusTick,97f7fe59-7833-56e9-9a70-69b9306a48b7,1.3926999999999997e+08,3.8,1.3926999999999998
1658277647,ALGOUSDT,Sell,595.9,0.3665,ZeroMinusTick,141317ea-c982-5d9a-96fa-9b1fec10a9dc,2.1839735e+10,595.9,218.39735
1658277647,ALGOUSDT,Sell,2,0.3665,ZeroMinusTick,9ace6f4d-5f01-5c21-a90d-845140bf0587,7.33e+07,2,0.733
1658277647,ALGOUSDT,Sell,4.1,0.3665,ZeroMinusTick,54a6aff1-4d6d-52a0-98f4-cde87a0f50fc,1.5026499999999997e+08,4.1,1.5026499999999998
1658277647,ALGOUSDT,Sell,11,0.3665,ZeroMinusTick,4b93352f-48ee-5899-a548-f7d4f67427a5,4.0315000000000006e+08,11,4.0315
1658277647,ALGOUSDT,Sell,4221.8,0.3665,ZeroMinusTick,02484077-e3d5-573d-a2a5-9e4292d90d53,1.5472897e+11,4221.8,1547.2897
1658277647,ALGOUSDT,Sell,1275,0.3665,ZeroMinusTick,d168bbd2-5885-5bec-9543-d02bc294af81,4.672875e+10,1275,467.28749999999997
1658277647,ALGOUSDT,Sell,33.5,0.3660,MinusTick,cbd8a4f9-eff3-5e21-9c1d-ef1f4a46958a,1.2261e+09,33.5,12.261
1658277647,ALGOUSDT,Sell,83.3,0.3660,ZeroMinusTick,4eee38cd-73fe-54ce-92e3-7c6244ac238b,3.04878e+09,83.3,30.4878
1658277647,ALGOUSDT,Sell,7.2,0.3660,ZeroMinusTick,92d13010-2852-5db9-8b62-1cfb68c6f0d2,2.6352000000000003e+08,7.2,2.6352
1658277647,ALGOUSDT,Sell,605.3,0.3660,ZeroMinusTick,600af309-ce88-51b4-b8f9-531c9a69c24c,2.215398e+10,605.3,221.53979999999999
1658277647,ALGOUSDT,Sell,109.9,0.3660,ZeroMinusTick,34b5e063-a00f-563d-a687-44be8b80822f,4.02234e+09,109.9,40.2234
1658277647,ALGOUSDT,Sell,21.8,0.3660,ZeroMinusTick,a0b55309-f41c-56b8-af8a-f28da589af53,7.9788e+08,21.8,7.9788
1658277647,ALGOUSDT,Sell,718.3,0.3660,ZeroMinusTick,a2011406-1a84-5534-bb57-90379caf104a,2.6289779999999996e+10,718.3,262.89779999999996
1658277647,ALGOUSDT,Sell,164.3,0.3660,ZeroMinusTick,de8b141d-e5dd-5706-a706-1275d342f4bd,6.01338e+09,164.3,60.1338
1658277647,ALGOUSDT,Sell,1095.4,0.3660,ZeroMinusTick,31e6b1ac-b6a3-5a2f-ab2a-06a649d9b2bb,4.009164e+10,1095.4,400.9164
1658277651,ALGOUSDT,Buy,1.2,0.3665,PlusTick,edfd767c-0cd2-5fba-b057-77a42ced1070,4.398e+07,1.2,0.43979999999999997
1658277652,ALGOUSDT,Buy,2,0.3665,ZeroMinusTick,90edc566-d218-52b5-950c-b226915f1c04,7.33e+07,2,0.733
1658277652,ALGOUSDT,Buy,883.2,0.3665,ZeroMinusTick,656be678-1918-5cf5-a452-27fc3fb825b1,3.2369280000000004e+10,883.2,323.69280000000003
1658277652,ALGOUSDT,Buy,776.6,0.3665,ZeroMinusTick,f8e7a856-921a-5615-9629-804d4c26daac,2.846239e+10,776.6,284.6239
1658277652,ALGOUSDT,Buy,1203.6,0.3665,ZeroMinusTick,ec0b3ae9-bcd9-569a-a8c0-4947f9c08d70,4.411194e+10,1203.6,441.1194
1658277660,ALGOUSDT,Buy,3.3,0.3665,ZeroMinusTick,1589b5ef-abad-5f26-8b0d-370b27ccad48,1.2094499999999999e+08,3.3,1.20945
1658277663,ALGOUSDT,Sell,1,0.3660,MinusTick,abd2b6db-a333-5453-a230-540012f638b8,3.66e+07,1,0.366
1658277663,ALGOUSDT,Sell,0.4,0.3660,ZeroMinusTick,e224e1eb-1ff1-5da0-9de3-0ee89f7e2eb9,1.464e+07,0.4,0.1464
1658277663,ALGOUSDT,Sell,2.7,0.3660,ZeroMinusTick,5d888289-6d45-5697-ad71-b0758686b3d3,9.882000000000001e+07,2.7,0.9882000000000001
1658277663,ALGOUSDT,Sell,4.9,0.3660,ZeroMinusTick,5925f24e-c96d-574f-86fd-260a60a51e1e,1.7934e+08,4.9,1.7934
1658277663,ALGOUSDT,Sell,6.5,0.3660,ZeroMinusTick,8cdc1adb-7f34-55db-af9a-3e6f24f48983,2.379e+08,6.5,2.379
1658277668,ALGOUSDT,Buy,1.4,0.3660,ZeroMinusTick,012763c5-03a8-57d7-9fa9-91bb89e9881f,5.124e+07,1.4,0.5124
1658277670,ALGOUSDT,Sell,194.9,0.3655,MinusTick,a970a3d8-04f1-54c2-862b-b51817f39244,7.123595e+09,194.9,71.23595
1658277670,ALGOUSDT,Sell,4246.6,0.3655,ZeroMinusTick,b3212f74-9b63-540b-bc40-0d1bf920025c,1.5521323e+11,4246.6,1552.1323
1658277670,ALGOUSDT,Sell,2.1,0.3655,ZeroMinusTick,fbad45fc-850c-561f-95c6-ad7a944fa4ef,7.6755e+07,2.1,0.7675500000000001
1658277670,ALGOUSDT,Sell,16.3,0.3650,MinusTick,e4ff37cd-e4e4-57f1-82b2-60eb269371bd,5.9495e+08,16.3,5.9495000000000005
1658277670,ALGOUSDT,Sell,2847.1,0.3650,ZeroMinusTick,1ce6ef3e-59b1-5f57-a5bc-798021b2f836,1.0391914999999998e+11,2847.1,1039.1915
1658277670,ALGOUSDT,Sell,7514.4,0.3650,ZeroMinusTick,7180df73-5e07-56e7-bca9-f7b6907a457a,2.742756e+11,7514.4,2742.756
1658277670,ALGOUSDT,Sell,473.9,0.3650,ZeroMinusTick,88e71228-b1c4-5c8b-8726-fafc7394a94b,1.729735e+10,473.9,172.9735
1658277670,ALGOUSDT,Sell,170.8,0.3650,ZeroMinusTick,3ca24bd9-4e00-51cc-85cb-485524bbcab8,6.234200000000001e+09,170.8,62.342000000000006
1658277670,ALGOUSDT,Sell,136.9,0.3650,ZeroMinusTick,af72d6e8-209a-5e1e-9a04-995befcc334d,4.99685e+09,136.9,49.9685
1658277670,ALGOUSDT,Sell,27.6,0.3650,ZeroMinusTick,9d16782f-4738-5d24-b4f0-8341b9539241,1.0074e+09,27.6,10.074
1658277673,ALGOUSDT,Buy,1787.2,0.3655,PlusTick,b8b909cb-a15a-5ce6-99ee-4c760734649b,6.532216e+10,1787.2,653.2216
1658277673,ALGOUSDT,Buy,682.9,0.3655,ZeroMinusTick,e5bb7937-85e5-5c90-ab18-5d06e032df42,2.4959994999999996e+10,682.9,249.59994999999998
1658277673,ALGOUSDT,Buy,475.2,0.3655,ZeroMinusTick,b2042b39-db64-529d-b6a4-c8ad9c8a8634,1.736856e+10,475.2,173.6856
1658277673,ALGOUSDT,Buy,1000,0.3655,ZeroMinusTick,17a9582f-5cd5-5733-9054-6688401f22c8,3.655e+10,1000,365.5
1658277673,ALGOUSDT,Buy,270,0.3655,ZeroMinusTick,c6d25db0-07de-5e8c-8714-02a2018ada61,9.8685e+09,270,98.685
1658277673,ALGOUSDT,Buy,230,0.3655,ZeroMinusTick,449183a0-086f-59ea-ad5c-6f25a754353f,8.4065e+09,230,84.065
1658277673,ALGOUSDT,Buy,605.3,0.3655,ZeroMinusTick,c2d16ade-5ecb-5d0d-914b-c29565d88ecb,2.2123715e+10,605.3,221.23714999999999
1658277673,ALGOUSDT,Buy,26.4,0.3655,ZeroMinusTick,6475262e-189b-5713-b49e-08dce085d57a,9.649199999999999e+08,26.4,9.649199999999999
1658277673,ALGOUSDT,Buy,211.2,0.3655,ZeroMinusTick,a9c7e74d-aaea-5926-bec9-80f6b1995bb5,7.719359999999999e+09,211.2,77.19359999999999
1658277673,ALGOUSDT,Buy,1.9,0.3655,ZeroMinusTick,c7b670e8-509c-5c37-a2f7-85c23f9b46aa,6.944499999999999e+07,1.9,0.6944499999999999
1658277673,ALGOUSDT,Buy,35,0.3655,ZeroMinusTick,dd75aab8-539a-5eb1-a148-048d872c1cab,1.27925e+09,35,12.7925
1658277673,ALGOUSDT,Buy,1.9,0.3655,ZeroMinusTick,4e38c5b1-d6ca-50e5-b35a-e97f9e7e5164,6.944499999999999e+07,1.9,0.6944499999999999
1658277673,ALGOUSDT,Buy,21,0.3655,ZeroMinusTick,afca70f0-8fe3-53a7-8d98-76d1c432ab95,7.6755e+08,21,7.6754999999999995
1658277673,ALGOUSDT,Buy,2.1,0.3655,ZeroMinusTick,ccc4cef4-18fa-5dd3-a62f-428e57cbb81d,7.6755e+07,2.1,0.7675500000000001
1658277673,ALGOUSDT,Buy,332.6,0.3655,ZeroMinusTick,a278790c-844c-5fa3-993d-baefe921b685,1.215653e+10,332.6,121.56530000000001
1658277673,ALGOUSDT,Buy,31,0.3655,ZeroMinusTick,88622239-dc70-52de-bbef-6fab50ea1d43,1.13305e+09,31,11.330499999999999
1658277673,ALGOUSDT,Buy,28.7,0.3655,ZeroMinusTick,228de3e2-62fd-534a-ba84-179ff3ecfc11,1.0489849999999999e+09,28.7,10.489849999999999
1658277673,ALGOUSDT,Buy,18.4,0.3655,ZeroMinusTick,e5c09577-e279-5ae7-8c6c-1c401a46cfea,6.725199999999999e+08,18.4,6.725199999999999
1658277673,ALGOUSDT,Buy,72.2,0.3655,ZeroMinusTick,a6f0e919-586d-5bc3-89b5-dbd8103766c9,2.63891e+09,72.2,26.3891
1658277673,ALGOUSDT,Buy,1.7,0.3655,ZeroMinusTick,821a8924-da40-5ff9-aca8-294bdff5aa53,6.213499999999999e+07,1.7,0.62135
1658277673,ALGOUSDT,Buy,100.9,0.3655,ZeroMinusTick,b866edc0-5992-53e1-bf23-1631670169c8,3.6878950000000005e+09,100.9,36.87895
1658277673,ALGOUSDT,Buy,20.5,0.3655,ZeroMinusTick,7e4f60d8-fcac-5dc3-88db-7c512bf37aa3,7.49275e+08,20.5,7.49275
1658277673,ALGOUSDT,Buy,1244.8,0.3655,ZeroMinusTick,01f78553-0578-5924-a965-df2820a60402,4.549743999999999e+10,1244.8,454.97439999999995
1658277673,ALGOUSDT,Buy,235.2,0.3655,ZeroMinusTick,80a3a1b7-be5c-5140-9153-2739f10501db,8.59656e+09,235.2,85.9656
1658277673,ALGOUSDT,Buy,56.3,0.3655,ZeroMinusTick,1468f22b-5ede-5246-9ec9-1eccd739ae05,2.0577649999999998e+09,56.3,20.57765
1658277673,ALGOUSDT,Buy,1480,0.3655,ZeroMinusTick,1c3553c8-20e4-5a91-b074-339980842b8c,5.409399999999999e+10,1480,540.9399999999999
1658277673,ALGOUSDT,Buy,36.9,0.3655,ZeroMinusTick,0aab549c-a1f9-5670-b217-60df02e17fe6,1.3486949999999998e+09,36.9,13.486949999999998
1658277673,ALGOUSDT,Buy,5.7,0.3655,ZeroMinusTick,44d13be8-b41d-5794-8852-871a37b261e5,2.0833499999999997e+08,5.7,2.08335
1658277673,ALGOUSDT,Buy,2.4,0.3655,ZeroMinusTick,6910ae60-9d41-5887-bc5b-40b134086e82,8.772e+07,2.4,0.8772
1658277673,ALGOUSDT,Buy,35,0.3655,ZeroMinusTick,ebee4a7c-635f-52d0-8676-1c59f76313e2,1.27925e+09,35,12.7925
1658277673,ALGOUSDT,Buy,225.9,0.3655,ZeroMinusTick,5cf48d32-38c3-5308-bd3b-afa53a32c933,8.256645e+09,225.9,82.56645
1658277673,ALGOUSDT,Buy,995,0.3655,ZeroMinusTick,5a484a08-c9e4-526e-8979-77a3d28917f8,3.636725e+10,995,363.6725
1658277673,ALGOUSDT,Buy,5,0.3655,ZeroMinusTick,1ed2e1cb-7498-51a8-9fd5-4c42a3c0c9f2,1.8275e+08,5,1.8275
1658277673,ALGOUSDT,Buy,4,0.3660,PlusTick,aa2e752e-7da7-56ee-ac0c-5f35d75fb8f2,1.464e+08,4,1.464
1658277675,ALGOUSDT,Buy,1360.3,0.3660,ZeroMinusTick,3e20f125-0742-5a89-9bfd-834371dfc240,4.978698e+10,1360.3,497.8698
1658277675,ALGOUSDT,Buy,1173.5,0.3660,ZeroMinusTick,2448d9de-8dd0-5f64-aed4-f4b3a0693c4a,4.29501e+10,1173.5,429.501
1658277675,ALGOUSDT,Buy,101.5,0.3660,ZeroMinusTick,951f2eb4-4d62-54b6-a03c-a5a8544c974c,3.7149e+09,101.5,37.149
1658277675,ALGOUSDT,Buy,103,0.3660,ZeroMinusTick,8cb057ba-af47-57e8-8963-24ed013b3ab6,3.7698e+09,103,37.698
1658277677,ALGOUSDT,Buy,208.1,0.3660,ZeroMinusTick,0f72298e-e5b8-517c-8c78-252c31d9751d,7.616459999999999e+09,208.1,76.1646
1658277678,ALGOUSDT,Buy,269,0.3660,ZeroMinusTick,3a926d0c-07ee-55bb-8e07-b5da80d8f420,9.8454e+09,269,98.454
1658277678,ALGOUSDT,Buy,151,0.3660,ZeroMinusTick,ae8029cb-5d89-554f-9b91-a3a402290c4e,5.5266e+09,151,55.266
1658277678,ALGOUSDT,Buy,324.2,0.3660,ZeroMinusTick,4bd86c28-6074-5e8a-8c31-82fb8f5f36e9,1.1865719999999998e+10,324.2,118.65719999999999
1658277678,ALGOUSDT,Buy,1000,0.3660,ZeroMinusTick,01cdc320-374a-5982-b066-d58e747d1595,3.66e+10,1000,366
1658277681,ALGOUSDT,Sell,1480,0.3660,ZeroMinusTick,7c3a735d-f4f6-555e-8cf0-a8ded793024a,5.416799999999999e+10,1480,541.68
1658277681,ALGOUSDT,Sell,1480,0.3660,ZeroMinusTick,66866a93-eab6-5b31-8d56-c0e342efc517,5.416799999999999e+10,1480,541.68
1658277682,ALGOUSDT,Sell,83.6,0.3660,ZeroMinusTick,e859ddaa-ece0-5770-818c-d4acbb5f9063,3.0597599999999995e+09,83.6,30.597599999999996
1658277684,ALGOUSDT,Buy,1000,0.3660,ZeroMinusTick,6289c5bd-655c-51a7-b1f1-9a6860f21513,3.66e+10,1000,366
1658277684,ALGOUSDT,Buy,1366.4,0.3660,ZeroMinusTick,90675778-55a9-5d46-be12-52bd1a20dfa1,5.001024000000001e+10,1366.4,500.10240000000005
1658277684,ALGOUSDT,Buy,475.2,0.3660,ZeroMinusTick,385d29e7-eb35-5066-9677-ca593cc1d8d8,1.7392319999999996e+10,475.2,173.92319999999998
1658277684,ALGOUSDT,Sell,5.4,0.3660,ZeroMinusTick,450939c7-ceec-58b0-be6f-c3182339f037,1.9764000000000003e+08,5.4,1.9764000000000002
1658277684,ALGOUSDT,Sell,3.8,0.3660,ZeroMinusTick,322ffad6-0276-586d-bf4d-45fa745ee858,1.3907999999999997e+08,3.8,1.3907999999999998
1658277698,ALGOUSDT,Sell,4056,0.3660,ZeroMinusTick,25eda164-eedf-521a-beb8-3bb992a8466f,1.484496e+11,4056,1484.4959999999999
1658277705,ALGOUSDT,Buy,0.5,0.3665,PlusTick,a185a970-28ce-5db0-a294-fdaaedc84a3c,1.8325e+07,0.5,0.18325
1658277713,ALGOUSDT,Sell,1314.6,0.3660,MinusTick,bb53ab8f-423f-5cd4-9189-1bc05b379bc8,4.811435999999999e+10,1314.6,481.14359999999994
1658277722,ALGOUSDT,Sell,32.3,0.3660,ZeroMinusTick,4c031f72-e973-5198-922a-849a33537e44,1.1821799999999998e+09,32.3,11.821799999999998
1658277725,ALGOUSDT,Buy,475.2,0.3665,PlusTick,b33db70a-4382-54e5-b1a8-175cebae9fa1,1.741608e+10,475.2,174.1608
1658277725,ALGOUSDT,Buy,1.5,0.3665,ZeroMinusTick,5afada1a-d63e-53fb-ae81-18c47c26688a,5.497499999999999e+07,1.5,0.54975
1658277725,ALGOUSDT,Buy,4,0.3665,ZeroMinusTick,b1830a44-7edc-55df-94b4-977fa6628b88,1.466e+08,4,1.466
1658277730,ALGOUSDT,Sell,27.2,0.3665,ZeroMinusTick,d190cf55-ebdd-5bf4-b17d-2b496740472d,9.9688e+08,27.2,9.9688
1658277733,ALGOUSDT,Sell,1.7,0.3665,ZeroMinusTick,a7b5c08b-fb8f-5fda-b533-2af48b6fab89,6.2305e+07,1.7,0.62305
1658277734,ALGOUSDT,Sell,2.6,0.3665,ZeroMinusTick,65a66b13-75e4-5d3a-ae5b-9b99d64e48ed,9.529e+07,2.6,0.9529
1658277735,ALGOUSDT,Buy,475.2,0.3670,PlusTick,48997a84-18ed-5fcc-91b5-46d0c92e7ec2,1.743984e+10,475.2,174.39839999999998
1658277735,ALGOUSDT,Buy,1365.7,0.3670,ZeroMinusTick,8e21920e-44cf-59b0-8268-4b1dc19b0dc1,5.012119e+10,1365.7,501.2119
1658277735,ALGOUSDT,Buy,1000,0.3670,ZeroMinusTick,6c018982-6098-58c5-bc01-c446b7cc3d44,3.67e+10,1000,367
1658277735,ALGOUSDT,Buy,2.5,0.3670,ZeroMinusTick,53f416e0-bcf0-5268-ac83-d911fd190898,9.175e+07,2.5,0.9175
1658277735,ALGOUSDT,Buy,4.3,0.3670,ZeroMinusTick,2f8c9b78-7a36-593c-b210-0c93d91c0d5f,1.5780999999999997e+08,4.3,1.5780999999999998
1658277742,ALGOUSDT,Sell,1.9,0.3670,ZeroMinusTick,b0097229-ee08-5426-a641-d99b16e3d103,6.972999999999999e+07,1.9,0.6972999999999999
1658277742,ALGOUSDT,Sell,1.2,0.3670,ZeroMinusTick,5787b928-2209-5c35-8ff4-e25311800501,4.403999999999999e+07,1.2,0.44039999999999996
1658277745,ALGOUSDT,Sell,3.4,0.3670,ZeroMinusTick,94565dd7-f925-53c8-9830-caec71d68019,1.2478e+08,3.4,1.2478
1658277758,ALGOUSDT,Buy,1000,0.3665,MinusTick,b3167a89-5aae-5a3d-99e7-b272d68f2e83,3.665e+10,1000,366.5
1658277765,ALGOUSDT,Buy,1.8,0.3665,ZeroMinusTick,370f269f-de13-5fd4-a544-4af3624f13ca,6.596999999999999e+07,1.8,0.6597
1658277783,ALGOUSDT,Buy,1000,0.3665,ZeroMinusTick,77a848dd-8326-5727-9dd8-9ee37015e4d2,3.665e+10,1000,366.5
1658277784,ALGOUSDT,Sell,1500,0.3665,ZeroMinusTick,55f7ba3c-ee5a-5fa4-a3eb-91071f385fbc,5.4975e+10,1500,549.75
1658277823,ALGOUSDT,Buy,81.1,0.3670,PlusTick,a51e587d-63c9-58dc-bc53-3b0f0afa430b,2.9763699999999995e+09,81.1,29.763699999999996
1658277833,ALGOUSDT,Sell,1275,0.3665,MinusTick,e92c063b-49a1-5da7-a65d-bd8f4bb97856,4.672875e+10,1275,467.28749999999997
1658277833,ALGOUSDT,Sell,205,0.3665,ZeroMinusTick,64e3c7b3-ece8-51f9-9920-ccb343ef9c77,7.513249999999999e+09,205,75.1325
1658277833,ALGOUSDT,Sell,477.9,0.3665,ZeroMinusTick,bfde95a2-2662-5307-9695-55b6d3843ef6,1.7515034999999996e+10,477.9,175.15034999999997
1658277863,ALGOUSDT,Sell,1275,0.3665,ZeroMinusTick,9e53c01b-2608-5f28-852d-267fd75114a4,4.672875e+10,1275,467.28749999999997
1658277865,ALGOUSDT,Sell,236.2,0.3660,MinusTick,2c4f13ab-9467-5118-8464-121bb01cbc78,8.64492e+09,236.2,86.44919999999999
1658277865,ALGOUSDT,Sell,1426.8,0.3660,ZeroMinusTick,29dcd39a-7547-5ce9-8afd-6060c4ca7651,5.222088e+10,1426.8,522.2088
1658277866,ALGOUSDT,Sell,2.2,0.3660,ZeroMinusTick,c76ac54c-303e-5fda-b764-0eb49e490328,8.052e+07,2.2,0.8052
1658277866,ALGOUSDT,Sell,1.5,0.3660,ZeroMinusTick,bdc7cf01-848d-5d7e-b28f-6b5516d0b346,5.489999999999999e+07,1.5,0.5489999999999999
1658277866,ALGOUSDT,Sell,4,0.3660,ZeroMinusTick,e989a5cd-4cee-56f4-a1ad-72477ce457ab,1.464e+08,4,1.464
1658277868,ALGOUSDT,Buy,1365.9,0.3660,ZeroMinusTick,eaadaa11-a50c-500c-9281-67bf39f496e2,4.999194e+10,1365.9,499.9194
1658277869,ALGOUSDT,Sell,3275,0.3660,ZeroMinusTick,b8303efc-8f21-5c4a-8591-6a4545a9d38d,1.1986499999999998e+11,3275,1198.6499999999999
1658277869,ALGOUSDT,Sell,1663,0.3660,ZeroMinusTick,fcf053b6-047e-5a86-bea0-c435a5d27ec1,6.08658e+10,1663,608.658
1658277869,ALGOUSDT,Sell,3265.3,0.3655,MinusTick,3fd3e14d-1d9f-59f0-8b2a-12bcd9041a2e,1.19346715e+11,3265.3,1193.46715
1658277869,ALGOUSDT,Sell,241.3,0.3655,ZeroMinusTick,ec7e6038-e6f8-5e33-8478-959d6fcb667f,8.819515e+09,241.3,88.19515
1658277869,ALGOUSDT,Sell,4685.6,0.3655,ZeroMinusTick,87b69ba0-788f-5ec5-b2ba-afa9ecebef0b,1.7125868e+11,4685.6,1712.5868
1658277869,ALGOUSDT,Sell,4362.7,0.3655,ZeroMinusTick,fda39e16-3a38-50c2-ad43-8637c11a072f,1.59456685e+11,4362.7,1594.56685
1658277869,ALGOUSDT,Sell,12713,0.3655,ZeroMinusTick,1568ddfa-2c8e-51e5-a6d7-952c7782aa2e,4.6466015e+11,12713,4646.6015
1658277869,ALGOUSDT,Sell,269,0.3655,ZeroMinusTick,b86d4c36-05c5-5ae5-ab9b-3cc3ca5a004d,9.83195e+09,269,98.31949999999999
1658277869,ALGOUSDT,Sell,3,0.3655,ZeroMinusTick,e71b9001-db41-5570-a7c1-47301e837c37,1.0965e+08,3,1.0965
1658277869,ALGOUSDT,Sell,5.7,0.3655,ZeroMinusTick,d4e94b12-2b7b-52e3-97b9-28df04a61967,2.0833499999999997e+08,5.7,2.08335
1658277869,ALGOUSDT,Sell,682.9,0.3655,ZeroMinusTick,07992d88-72bf-5d47-8fb9-ca282a2b5a60,2.4959994999999996e+10,682.9,249.59994999999998
1658277869,ALGOUSDT,Sell,1518.3,0.3655,ZeroMinusTick,634b17c6-20f7-5dbb-8e4c-48c6ad850ee4,5.549386499999999e+10,1518.3,554.9386499999999
1658277869,ALGOUSDT,Sell,1480,0.3655,ZeroMinusTick,a59b5dce-70cc-5258-93ed-ed58559df1e2,5.409399999999999e+10,1480,540.9399999999999
1658277869,ALGOUSDT,Sell,2564.3,0.3655,ZeroMinusTick,4944649c-dbc6-5d2b-a41d-6f3497866e94,9.3725165e+10,2564.3,937.25165
1658277869,ALGOUSDT,Sell,2184.3,0.3655,ZeroMinusTick,f0f4b124-1155-5777-a2c3-62597cf03bfa,7.9836165e+10,2184.3,798.36165
1658277869,ALGOUSDT,Sell,1000,0.3655,ZeroMinusTick,5f2596e4-145d-5c4b-94d3-648231e40958,3.655e+10,1000,365.5
1658277869,ALGOUSDT,Sell,86.6,0.3655,ZeroMinusTick,aff02c21-3a3b-587d-87f2-d3a766a401c3,3.1652299999999995e+09,86.6,31.652299999999997
1658277871,ALGOUSDT,Sell,291.9,0.3660,PlusTick,e0ec0467-33cc-59c1-9a4e-71637084ddb3,1.068354e+10,291.9,106.83539999999999
1658277871,ALGOUSDT,Sell,3040.4,0.3660,ZeroMinusTick,80f57875-e522-5379-a352-d1b40043aee6,1.1127864e+11,3040.4,1112.7864
1658277871,ALGOUSDT,Sell,1000,0.3660,ZeroMinusTick,650ea0ae-bdc1-53e7-9184-047995ca63b9,3.66e+10,1000,366
1658277871,ALGOUSDT,Sell,3265.3,0.3660,ZeroMinusTick,7fdda920-8ea7-5fdb-ac5e-52249b4a9d07,1.1950998e+11,3265.3,1195.0998
1658277871,ALGOUSDT,Sell,1364.7,0.3660,ZeroMinusTick,554060fa-3bfb-51fd-844e-4d35633df809,4.994802e+10,1364.7,499.4802
1658277871,ALGOUSDT,Sell,1275,0.3660,ZeroMinusTick,04404bab-f084-5de3-af1e-ed741b7f20e1,4.6665e+10,1275,466.65
1658277871,ALGOUSDT,Sell,1663,0.3660,ZeroMinusTick,9d8c4221-afad-548e-b867-090c46c248e7,6.08658e+10,1663,608.658
1658277871,ALGOUSDT,Sell,1480,0.3660,ZeroMinusTick,a12b97e3-3c0c-55a1-9ed5-cce1d93513ce,5.416799999999999e+10,1480,541.68
1658277871,ALGOUSDT,Sell,7500,0.3660,ZeroMinusTick,e27241dd-ac1c-5cec-adf8-eab33ff4f88a,2.745e+11,7500,2745
1658277871,ALGOUSDT,Sell,1188.4,0.3655,MinusTick,5dea1f41-950c-5c82-89e7-374d07c3bae6,4.343602e+10,1188.4,434.3602
1658277871,ALGOUSDT,Sell,1367.9,0.3655,ZeroMinusTick,cd289209-577b-5fb8-9d5a-b01ec4de9b3a,4.999674500000001e+10,1367.9,499.96745000000004
1658277871,ALGOUSDT,Sell,6849.9,0.3655,ZeroMinusTick,1f49ad10-beee-55bb-9984-ce9bde02187c,2.50363845e+11,6849.9,2503.63845
1658277877,ALGOUSDT,Buy,2.7,0.3660,PlusTick,34f563e7-a0df-5a36-888a-d8b284b70378,9.882000000000001e+07,2.7,0.9882000000000001
1658277882,ALGOUSDT,Sell,1000,0.3655,MinusTick,bff87865-82d4-5bac-bc1d-5da836e83bc8,3.655e+10,1000,365.5
1658277882,ALGOUSDT,Sell,1.8,0.3655,ZeroMinusTick,e9f2d495-590b-585e-b2e2-44b673d28216,6.579000000000001e+07,1.8,0.6579
1658277882,ALGOUSDT,Sell,4.3,0.3655,ZeroMinusTick,6d793bbd-abf2-5f49-b137-ede1be3bb2df,1.57165e+08,4.3,1.57165
1658277884,ALGOUSDT,Sell,1480,0.3655,ZeroMinusTick,72c4b5f4-46b3-578b-bd97-cfe8c3d174c7,5.409399999999999e+10,1480,540.9399999999999
1658277884,ALGOUSDT,Buy,3265.3,0.3655,ZeroMinusTick,d3637dd3-fc45-5374-98cb-60490c9553cb,1.19346715e+11,3265.3,1193.46715
1658277887,ALGOUSDT,Buy,1000,0.3655,ZeroMinusTick,469e1273-3a8f-532a-8c1d-c7920fa6f7d0,3.655e+10,1000,365.5
1658277890,ALGOUSDT,Buy,3106.4,0.3655,ZeroMinusTick,42a92392-3f21-5a25-a9d4-bf37d66db8df,1.1353892e+11,3106.4,1135.3892
1658277891,ALGOUSDT,Sell,1000,0.3655,ZeroMinusTick,c10734f1-0924-53f6-ae77-e3addf0ac628,3.655e+10,1000,365.5
1658277904,ALGOUSDT,Sell,1663,0.3655,ZeroMinusTick,b7fc96f8-e31a-514e-ae9a-16b10226d1da,6.078265e+10,1663,607.8265
1658277904,ALGOUSDT,Sell,870.8,0.3655,ZeroMinusTick,44c25e46-4441-51a5-b059-e506176a225f,3.182774e+10,870.8,318.2774
1658277907,ALGOUSDT,Sell,2397.4,0.3655,ZeroMinusTick,6186cb97-c4aa-5499-8e67-e33b8a7c4f6d,8.762497e+10,2397.4,876.2497
1658277907,ALGOUSDT,Sell,77.5,0.3655,ZeroMinusTick,3f703c05-4996-5b74-81df-088f0375247c,2.832625e+09,77.5,28.326249999999998
1658277908,ALGOUSDT,Buy,3,0.3660,PlusTick,ce69c773-994b-54e6-8b88-d099171c00ba,1.0979999999999999e+08,3,1.0979999999999999
1658277927,ALGOUSDT,Buy,1365.8,0.3660,ZeroMinusTick,9439c18b-ac78-5e31-9e12-d242dda09bcc,4.998828e+10,1365.8,499.8828
1658277927,ALGOUSDT,Buy,1000,0.3660,ZeroMinusTick,3e152f1e-303f-5bf4-ad27-c7726dec6460,3.66e+10,1000,366
1658277927,ALGOUSDT,Buy,1.4,0.3660,ZeroMinusTick,4a829521-1734-5943-99cd-1b9a06a35ee1,5.124e+07,1.4,0.5124
1658277940,ALGOUSDT,Buy,1365.8,0.3660,ZeroMinusTick,508e35c9-d212-5694-993b-a21220276205,4.998828e+10,1365.8,499.8828
1658277948,ALGOUSDT,Sell,1.4,0.3660,ZeroMinusTick,86b8d0fe-c65c-5280-98ad-ee99bc8fd94c,5.124e+07,1.4,0.5124
1658277957,ALGOUSDT,Sell,3.2,0.3660,ZeroMinusTick,b8869d00-b783-5c0e-90b8-8832ecdc90d4,1.1712e+08,3.2,1.1712
1658277965,ALGOUSDT,Buy,0.3,0.3665,PlusTick,a0ed4dec-9f6e-5caf-a8bf-73adf771493b,1.0995e+07,0.3,0.10994999999999999
1658277970,ALGOUSDT,Buy,475.2,0.3665,ZeroMinusTick,5d12e2f3-52bc-58dc-80c9-748514c7b53c,1.741608e+10,475.2,174.1608
1658277970,ALGOUSDT,Buy,1.2,0.3665,ZeroMinusTick,51c7e3f4-33f2-5a36-857a-6ddc3fc991df,4.398e+07,1.2,0.43979999999999997
1658277970,ALGOUSDT,Buy,3.8,0.3665,ZeroMinusTick,883b087d-1870-597f-908e-1d149c8146c7,1.3926999999999997e+08,3.8,1.3926999999999998
1658277979,ALGOUSDT,Sell,2.5,0.3665,ZeroMinusTick,22131c93-2c9f-5bd0-a479-8221af2015af,9.1625e+07,2.5,0.91625
1658277980,ALGOUSDT,Buy,2474.9,0.3670,PlusTick,42d5dc3b-ac66-5bd5-ae55-119bc792f462,9.082883e+10,2474.9,908.2883
1658277995,ALGOUSDT,Buy,1480,0.3665,MinusTick,dd104def-7572-5b5f-9b42-2f391909bfb3,5.424199999999999e+10,1480,542.42
1658277995,ALGOUSDT,Buy,2706,0.3665,ZeroMinusTick,5e30e46f-5389-5854-9572-239c8af798e3,9.91749e+10,2706,991.749
1658278035,ALGOUSDT,Sell,3532.1,0.3665,ZeroMinusTick,917b7045-59d5-505e-856c-f0f4d9e3866b,1.2945146499999998e+11,3532.1,1294.5146499999998
1658278108,ALGOUSDT,Buy,1365.1,0.3670,PlusTick,5668d195-11bf-50e6-9649-444669d464c4,5.009917e+10,1365.1,500.9917
1658278108,ALGOUSDT,Buy,1.6,0.3670,ZeroMinusTick,4666eeca-9ea3-512f-a33b-5c21ac753b78,5.872000000000001e+07,1.6,0.5872
1658278108,ALGOUSDT,Buy,3.3,0.3670,ZeroMinusTick,949eee8e-40b3-537a-93f3-dcac63f77df4,1.2110999999999999e+08,3.3,1.2110999999999998
1658278108,ALGOUSDT,Buy,1000,0.3670,ZeroMinusTick,6e654ea4-28d4-5ace-aaf1-a02f564d8d92,3.67e+10,1000,367
1658278119,ALGOUSDT,Buy,475.2,0.3675,PlusTick,2d8b2253-9612-5ce3-9990-19210d284a5c,1.74636e+10,475.2,174.636
1658278119,ALGOUSDT,Buy,269,0.3675,ZeroMinusTick,d28350fa-5453-5d59-93cf-8a55773d6d87,9.88575e+09,269,98.8575
1658278119,ALGOUSDT,Buy,243.5,0.3675,ZeroMinusTick,be99bf81-7b3d-591b-a4fe-858825f881b1,8.948625e+09,243.5,89.48625
1658278119,ALGOUSDT,Buy,2544.4,0.3675,ZeroMinusTick,3626e5eb-039a-51ba-bfb1-472192901c7d,9.35067e+10,2544.4,935.067
1658278125,ALGOUSDT,Buy,1.7,0.3675,ZeroMinusTick,a8cf4461-840a-5e32-96e4-9bb671d68a20,6.2475e+07,1.7,0.62475
1658278130,ALGOUSDT,Buy,4420.4,0.3675,ZeroMinusTick,38103a7e-4097-5526-85c1-e95f35c0cf1f,1.6244969999999997e+11,4420.4,1624.4969999999998
1658278130,ALGOUSDT,Buy,3.8,0.3675,ZeroMinusTick,02259c14-73e8-5e34-ba42-5d4b4091f42e,1.3965e+08,3.8,1.3964999999999999
1658278130,ALGOUSDT,Buy,1.8,0.3675,ZeroMinusTick,edd7be04-a51e-5c81-ad1c-4a14a7ce15d1,6.615e+07,1.8,0.6615
1658278130,ALGOUSDT,Buy,475.2,0.3675,ZeroMinusTick,aa515fbe-f6ec-520c-a347-2f51ece3c88e,1.74636e+10,475.2,174.636
1658278222,ALGOUSDT,Sell,1361.4,0.3670,MinusTick,d60c10c2-a71a-5407-b958-3d01244d446b,4.996338e+10,1361.4,499.6338
1658278222,ALGOUSDT,Sell,1971.6,0.3670,ZeroMinusTick,9502b139-3c44-507f-b9be-86d5cdd8d35f,7.235772e+10,1971.6,723.5772
1658278257,ALGOUSDT,Sell,30.6,0.3670,ZeroMinusTick,990f0c67-e162-5055-8cd3-6328938db6a0,1.12302e+09,30.6,11.2302
1658278287,ALGOUSDT,Buy,1362,0.3670,ZeroMinusTick,e1e6c488-1488-5310-988c-0d117f97765c,4.99854e+10,1362,499.854
1658278315,ALGOUSDT,Sell,1.5,0.3665,MinusTick,aa8eba74-845a-5dfc-a454-b4248a737e87,5.497499999999999e+07,1.5,0.54975
1658278335,ALGOUSDT,Sell,12.9,0.3665,ZeroMinusTick,aa094099-c738-50f9-87b8-656b55ca944d,4.72785e+08,12.9,4.72785
1658278395,ALGOUSDT,Buy,0.5,0.3670,PlusTick,725465ae-3b62-5274-a6d3-7303c9372954,1.835e+07,0.5,0.1835
1658278410,ALGOUSDT,Buy,83.4,0.3670,ZeroMinusTick,8660a762-d3ba-5f46-bbca-fbfe566e085f,3.06078e+09,83.4,30.6078
1658278449,ALGOUSDT,Sell,3.9,0.3665,MinusTick,ef14684b-854e-5c2d-ac25-9ead812935e1,1.42935e+08,3.9,1.42935
1658278449,ALGOUSDT,Sell,1000,0.3665,ZeroMinusTick,51330b60-e580-5941-9c25-5d643d4b1bf9,3.665e+10,1000,366.5
1658278468,ALGOUSDT,Sell,1.9,0.3660,MinusTick,7b612ede-5e49-54c8-bde0-35aa84285d29,6.953999999999999e+07,1.9,0.6953999999999999
1658278468,ALGOUSDT,Sell,3.9,0.3660,ZeroMinusTick,14e09c32-e0d4-5792-8538-40cc7f72e0a4,1.4274e+08,3.9,1.4274
1658278468,ALGOUSDT,Sell,15.3,0.3660,ZeroMinusTick,d16aa843-e231-5fb9-9dd4-2bee4ec7e393,5.5998e+08,15.3,5.5998
1658278468,ALGOUSDT,Sell,1000,0.3660,ZeroMinusTick,1956b9bb-9477-5796-8ba0-2c9146fa63c9,3.66e+10,1000,366
1658278468,ALGOUSDT,Sell,458.9,0.3660,ZeroMinusTick,276cb944-0382-5fe1-8c3f-7f4d498599e6,1.6795739999999998e+10,458.9,167.95739999999998
1658278468,ALGOUSDT,Sell,816.1,0.3660,ZeroMinusTick,08239f1a-978d-5ef0-820f-52ef0ff050a0,2.9869260000000004e+10,816.1,298.6926
1658278468,ALGOUSDT,Sell,663.9,0.3660,ZeroMinusTick,9e07e794-34a4-5c60-8060-db57524ca4bc,2.4298739999999996e+10,663.9,242.98739999999998
1658278468,ALGOUSDT,Sell,700.2,0.3660,ZeroMinusTick,cad50fd1-1396-5967-8fc4-e76bf06e4e3d,2.5627320000000004e+10,700.2,256.27320000000003
1658278477,ALGOUSDT,Buy,1.2,0.3660,ZeroMinusTick,72ed94ea-1d68-564d-99c5-47071e98d04b,4.392e+07,1.2,0.4392
1658278480,ALGOUSDT,Buy,2.6,0.3660,ZeroMinusTick,f354e25c-767e-5eb6-9854-59b2c01dd93e,9.516e+07,2.6,0.9516
1658278482,ALGOUSDT,Buy,1365.5,0.3660,ZeroMinusTick,0f2f7517-cb42-5404-b124-ea95fdf13ee4,4.99773e+10,1365.5,499.77299999999997
1658278482,ALGOUSDT,Buy,114.5,0.3660,ZeroMinusTick,ac477787-a3e4-5b39-8ff7-b59e9765899c,4.1906999999999995e+09,114.5,41.907
1658278482,ALGOUSDT,Buy,1480,0.3660,ZeroMinusTick,880ba151-6927-59a5-955c-590d6833d092,5.416799999999999e+10,1480,541.68
1658278482,ALGOUSDT,Buy,1766,0.3660,ZeroMinusTick,809aa4e6-8188-5456-9f5c-20f99ea75463,6.46356e+10,1766,646.356
1658278540,ALGOUSDT,Sell,1.6,0.3655,MinusTick,a85b50e2-a1cc-5d11-bf4e-96994fa0cea2,5.848e+07,1.6,0.5848
1658278540,ALGOUSDT,Sell,3.4,0.3655,ZeroMinusTick,13adb6b9-b8ff-5662-96e2-47caaf940952,1.2426999999999999e+08,3.4,1.2427
1658278540,ALGOUSDT,Sell,95,0.3655,ZeroMinusTick,619b6a49-b6cd-5c3d-846c-957824a35e98,3.4722499999999995e+09,95,34.7225
1658278551,ALGOUSDT,Sell,1.6,0.3655,ZeroMinusTick,5cf202c4-cedc-5b4f-900c-e4faa8af0a5b,5.848e+07,1.6,0.5848
1658278551,ALGOUSDT,Sell,1396.3,0.3650,MinusTick,749aa90e-c326-5e40-9908-e90fb0424e87,5.096495e+10,1396.3,509.6495
1658278597,ALGOUSDT,Sell,3.4,0.3655,PlusTick,533f0f76-1cc4-5857-aebb-5e9ad2f78024,1.2426999999999999e+08,3.4,1.2427
1658278597,ALGOUSDT,Sell,1275,0.3655,ZeroMinusTick,c5e03f6d-1dd9-5598-a2f9-19b7afa529f5,4.660125e+10,1275,466.0125
1658278597,ALGOUSDT,Sell,1000,0.3655,ZeroMinusTick,de69f44d-dd50-5d7b-80ac-c5a5d16ebf9c,3.655e+10,1000,365.5
1658278597,ALGOUSDT,Sell,3415.8,0.3655,ZeroMinusTick,d2542237-dfc0-52e2-8239-80de94bbeb5c,1.2484749e+11,3415.8,1248.4749
1658278597,ALGOUSDT,Sell,1480,0.3655,ZeroMinusTick,f6c402d2-2016-5898-9341-805f1fa4f68a,5.409399999999999e+10,1480,540.9399999999999
1658278597,ALGOUSDT,Sell,3265.3,0.3655,ZeroMinusTick,a2e66e48-caca-5203-8469-7c970cc97b6f,1.19346715e+11,3265.3,1193.46715
1658278597,ALGOUSDT,Sell,682.9,0.3655,ZeroMinusTick,dd2b2490-89a8-5f55-9b1a-24f2b90c8a82,2.4959994999999996e+10,682.9,249.59994999999998
1658278597,ALGOUSDT,Sell,7500,0.3655,ZeroMinusTick,422c2740-b711-50cf-8e51-e9e9db8a9eda,2.74125e+11,7500,2741.25
1658278597,ALGOUSDT,Sell,18273.2,0.3650,MinusTick,c6b1bc71-752a-5960-9b14-d5e2d30084c7,6.669718e+11,18273.2,6669.718
1658278597,ALGOUSDT,Sell,2238.8,0.3650,ZeroMinusTick,7b8ebf8a-6df2-557a-b57b-de6a5a0fefb0,8.17162e+10,2238.8,817.162
1658278627,ALGOUSDT,Buy,670,0.3660,PlusTick,1912b983-648a-527e-980c-8cf2298174de,2.4522e+10,670,245.22
1658278645,ALGOUSDT,Sell,1.2,0.3655,MinusTick,7681ad28-b075-5f27-971e-ed1f1f52c2e1,4.386e+07,1.2,0.4386
1658278733,ALGOUSDT,Buy,20000,0.3655,ZeroMinusTick,c52e3574-1659-55da-9d37-dad2bf7e9ed8,7.31e+11,20000,7310
1658278769,ALGOUSDT,Buy,1.7,0.3665,PlusTick,20ec562f-05a9-52ed-a078-2f4458e25de4,6.2305e+07,1.7,0.62305
1658278769,ALGOUSDT,Buy,3.8,0.3665,ZeroMinusTick,2caf612b-4dc5-5ea3-b451-3592be14455f,1.3926999999999997e+08,3.8,1.3926999999999998
1658278775,ALGOUSDT,Buy,1.4,0.3665,ZeroMinusTick,bd3dda9c-c225-515a-a4b4-459c21be8851,5.131e+07,1.4,0.5131
1658278797,ALGOUSDT,Buy,1.2,0.3665,ZeroMinusTick,7a29663a-ea0e-5873-9ae1-aaf3f9281eef,4.398e+07,1.2,0.43979999999999997
1658278797,ALGOUSDT,Buy,2.6,0.3665,ZeroMinusTick,6fc52982-d608-544d-ac3c-a65fa5881a95,9.529e+07,2.6,0.9529
1658278810,ALGOUSDT,Sell,1273.2,0.3660,MinusTick,9ebf24cd-9610-5393-9bdc-0f37e76e4c1f,4.659912e+10,1273.2,465.9912
1658278847,ALGOUSDT,Buy,0.7,0.3665,PlusTick,40290dc4-1ca2-5a6f-9ceb-3090955766be,2.5655e+07,0.7,0.25655
1658278852,ALGOUSDT,Sell,1000,0.3665,ZeroMinusTick,00d7bb95-0a9f-5d80-bce1-9c5e72e271dd,3.665e+10,1000,366.5
1658278852,ALGOUSDT,Sell,73,0.3665,ZeroMinusTick,bfd02de9-d08f-5a2c-bd82-6cc6041cf42c,2.67545e+09,73,26.7545
1658278919,ALGOUSDT,Buy,1363.4,0.3670,PlusTick,5d173bfe-d59a-539d-9472-3b08a5093701,5.003678000000001e+10,1363.4,500.36780000000005
1658278919,ALGOUSDT,Buy,1.5,0.3670,ZeroMinusTick,9cc3cc68-b379-54a9-beda-f0a5b934eb86,5.505e+07,1.5,0.5505
1658278919,ALGOUSDT,Buy,3.3,0.3670,ZeroMinusTick,79dcbe9b-5c54-5cac-be83-2645c09cba47,1.2110999999999999e+08,3.3,1.2110999999999998
1658278955,ALGOUSDT,Buy,0.9,0.3675,PlusTick,99b97c8d-d028-5040-bf5d-17c2a0efa69e,3.3075e+07,0.9,0.33075
1658279035,ALGOUSDT,Buy,1.8,0.3675,ZeroMinusTick,a605148b-be60-5dfa-87b9-dbd0a9636526,6.615e+07,1.8,0.6615
1658279086,ALGOUSDT,Sell,1000,0.3670,MinusTick,d992b6f3-e7d0-51db-b1c0-645322274788,3.67e+10,1000,367
1658279086,ALGOUSDT,Sell,2178.3,0.3670,ZeroMinusTick,da22e54c-16db-510b-971e-0c5d554dacfd,7.994361e+10,2178.3,799.4361
1658279086,ALGOUSDT,Sell,7500,0.3670,ZeroMinusTick,2b2b378e-325e-5f61-8011-8aa89c27cf3a,2.7525e+11,7500,2752.5
1658279086,ALGOUSDT,Buy,1787.2,0.3670,ZeroMinusTick,d80e0c05-736e-5bbd-99e6-5a21a61e9fc5,6.559024000000001e+10,1787.2,655.9024000000001
1658279088,ALGOUSDT,Buy,3265.3,0.3670,ZeroMinusTick,0a198d26-f0e2-5747-b383-9ecafead89f7,1.1983651e+11,3265.3,1198.3651
1658279088,ALGOUSDT,Buy,394.3,0.3670,ZeroMinusTick,ae81abb6-5844-5d53-abbf-64bb82462a26,1.447081e+10,394.3,144.7081
1658279088,ALGOUSDT,Buy,1361.4,0.3670,ZeroMinusTick,4b37e60a-0522-55e0-839f-898a98ae9cda,4.996338e+10,1361.4,499.6338
1658279088,ALGOUSDT,Buy,1275,0.3670,ZeroMinusTick,862f9102-055f-53c6-8e48-c7c0267460f9,4.67925e+10,1275,467.925
1658279088,ALGOUSDT,Buy,682.9,0.3670,ZeroMinusTick,bf56aecb-9fa3-5cb0-81fa-290b81129393,2.5062429999999996e+10,682.9,250.62429999999998
1658279165,ALGOUSDT,Sell,0.1,0.3670,ZeroMinusTick,c988303a-8ddd-5b59-b0aa-7990d183f010,3.6700000000000005e+06,0.1,0.0367
1658279185,ALGOUSDT,Buy,1361.6,0.3670,ZeroMinusTick,2a3498ad-6e2f-58af-abf9-1827f0e67f4e,4.997071999999999e+10,1361.6,499.70719999999994
1658279185,ALGOUSDT,Buy,1275,0.3670,ZeroMinusTick,b789ad6c-3168-5250-871f-b41203f732a0,4.67925e+10,1275,467.925
1658279205,ALGOUSDT,Sell,1000,0.3670,ZeroMinusTick,fc57697b-d7dc-532a-9ed4-c084f4197386,3.67e+10,1000,367
1658279225,ALGOUSDT,Sell,2.2,0.3665,MinusTick,25450ea9-dc62-5cf2-8b8c-ce1f355ae6a0,8.063e+07,2.2,0.8063
1658279225,ALGOUSDT,Sell,0.3,0.3665,ZeroMinusTick,8348508a-9664-5085-909b-059da28bfc1e,1.0995e+07,0.3,0.10994999999999999
1658279225,ALGOUSDT,Sell,1362.5,0.3665,ZeroMinusTick,c8010733-51d7-51d7-bd64-ad1e8731cd17,4.9935625e+10,1362.5,499.35625
1658279225,ALGOUSDT,Sell,49.3,0.3665,ZeroMinusTick,429c8e7c-005f-58c4-a0de-9cabea247fc7,1.8068449999999998e+09,49.3,18.06845
1658279225,ALGOUSDT,Sell,1480,0.3665,ZeroMinusTick,da1ead0c-5204-570b-aa8a-522c3104816f,5.424199999999999e+10,1480,542.42
1658279225,ALGOUSDT,Sell,1663,0.3665,ZeroMinusTick,49ab0c2a-821c-5068-a948-2c7b727e7cbe,6.094895e+10,1663,609.4895
1658279225,ALGOUSDT,Sell,1480,0.3665,ZeroMinusTick,4c1fc8fc-f677-5c6c-a3fe-8cfa10a8148c,5.424199999999999e+10,1480,542.42
1658279225,ALGOUSDT,Sell,1663,0.3665,ZeroMinusTick,6ba4f326-4d15-582e-86ea-544f988ce99f,6.094895e+10,1663,609.4895
1658279225,ALGOUSDT,Sell,283.2,0.3665,ZeroMinusTick,fc6800ae-7cb8-5ba1-86ee-204fc4aedc4f,1.037928e+10,283.2,103.7928
1658279225,ALGOUSDT,Sell,434.9,0.3665,ZeroMinusTick,0a76c60d-3e55-5081-b0e2-f7e69163aa28,1.5939085e+10,434.9,159.39085
1658279225,ALGOUSDT,Sell,3265.3,0.3665,ZeroMinusTick,66f9b5d9-2404-5448-ba1a-95769599b1e4,1.19673245e+11,3265.3,1196.73245
1658279225,ALGOUSDT,Sell,2645.7,0.3665,ZeroMinusTick,176f7d29-da66-5bb6-ac02-fa9758f32aac,9.696490499999998e+10,2645.7,969.6490499999999
1658279225,ALGOUSDT,Sell,1000,0.3665,ZeroMinusTick,f0accf34-e516-5d74-a6bf-5a410a058a21,3.665e+10,1000,366.5
1658279225,ALGOUSDT,Sell,3452.7,0.3665,ZeroMinusTick,8fc70c25-8047-5449-b860-510a8acfcecc,1.26541455e+11,3452.7,1265.41455
1658279228,ALGOUSDT,Buy,1275,0.3665,ZeroMinusTick,9c790f18-5d2c-5b99-a2d6-9acd82912694,4.672875e+10,1275,467.28749999999997
1658279231,ALGOUSDT,Sell,3604.3,0.3665,ZeroMinusTick,e145ce81-f9ce-5985-9dc4-27c19a820ad6,1.32097595e+11,3604.3,1320.97595
1658279237,ALGOUSDT,Sell,1787.2,0.3665,ZeroMinusTick,f799d68e-d2c3-5002-b61f-1bb0993a9917,6.550087999999999e+10,1787.2,655.0088
1658279237,ALGOUSDT,Sell,1000,0.3665,ZeroMinusTick,c864428e-f5d5-5bad-badc-96b6a0515160,3.665e+10,1000,366.5
1658279237,ALGOUSDT,Buy,596,0.3665,ZeroMinusTick,1dede7fe-7fd3-5354-afc3-ae60f182d97c,2.18434e+10,596,218.434
1658279290,ALGOUSDT,Sell,815.4,0.3660,MinusTick,1d2e359c-a2b1-5138-8d79-21b2f9d95209,2.984364e+10,815.4,298.4364
1658279298,ALGOUSDT,Buy,1275,0.3665,PlusTick,408fce43-aaa7-5e71-9428-c6a80e24b471,4.672875e+10,1275,467.28749999999997
1658279344,ALGOUSDT,Sell,1.3,0.3660,MinusTick,fcb026bb-41f8-5215-a312-c43f993c3aa5,4.758e+07,1.3,0.4758
1658279344,ALGOUSDT,Sell,2.6,0.3660,ZeroMinusTick,83dd88e5-8e46-537a-8a24-c2f08066596e,9.516e+07,2.6,0.9516
1658279344,ALGOUSDT,Sell,1363.6,0.3660,ZeroMinusTick,c2d16881-8466-5fbe-ade7-9625234eecec,4.990775999999999e+10,1363.6,499.07759999999996
1658279344,ALGOUSDT,Buy,1365.3,0.3660,ZeroMinusTick,3ced5cfc-40a0-5152-8801-ebedc33c5474,4.996998e+10,1365.3,499.6998
1658279345,ALGOUSDT,Buy,1.8,0.3665,PlusTick,3cba9bbf-aa9e-52d6-bf4b-bc111315a4dd,6.596999999999999e+07,1.8,0.6597
1658279371,ALGOUSDT,Sell,232.1,0.3655,MinusTick,60b15828-20b3-58d1-8b9b-ecfa40eaab9e,8.483255e+09,232.1,84.83255
1658279371,ALGOUSDT,Sell,3861,0.3655,ZeroMinusTick,33e5ba8e-85ba-5e4e-89d8-726125294b47,1.4111955e+11,3861,1411.1955
1658279381,ALGOUSDT,Buy,1365.3,0.3660,PlusTick,172b75f5-e5dc-5415-820b-99f9872d3d2a,4.996998e+10,1365.3,499.6998
1658279408,ALGOUSDT,Buy,17.3,0.3665,PlusTick,65e9af86-a6e7-5614-94a3-b4aed6191dae,6.34045e+08,17.3,6.34045
1658279409,ALGOUSDT,Buy,1257.7,0.3665,ZeroMinusTick,3b1439c5-b527-5ead-a849-7490ca6a8f14,4.6094705e+10,1257.7,460.94705
1658279425,ALGOUSDT,Sell,0.2,0.3665,ZeroMinusTick,92132b37-2e5e-59bd-befb-a198578f939d,7.33e+06,0.2,0.0733
1658279428,ALGOUSDT,Buy,1.5,0.3670,PlusTick,edfd332d-52b2-54ba-a0bd-3a126f1493d6,5.505e+07,1.5,0.5505
1658279428,ALGOUSDT,Buy,3.2,0.3670,ZeroMinusTick,120e819a-ba75-55a2-a7d5-5bfa8cfc8e30,1.1744000000000001e+08,3.2,1.1744
1658279428,ALGOUSDT,Buy,1365.2,0.3670,ZeroMinusTick,6d53fa27-c727-5b39-b22a-17fd5c74ab78,5.010284e+10,1365.2,501.02840000000003
1658279428,ALGOUSDT,Buy,1275,0.3670,ZeroMinusTick,35b86c22-97b1-5aa4-939e-502c76db1c32,4.67925e+10,1275,467.925
1658279470,ALGOUSDT,Buy,1361.8,0.3670,ZeroMinusTick,c61ea005-fd11-528a-8922-f5d5561df06e,4.997806e+10,1361.8,499.7806
1658279472,ALGOUSDT,Sell,17.3,0.3670,ZeroMinusTick,b8993c45-3347-5dc7-8911-ae111ee8c6fb,6.3491e+08,17.3,6.3491
1658279505,ALGOUSDT,Sell,1.3,0.3665,MinusTick,42ec9840-fed7-5530-95ef-71f58f06f7cc,4.7645e+07,1.3,0.47645
1658279598,ALGOUSDT,Sell,1786,0.3665,ZeroMinusTick,b3e38776-c682-5e5d-879b-981c78095609,6.545689999999999e+10,1786,654.569
1658279598,ALGOUSDT,Sell,545.2,0.3665,ZeroMinusTick,f9dbf4ba-fdd2-5e44-b57c-f3d794214d79,1.9981580000000004e+10,545.2,199.81580000000002
1658279598,ALGOUSDT,Sell,2181.3,0.3665,ZeroMinusTick,564f73e0-2ec4-595f-ba7e-1cf88da8eb10,7.9944645e+10,2181.3,799.44645
1658279598,ALGOUSDT,Sell,475.2,0.3665,ZeroMinusTick,6484d229-7a3f-53d4-8b80-eb13e1148e01,1.741608e+10,475.2,174.1608
1658279598,ALGOUSDT,Sell,273,0.3665,ZeroMinusTick,6ca5fd62-da19-5aef-a029-d1a761b0fef0,1.000545e+10,273,100.0545
1658279598,ALGOUSDT,Sell,1000,0.3665,ZeroMinusTick,b55ebb5d-3e31-54a2-b1ce-bfd93ef59359,3.665e+10,1000,366.5
1658279655,ALGOUSDT,Buy,1.9,0.3670,PlusTick,ba77e0af-fbb1-59d2-95a7-7e86606edeb6,6.972999999999999e+07,1.9,0.6972999999999999
1658279661,ALGOUSDT,Sell,1000,0.3665,MinusTick,6e02ac8a-a9ba-5c3f-9e2c-39dd69df52c0,3.665e+10,1000,366.5
1658279661,ALGOUSDT,Sell,264.5,0.3665,ZeroMinusTick,17923cfe-efb8-5964-bbca-951b836c8831,9.693925e+09,264.5,96.93925
1658279661,ALGOUSDT,Sell,542.9,0.3665,ZeroMinusTick,96a03c0c-80f5-52f9-ae2f-be22bec1ba55,1.9897285e+10,542.9,198.97285
1658279661,ALGOUSDT,Sell,530.6,0.3665,ZeroMinusTick,971ffedb-b14d-58ac-bfc2-a5488ebb1a15,1.944649e+10,530.6,194.4649
1658279688,ALGOUSDT,Buy,1361.6,0.3670,PlusTick,72a5f69c-5bb2-573e-9373-32d71e46ed88,4.997071999999999e+10,1361.6,499.70719999999994
1658279688,ALGOUSDT,Buy,301.4,0.3670,ZeroMinusTick,708a098d-1ccf-5a4c-a49b-0354b5be86a2,1.1061379999999998e+10,301.4,110.61379999999998
1658279688,ALGOUSDT,Buy,4082,0.3670,ZeroMinusTick,74a7a30e-2c92-5a26-9e29-442800116778,1.498094e+11,4082,1498.094
1658279688,ALGOUSDT,Buy,338.7,0.3670,ZeroMinusTick,eda095fc-cd5a-5e2f-9c19-061759ccda00,1.243029e+10,338.7,124.3029
1658279688,ALGOUSDT,Buy,4063.9,0.3670,ZeroMinusTick,27d9fb30-2cba-5772-b80d-ed1c504a7b2c,1.4914513e+11,4063.9,1491.4513
1658279693,ALGOUSDT,Buy,16.6,0.3675,PlusTick,e2540ff7-4c49-5427-b74a-ff201019ef5a,6.1005e+08,16.6,6.1005
1658279693,ALGOUSDT,Buy,83.1,0.3675,ZeroMinusTick,e4be933b-68d7-5480-b7c7-810432323ccf,3.053925e+09,83.1,30.53925
1658279693,ALGOUSDT,Buy,1275,0.3675,ZeroMinusTick,e7aeeaa6-d742-59cf-a456-a0878407ffd0,4.685625e+10,1275,468.5625
1658279693,ALGOUSDT,Buy,1.8,0.3675,ZeroMinusTick,5aae3002-5d88-525c-b348-03dc9fcd7a1d,6.615e+07,1.8,0.6615
1658279693,ALGOUSDT,Buy,3.7,0.3675,ZeroMinusTick,fafd5014-118f-564a-b6a6-3abd7667ee81,1.35975e+08,3.7,1.35975
1658279703,ALGOUSDT,Buy,1787.2,0.3675,ZeroMinusTick,b4d1aa6e-e737-56c4-8dfd-29f75df4bb40,6.567960000000001e+10,1787.2,656.796
1658279703,ALGOUSDT,Buy,1478.1,0.3675,ZeroMinusTick,119e3af2-a128-5877-a924-038f2025f464,5.432017499999999e+10,1478.1,543.20175
1658279724,ALGOUSDT,Sell,2.5,0.3675,ZeroMinusTick,b2d9841c-0c9c-5db8-9682-de29cd1dc1d9,9.1875e+07,2.5,0.91875
1658279785,ALGOUSDT,Sell,2,0.3675,ZeroMinusTick,5aa73e7b-539b-539b-9d9d-c5b93c4b54ba,7.35e+07,2,0.735
1658279790,ALGOUSDT,Sell,1273,0.3675,ZeroMinusTick,bcf58a86-7b9b-5026-be55-302bf054e2c4,4.678275e+10,1273,467.8275
1658279790,ALGOUSDT,Sell,567.7,0.3675,ZeroMinusTick,0645fa69-bc57-5a6c-b237-3d7ffd7a7ffa,2.0862975e+10,567.7,208.62975
1658279790,ALGOUSDT,Sell,20000,0.3675,ZeroMinusTick,1f70ce57-4e55-523c-b679-3aa68fa363fd,7.35e+11,20000,7350
1658279795,ALGOUSDT,Buy,1663,0.3675,ZeroMinusTick,fba0ef4d-734a-5e83-92c0-300d55b72551,6.111525e+10,1663,611.1525
1658279795,ALGOUSDT,Buy,1000,0.3675,ZeroMinusTick,3a314719-ef1d-5af5-a1c5-008f0c11b701,3.675e+10,1000,367.5
1658279842,ALGOUSDT,Buy,6.9,0.3680,PlusTick,16bc6cc6-37a7-5bad-97cc-c76a71ea0dfc,2.5392e+08,6.9,2.5392
1658279842,ALGOUSDT,Buy,1.4,0.3680,ZeroMinusTick,ce6b7a52-230c-52c2-ba41-f0030240363b,5.152e+07,1.4,0.5152
1658279842,ALGOUSDT,Buy,3.3,0.3680,ZeroMinusTick,58079976-4595-5650-9c81-41d600eb42f9,1.2143999999999999e+08,3.3,1.2144
1658279842,ALGOUSDT,Buy,1358.1,0.3680,ZeroMinusTick,678d8dbb-9a85-5d2d-8014-d23126746143,4.997807999999999e+10,1358.1,499.78079999999994
1658279843,ALGOUSDT,Sell,20.6,0.3680,ZeroMinusTick,c6c729b8-8d27-51e6-b829-ebc70e927b4b,7.5808e+08,20.6,7.5808
1658279845,ALGOUSDT,Sell,1.1,0.3680,ZeroMinusTick,c22b97d9-00b4-5896-a07a-0f3a977c4651,4.048000000000001e+07,1.1,0.40480000000000005
1658279863,ALGOUSDT,Buy,500,0.3680,ZeroMinusTick,775106bd-ae8a-5d44-ae4b-04b5a8694572,1.84e+10,500,184
1658279864,ALGOUSDT,Buy,1358,0.3680,ZeroMinusTick,85066de4-bc8d-56b1-84c7-f0bed5a47069,4.99744e+10,1358,499.74399999999997
1658279927,ALGOUSDT,Sell,1000,0.3680,ZeroMinusTick,1791fdc8-d45a-5588-b1d3-b27058faa0e0,3.68e+10,1000,368
1658279934,ALGOUSDT,Buy,542.6,0.3680,ZeroMinusTick,40c3d690-47d2-5c70-b0c1-868928361681,1.996768e+10,542.6,199.67680000000001
1658279985,ALGOUSDT,Buy,1.5,0.3685,PlusTick,f1b96d3d-443b-5deb-b5e7-3fe5f3c9ba06,5.5275e+07,1.5,0.55275
1658279985,ALGOUSDT,Buy,134,0.3685,ZeroMinusTick,4e2c21af-10e3-5b54-94d6-98324d862c5e,4.9379e+09,134,49.379
1658280000,ALGOUSDT,Sell,1,0.3680,MinusTick,c55333e3-6568-5418-b38b-8627a21c32fe,3.68e+07,1,0.368
1658280000,ALGOUSDT,Sell,1000,0.3680,ZeroMinusTick,a6095277-c64f-5dda-84cd-b3ebb522589c,3.68e+10,1000,368
1658280031,ALGOUSDT,Sell,14,0.3675,MinusTick,999e8828-0c5f-53a4-9f01-a3bca26ffd17,5.1449999999999994e+08,14,5.145
1658280157,ALGOUSDT,Sell,30000,0.3675,ZeroMinusTick,28281946-6cdd-56a5-9c56-ff6bbf86abf2,1.1025e+12,30000,11025
1658280157,ALGOUSDT,Sell,1,0.3675,ZeroMinusTick,d1bc8205-23ef-5d1c-9123-27f38b7d75c5,3.675e+07,1,0.3675
1658280157,ALGOUSDT,Sell,1,0.3675,ZeroMinusTick,e802feb1-5c45-5aa8-acab-9f0f01cdbb4a,3.675e+07,1,0.3675
1658280168,ALGOUSDT,Sell,800,0.3675,ZeroMinusTick,e0bc4c30-1823-54ab-81b1-ed0378b0b5e4,2.94e+10,800,294
1658280185,ALGOUSDT,Buy,0.6,0.3680,PlusTick,f5bfa89a-e456-5fb6-913c-542058fe9d3e,2.208e+07,0.6,0.2208
1658280301,ALGOUSDT,Sell,1000,0.3680,ZeroMinusTick,a1c42528-64a4-5c04-812d-7dd7baa8eb05,3.68e+10,1000,368
1658280349,ALGOUSDT,Buy,3129.8,0.3685,PlusTick,d28baa87-bdfb-556f-a2fa-39059617ee97,1.1533313e+11,3129.8,1153.3313
1658280349,ALGOUSDT,Buy,1189.5,0.3685,ZeroMinusTick,9fa1119b-2dba-552a-8252-d95d84dadfdb,4.3833075e+10,1189.5,438.33074999999997
1658280369,ALGOUSDT,Buy,1.7,0.3685,ZeroMinusTick,a947c489-c67a-513c-9513-ca202934bc91,6.264499999999999e+07,1.7,0.62645
1658280369,ALGOUSDT,Buy,3.9,0.3685,ZeroMinusTick,c9773136-ea24-5f22-a220-161c7dbd9d72,1.43715e+08,3.9,1.43715
1658280375,ALGOUSDT,Buy,1.9,0.3690,PlusTick,688f934b-66dd-54c5-b0d9-21b91c9806e6,7.011e+07,1.9,0.7011
1658280376,ALGOUSDT,Sell,2.6,0.3685,MinusTick,08cf9751-0d74-5d99-8112-e078f8c51702,9.581e+07,2.6,0.9581000000000001
1658280393,ALGOUSDT,Buy,1443,0.3690,PlusTick,651a7d00-2458-502d-8365-1319e74eb93f,5.32467e+10,1443,532.467
1658280395,ALGOUSDT,Buy,2.7,0.3690,ZeroMinusTick,72f81585-7e93-5d30-9671-ed2b143c1185,9.963e+07,2.7,0.9963000000000001
1658280395,ALGOUSDT,Buy,86.3,0.3690,ZeroMinusTick,1ae931c4-19c5-5c06-9b57-fb03ef1292df,3.18447e+09,86.3,31.8447
1658280395,ALGOUSDT,Buy,1.9,0.3690,ZeroMinusTick,fdf372b0-e6cd-573f-8bcc-1626c936418f,7.011e+07,1.9,0.7011
1658280395,ALGOUSDT,Buy,3.3,0.3690,ZeroMinusTick,d56f39a5-f9bd-50df-86a4-aa4149cd46f5,1.2177e+08,3.3,1.2177
1658280395,ALGOUSDT,Buy,1348.8,0.3695,PlusTick,53045904-783e-5e69-ad40-1a8eaa7b9523,4.983816e+10,1348.8,498.3816
1658280439,ALGOUSDT,Buy,1.3,0.3690,MinusTick,56304d29-70e3-5244-86b4-f1a966d8a838,4.797e+07,1.3,0.4797
1658280465,ALGOUSDT,Buy,0.2,0.3690,ZeroMinusTick,687f5fbc-2329-5b40-baf5-19fa3dae8e83,7.38e+06,0.2,0.0738
1658280501,ALGOUSDT,Buy,1275,0.3690,ZeroMinusTick,42dabf0f-0aeb-5867-b3d5-3cdabf450061,4.70475e+10,1275,470.47499999999997
1658280501,ALGOUSDT,Buy,1354.9,0.3690,ZeroMinusTick,a9e48499-c11f-56b0-8dfe-f2a28f32f90e,4.999581e+10,1354.9,499.9581
1658280501,ALGOUSDT,Buy,1843.7,0.3690,ZeroMinusTick,e5e31066-8172-5725-a0c3-88d658f1f39c,6.803253e+10,1843.7,680.3253
1658280521,ALGOUSDT,Sell,1000,0.3690,ZeroMinusTick,5746d81c-f174-5adb-a93e-0415227efcef,3.69e+10,1000,369
1658280613,ALGOUSDT,Buy,1275,0.3690,ZeroMinusTick,2a6772a3-6774-5551-a0d3-ee7537eec507,4.70475e+10,1275,470.47499999999997
1658280616,ALGOUSDT,Sell,245.3,0.3690,ZeroMinusTick,8fba2095-b9d5-5b82-847d-5eb3ee0331f7,9.051570000000002e+09,245.3,90.51570000000001
1658280616,ALGOUSDT,Sell,1000,0.3690,ZeroMinusTick,effdfd57-f7e6-5966-bb23-aef212599a87,3.69e+10,1000,369
1658280616,ALGOUSDT,Sell,139.1,0.3690,ZeroMinusTick,43379be3-aaa0-5f77-941c-b528bc5fc9c5,5.13279e+09,139.1,51.3279
1658280616,ALGOUSDT,Sell,3,0.3685,MinusTick,45929949-2828-5dfe-afa0-37302feaa3c3,1.1055e+08,3,1.1055
1658280705,ALGOUSDT,Buy,0.8,0.3690,PlusTick,c9b18804-b1eb-5178-9b4d-6f046788087e,2.952e+07,0.8,0.2952
1658280830,ALGOUSDT,Buy,6889.2,0.3690,ZeroMinusTick,ad290102-ea28-5fa1-bfe5-5f9955d730c7,2.5421147999999997e+11,6889.2,2542.1148
1658280830,ALGOUSDT,Buy,619.8,0.3690,ZeroMinusTick,5cd831cd-9ae2-567c-a001-daed36bf7d32,2.2870619999999996e+10,619.8,228.70619999999997
1658280875,ALGOUSDT,Sell,0.5,0.3685,MinusTick,c7ccd956-5a38-5ae6-8605-eb1ad03ec8a4,1.8425e+07,0.5,0.18425
1658280879,ALGOUSDT,Sell,1275,0.3685,ZeroMinusTick,3db97711-1dc9-561c-a657-9367b020a1f3,4.698375e+10,1275,469.8375
1658280879,ALGOUSDT,Sell,205,0.3685,ZeroMinusTick,245c7a53-ff6e-5015-b8cc-1a18adf2a3ef,7.55425e+09,205,75.5425
1658280879,ALGOUSDT,Sell,68,0.3685,ZeroMinusTick,ae6bfcd7-7527-598a-ba95-41b97aeb3c57,2.5058e+09,68,25.058
1658280879,ALGOUSDT,Sell,1000,0.3685,ZeroMinusTick,63be7359-9e71-5398-84f2-19f604259b1d,3.685e+10,1000,368.5
1658280879,ALGOUSDT,Sell,207.8,0.3685,ZeroMinusTick,aeeb2fd1-805c-53d4-bb01-509f7bd3d039,7.657430000000001e+09,207.8,76.57430000000001
1658280879,ALGOUSDT,Sell,312.4,0.3685,ZeroMinusTick,7df25fc1-c394-5842-817b-b5affd812d13,1.1511939999999998e+10,312.4,115.11939999999998
1658280879,ALGOUSDT,Sell,1,0.3685,ZeroMinusTick,57feaf26-cce0-5aaa-a5f8-a1f23800c0ec,3.685e+07,1,0.3685
1658280892,ALGOUSDT,Buy,9880.7,0.3690,PlusTick,1733ee26-2036-516c-979b-34cdbfc63e17,3.6459783e+11,9880.7,3645.9783
1658280892,ALGOUSDT,Buy,1663,0.3690,ZeroMinusTick,6f8c1a11-1882-557f-ae5f-2ca15d0d5028,6.136469999999999e+10,1663,613.6469999999999
1658280892,ALGOUSDT,Buy,427.5,0.3695,PlusTick,2dbffc58-a649-5e6a-ab4b-c515e5d12a85,1.5796125e+10,427.5,157.96125
1658280892,ALGOUSDT,Buy,4401.5,0.3695,ZeroMinusTick,b3057871-8276-5ce4-b62a-3fd7ccc0e3e9,1.62635425e+11,4401.5,1626.3542499999999
1658280892,ALGOUSDT,Buy,205.8,0.3695,ZeroMinusTick,52c82d4f-b56a-58eb-8b23-a3dba258cc13,7.604310000000001e+09,205.8,76.04310000000001
1658280892,ALGOUSDT,Buy,475.9,0.3695,ZeroMinusTick,3b2ed3a0-00fe-52dd-97ae-cba2b989e25c,1.7584505e+10,475.9,175.84505
1658280892,ALGOUSDT,Buy,1275,0.3695,ZeroMinusTick,44238fe2-7c6e-54e9-9342-c44a11fdae1b,4.711125e+10,1275,471.1125
1658280892,ALGOUSDT,Buy,4397.3,0.3695,ZeroMinusTick,d7054f11-28b7-519c-ad09-3dd2baa45911,1.62480235e+11,4397.3,1624.80235
1658280892,ALGOUSDT,Buy,1.6,0.3695,ZeroMinusTick,9338f0b1-757d-5ea3-bb9f-639d540163f6,5.912000000000001e+07,1.6,0.5912000000000001
1658280892,ALGOUSDT,Buy,3.8,0.3695,ZeroMinusTick,0e1b2688-af92-591c-bcdf-dd6fe43afdeb,1.4041e+08,3.8,1.4041
1658280892,ALGOUSDT,Buy,53.9,0.3695,ZeroMinusTick,09b1b502-da46-5850-91bc-47f97ee5f0da,1.9916049999999998e+09,53.9,19.91605
1658280892,ALGOUSDT,Buy,1,0.3695,ZeroMinusTick,c32c4437-a453-5542-967c-6038ae6f4f53,3.695e+07,1,0.3695
1658280892,ALGOUSDT,Buy,11628.7,0.3695,ZeroMinusTick,7fcd4687-a848-5951-9367-648d4a315527,4.29680465e+11,11628.7,4296.80465
1658280892,ALGOUSDT,Buy,273,0.3695,ZeroMinusTick,71620026-a5a9-544b-8a39-d0301f378307,1.008735e+10,273,100.87349999999999
1658280892,ALGOUSDT,Buy,3265.3,0.3695,ZeroMinusTick,43286c25-8952-556e-bf25-8e1d8f0bc131,1.20652835e+11,3265.3,1206.52835
1658280892,ALGOUSDT,Buy,682.9,0.3695,ZeroMinusTick,63d0aa1c-6d2e-595b-82a9-2e07fa6237e6,2.5233155e+10,682.9,252.33155
1658280892,ALGOUSDT,Buy,1480,0.3695,ZeroMinusTick,314f8ec3-5fc7-591d-8792-32ce47f8b1b4,5.4686e+10,1480,546.86
1658280892,ALGOUSDT,Buy,1000,0.3695,ZeroMinusTick,a52296e8-f49a-5ec6-a765-c5da53abca3c,3.695e+10,1000,369.5
1658280892,ALGOUSDT,Buy,1609.6,0.3695,ZeroMinusTick,c24d40f6-6d66-5c34-8d55-df86b569522b,5.947471999999999e+10,1609.6,594.7471999999999
1658280892,ALGOUSDT,Buy,2163,0.3695,ZeroMinusTick,3aa8093a-431b-5f44-8d93-c8bbb35f4993,7.992285e+10,2163,799.2284999999999
1658280892,ALGOUSDT,Buy,2133,0.3695,ZeroMinusTick,9c19c701-1a76-50d5-914f-ec7c06859d91,7.881435e+10,2133,788.1435
1658280892,ALGOUSDT,Buy,4521.2,0.3695,ZeroMinusTick,3aa56320-bf20-54cb-a7bd-7530552bbaf9,1.6705834e+11,4521.2,1670.5834
1658280918,ALGOUSDT,Sell,294.2,0.3690,MinusTick,391a30e4-1606-50a3-afd4-d2ca04cdb8de,1.085598e+10,294.2,108.5598
1658280918,ALGOUSDT,Sell,198.1,0.3690,ZeroMinusTick,a08af032-859b-55b6-9b8d-09a4748738ba,7.30989e+09,198.1,73.0989
1658280919,ALGOUSDT,Sell,355,0.3690,ZeroMinusTick,fa54c4ec-e880-5693-8882-10a37ef312d2,1.30995e+10,355,130.995
1658280945,ALGOUSDT,Buy,1275,0.3695,PlusTick,2b7b4407-adae-5343-85ac-2a890dc1422b,4.711125e+10,1275,471.1125
1658280945,ALGOUSDT,Buy,177.2,0.3695,ZeroMinusTick,761e9d55-02f5-5480-82f1-5f0ab21f1af2,6.547539999999999e+09,177.2,65.4754
1658280947,ALGOUSDT,Buy,1452.2,0.3695,ZeroMinusTick,cbc52ebc-d817-5577-861c-cdfdde57ecfb,5.365879e+10,1452.2,536.5879
1658280959,ALGOUSDT,Sell,1000,0.3690,MinusTick,e87fb0d3-b1d1-566d-a82e-a6e4f4799cff,3.69e+10,1000,369
1658280959,ALGOUSDT,Sell,480,0.3690,ZeroMinusTick,59f8cbf8-7a32-5a94-a4a5-ae9b4db73ccf,1.7712e+10,480,177.12
1658280959,ALGOUSDT,Sell,1275,0.3690,ZeroMinusTick,b15cc5d0-acdd-5fcf-b063-13d5520e5f08,4.70475e+10,1275,470.47499999999997
1658280961,ALGOUSDT,Sell,1663,0.3690,ZeroMinusTick,7fb1899d-80b7-5424-acf7-b907ed086fca,6.136469999999999e+10,1663,613.6469999999999
1658280961,ALGOUSDT,Sell,1663,0.3690,ZeroMinusTick,b3cd25d2-5642-52cd-bf59-63d6fda127a6,6.136469999999999e+10,1663,613.6469999999999
1658280995,ALGOUSDT,Buy,0.4,0.3690,ZeroMinusTick,9039a8cd-1cfc-5f96-b6b2-867d1b7681e1,1.476e+07,0.4,0.1476
1658281030,ALGOUSDT,Buy,1330.2,0.3690,ZeroMinusTick,5e2060dc-0c3d-5e38-91d2-d037d86d724f,4.908438e+10,1330.2,490.8438
1658281091,ALGOUSDT,Buy,1635.9,0.3695,PlusTick,a1a9d9ef-3b3d-5521-bf8a-4ef2f11e1381,6.0446505e+10,1635.9,604.46505
1658281091,ALGOUSDT,Buy,4488.4,0.3695,ZeroMinusTick,30e93613-60cb-5122-b048-a58721d4b2fb,1.6584637999999997e+11,4488.4,1658.4637999999998
1658281091,ALGOUSDT,Buy,1275,0.3695,ZeroMinusTick,54e945cd-a7ad-52ce-9217-3adf49c61dcc,4.711125e+10,1275,471.1125
1658281091,ALGOUSDT,Buy,2.6,0.3695,ZeroMinusTick,949c75cc-b9ce-5605-afe5-4d83f225ca6b,9.607e+07,2.6,0.9607
1658281091,ALGOUSDT,Buy,230.5,0.3695,ZeroMinusTick,e76e1990-71a5-5777-8284-17a137a1b4ce,8.516974999999999e+09,230.5,85.16975
1658281091,ALGOUSDT,Buy,4679.9,0.3695,ZeroMinusTick,7059d066-8b2c-5ffa-8d89-073091a5a35e,1.7292230499999997e+11,4679.9,1729.2230499999998
1658281091,ALGOUSDT,Buy,475.9,0.3695,ZeroMinusTick,a73103a4-9691-55d7-9d5f-7f12e8baad2a,1.7584505e+10,475.9,175.84505
1658281091,ALGOUSDT,Buy,1353.1,0.3695,ZeroMinusTick,35f9b45e-f998-560c-9ed7-9d4eb790eed6,4.9997045e+10,1353.1,499.97044999999997
1658281091,ALGOUSDT,Buy,1700.3,0.3695,ZeroMinusTick,43f494a2-496a-504f-bbdf-adc95f0ea1cb,6.2826085e+10,1700.3,628.26085
1658281091,ALGOUSDT,Buy,1000,0.3695,ZeroMinusTick,36f57ffb-8022-5d1a-8b29-0eaf857345c4,3.695e+10,1000,369.5
1658281091,ALGOUSDT,Buy,2169.4,0.3695,ZeroMinusTick,948f8b97-aaad-567e-b79f-9baa42b0a91f,8.015933e+10,2169.4,801.5933
1658281091,ALGOUSDT,Buy,2169.4,0.3695,ZeroMinusTick,566842e6-9173-5f3d-919f-6c4f045737db,8.015933e+10,2169.4,801.5933
1658281091,ALGOUSDT,Buy,2006.8,0.3695,ZeroMinusTick,d3b6d1e0-5a3a-5f48-8e07-3169cc371fa4,7.415126e+10,2006.8,741.5126
1658281091,ALGOUSDT,Buy,682.9,0.3695,ZeroMinusTick,5ea1515a-3603-53ad-8bfa-cdb4590ab2a0,2.5233155e+10,682.9,252.33155
1658281091,ALGOUSDT,Buy,7500,0.3695,ZeroMinusTick,3a97154f-49ba-5aac-8aed-4a91b8a8909a,2.77125e+11,7500,2771.25
1658281091,ALGOUSDT,Buy,2530.5,0.3695,ZeroMinusTick,64db8723-ce8d-58c0-a526-99f0d4a1aa8b,9.3501975e+10,2530.5,935.0197499999999
1658281091,ALGOUSDT,Buy,5147,0.3695,ZeroMinusTick,08b6db89-e541-59d4-ae51-dd62916a2e15,1.9018165e+11,5147,1901.8165
1658281134,ALGOUSDT,Sell,1000,0.3695,ZeroMinusTick,e22eee10-6bdb-50b6-8431-e72b88eb9cbb,3.695e+10,1000,369.5
1658281134,ALGOUSDT,Sell,1787.2,0.3695,ZeroMinusTick,dd9104bb-1805-521c-a413-1e92fe6a55a3,6.603704e+10,1787.2,660.3704
1658281134,ALGOUSDT,Sell,285.6,0.3695,ZeroMinusTick,9d974529-fb06-5cab-bf81-f30abafac4a2,1.055292e+10,285.6,105.5292
1658281134,ALGOUSDT,Sell,340.5,0.3695,ZeroMinusTick,74c7a9fc-fd48-56ce-9b3d-4d87fce7ae4d,1.2581475e+10,340.5,125.81475
1658281134,ALGOUSDT,Sell,145.4,0.3695,ZeroMinusTick,82cc9f08-360f-5e7b-8a16-deb6f347a9ad,5.37253e+09,145.4,53.725300000000004
1658281135,ALGOUSDT,Sell,1.2,0.3690,MinusTick,b71754dc-22b9-5fd3-b7b5-e41064735cbf,4.428e+07,1.2,0.44279999999999997
1658281217,ALGOUSDT,Sell,500,0.3690,ZeroMinusTick,21b77d34-3747-59fa-b288-9497a59bc25f,1.845e+10,500,184.5
1658281261,ALGOUSDT,Sell,249.2,0.3695,PlusTick,6edce4ab-ea20-5730-9055-5894586b7ef8,9.20794e+09,249.2,92.07939999999999
1658281261,ALGOUSDT,Sell,525,0.3695,ZeroMinusTick,3d5845a5-0d91-5741-bf31-c6100e35145d,1.939875e+10,525,193.9875
1658281315,ALGOUSDT,Sell,0.1,0.3695,ZeroMinusTick,1a8a982e-768e-510c-950d-1f12848b2818,3.6950000000000005e+06,0.1,0.036950000000000004
1658281435,ALGOUSDT,Buy,0.8,0.3700,PlusTick,035bb471-9cec-534a-8525-fb2e276a36d9,2.96e+07,0.8,0.296
1658281435,ALGOUSDT,Sell,3.9,0.3695,MinusTick,7423ec66-d002-5fdf-b9f4-4c9f45bce08a,1.44105e+08,3.9,1.44105
1658281435,ALGOUSDT,Sell,73,0.3695,ZeroMinusTick,5fdd08aa-303b-56bd-99d7-43bdfb193173,2.69735e+09,73,26.9735
1658281435,ALGOUSDT,Buy,499.5,0.3700,PlusTick,b53cf966-bde6-55ea-ad0d-5e150f9d3ae5,1.84815e+10,499.5,184.815
1658281435,ALGOUSDT,Buy,2.6,0.3700,ZeroMinusTick,dcb5e450-c846-52f4-9eef-091a5cead287,9.62e+07,2.6,0.962
1658281435,ALGOUSDT,Buy,1.8,0.3700,ZeroMinusTick,b7fa8ce4-9d72-5917-a2ee-2e0051da859c,6.66e+07,1.8,0.666
1658281435,ALGOUSDT,Buy,3.3,0.3700,ZeroMinusTick,ddba5785-d755-544a-ae44-05be44067b1a,1.2209999999999999e+08,3.3,1.2209999999999999
1658281435,ALGOUSDT,Buy,992.8,0.3700,ZeroMinusTick,736fbc16-8083-5a92-84ea-c5b070fef062,3.673359999999999e+10,992.8,367.33599999999996
1658281445,ALGOUSDT,Buy,1480,0.3700,ZeroMinusTick,bc8df49e-9fea-59f7-948f-b70e7ce36372,5.476e+10,1480,547.6
1658281445,ALGOUSDT,Buy,1192.8,0.3700,ZeroMinusTick,0b810ac0-d544-540b-9757-5e8910377ba1,4.413359999999999e+10,1192.8,441.33599999999996
1658281457,ALGOUSDT,Buy,1663,0.3705,PlusTick,7a9015ce-2da6-5845-a908-ab7ec50b01ab,6.161414999999999e+10,1663,616.1415
1658281457,ALGOUSDT,Buy,1602.3,0.3705,ZeroMinusTick,32dd05b6-20d4-5d9c-9761-0b8a5e60b39d,5.9365215e+10,1602.3,593.65215
1658281457,ALGOUSDT,Buy,60.7,0.3705,ZeroMinusTick,70a95624-56eb-56a9-94c4-4ce31813379a,2.248935e+09,60.7,22.48935
1658281457,ALGOUSDT,Buy,475.9,0.3705,ZeroMinusTick,7487fdf4-06de-543d-a694-059a3de3e732,1.7632095e+10,475.9,176.32094999999998
1658281457,ALGOUSDT,Buy,233.7,0.3705,ZeroMinusTick,d2dd759b-9955-5453-ada2-1350456143c6,8.658585e+09,233.7,86.58585
1658281457,ALGOUSDT,Buy,1.9,0.3705,ZeroMinusTick,cb1ce98a-bdc4-56d1-b1d9-3bc2a434701c,7.0395e+07,1.9,0.70395
1658281457,ALGOUSDT,Buy,768.5,0.3705,ZeroMinusTick,959651c2-a9fb-5a67-b6e1-f7037f7e638e,2.8472924999999996e+10,768.5,284.72925
1658281457,ALGOUSDT,Buy,5.4,0.3705,ZeroMinusTick,bd16b7e2-d2b7-5875-8788-16ff39ecef15,2.0007e+08,5.4,2.0007
1658281457,ALGOUSDT,Buy,3.8,0.3705,ZeroMinusTick,fcb5c957-3354-5a73-8772-8d61d969d1e8,1.4079e+08,3.8,1.4079
1658281457,ALGOUSDT,Buy,1275,0.3705,ZeroMinusTick,5beafd62-171f-5721-8866-088bedcf262f,4.723875e+10,1275,472.3875
1658281458,ALGOUSDT,Buy,335.1,0.3710,PlusTick,f4cc4eb5-7de0-5da3-abf1-82100c9ba96e,1.243221e+10,335.1,124.3221
1658281458,ALGOUSDT,Buy,1.4,0.3710,ZeroMinusTick,f1fc3e94-d2fa-5852-bd19-5889a584a55d,5.194e+07,1.4,0.5194
1658281458,ALGOUSDT,Buy,918.4,0.3710,ZeroMinusTick,66ec1132-ee81-5682-8483-ea654a7b4a97,3.407264e+10,918.4,340.7264
1658281458,ALGOUSDT,Buy,2802.6,0.3710,ZeroMinusTick,3fad8cc2-5d22-5dfe-93ec-ab3d2e84c21d,1.0397646e+11,2802.6,1039.7646
1658281458,ALGOUSDT,Buy,3265.3,0.3710,ZeroMinusTick,52162fcd-a570-5f98-a2b1-0246ddf7b8a8,1.2114263000000002e+11,3265.3,1211.4263
1658281458,ALGOUSDT,Buy,2.7,0.3710,ZeroMinusTick,78a3a2d1-12e6-55a6-9114-95a36a2753d6,1.0017e+08,2.7,1.0017
1658281458,ALGOUSDT,Buy,6.9,0.3710,ZeroMinusTick,71454390-810e-5ccf-91aa-f5f7800b3c5a,2.5599000000000003e+08,6.9,2.5599000000000003
1658281458,ALGOUSDT,Buy,273,0.3710,ZeroMinusTick,9ed006c6-0037-5a08-a5aa-130c8365dce1,1.01283e+10,273,101.283
1658281458,ALGOUSDT,Buy,5640.8,0.3710,ZeroMinusTick,72b6579f-da2e-5de4-b014-19e11d746bf8,2.0927368e+11,5640.8,2092.7368
1658281458,ALGOUSDT,Buy,475.9,0.3710,ZeroMinusTick,5f17e01f-a550-56d9-a0cb-a51ff854bd4d,1.765589e+10,475.9,176.5589
1658281458,ALGOUSDT,Buy,1663,0.3710,ZeroMinusTick,cd3a8c64-c93f-5242-bfb0-f0d9b077de60,6.169729999999999e+10,1663,616.973
1658281458,ALGOUSDT,Buy,980.3,0.3710,ZeroMinusTick,e7bd1ab5-aa6a-5e07-af62-ad922c764318,3.636912999999999e+10,980.3,363.69129999999996
1658281458,ALGOUSDT,Buy,3.7,0.3710,ZeroMinusTick,99011c6b-0c08-56da-8799-d4d64a790c1f,1.3727e+08,3.7,1.3727
1658281458,ALGOUSDT,Buy,14.4,0.3710,ZeroMinusTick,c619aa72-455e-5789-bbb9-c55a156e06f5,5.3424000000000006e+08,14.4,5.3424000000000005
1658281458,ALGOUSDT,Buy,1.6,0.3710,ZeroMinusTick,ef8a3fb3-a53e-5444-9788-a9ec612ed5c8,5.936e+07,1.6,0.5936
1658281458,ALGOUSDT,Buy,6.9,0.3710,ZeroMinusTick,17524a11-282d-515d-b00e-d6930b281aed,2.5599000000000003e+08,6.9,2.5599000000000003
1658281458,ALGOUSDT,Buy,49,0.3710,ZeroMinusTick,56d87a69-7402-564f-a9d0-d57044ca7873,1.8178999999999998e+09,49,18.179
1658281470,ALGOUSDT,Sell,1.3,0.3705,MinusTick,a061247e-9e25-5c1e-85a3-fcf3119eeac5,4.8165e+07,1.3,0.48165
1658281471,ALGOUSDT,Buy,2,0.3710,PlusTick,42e5cc5e-df1a-57a3-8101-22a1fed59e1b,7.42e+07,2,0.742
1658281475,ALGOUSDT,Sell,3.8,0.3710,ZeroMinusTick,8fdfe8b2-78f0-5013-a935-78159b7d667f,1.4098e+08,3.8,1.4098
1658281476,ALGOUSDT,Sell,617.6,0.3710,ZeroMinusTick,e0b0af42-114b-58c9-ade3-d44464516768,2.291296e+10,617.6,229.1296
1658281476,ALGOUSDT,Sell,1000,0.3710,ZeroMinusTick,7f692046-4af0-508d-8b0b-4d3146edcd97,3.71e+10,1000,371
1658281488,ALGOUSDT,Buy,1480,0.3710,ZeroMinusTick,310c2544-08b2-5d8d-b704-178965987041,5.490800000000001e+10,1480,549.08
1658281488,ALGOUSDT,Buy,1320,0.3710,ZeroMinusTick,192491ae-353f-5450-b14c-9b32b701f313,4.8972e+10,1320,489.71999999999997
1658281595,ALGOUSDT,Sell,1.9,0.3705,MinusTick,6ceb1d8e-4d4e-56e9-b609-5f4791032668,7.0395e+07,1.9,0.70395
1658281607,ALGOUSDT,Buy,1347.6,0.3710,PlusTick,8611ad0e-51b2-5181-a58b-0f35ced06d31,4.999596e+10,1347.6,499.95959999999997
1658281607,ALGOUSDT,Buy,132.4,0.3710,ZeroMinusTick,2163a84d-77c6-5308-a364-6358db80c2e4,4.91204e+09,132.4,49.120400000000004
1658281607,ALGOUSDT,Buy,867.6,0.3710,ZeroMinusTick,daa7d00c-4d69-50cd-b9b0-9afc48b7630c,3.218796e+10,867.6,321.8796
1658281607,ALGOUSDT,Buy,612.4,0.3710,ZeroMinusTick,0d62e1c4-5d7e-5f8a-91e6-e0bdf47dc4cd,2.272004e+10,612.4,227.2004
1658281685,ALGOUSDT,Buy,0.5,0.3715,PlusTick,54085734-b1d5-5fa3-ad15-37726d591b52,1.8575e+07,0.5,0.18575
1658281805,ALGOUSDT,Buy,0.4,0.3715,ZeroMinusTick,7203689b-e92f-563a-aa99-9ef36ad2487b,1.4860000000000002e+07,0.4,0.1486
1658281936,ALGOUSDT,Buy,1444.8,0.3715,ZeroMinusTick,44ce97f3-b922-5939-9296-2a7a45e3c3f7,5.367432e+10,1444.8,536.7432
1658281936,ALGOUSDT,Buy,600,0.3715,ZeroMinusTick,af3f465d-c30f-5f1c-8636-2b85f6cbe85c,2.229e+10,600,222.9
1658281936,ALGOUSDT,Buy,50,0.3715,ZeroMinusTick,b7b489ec-0229-5fb1-811b-1aa3afc24499,1.8575e+09,50,18.575
1658281936,ALGOUSDT,Buy,2187.5,0.3715,ZeroMinusTick,e01fee0a-625a-5687-b501-91cd8dca420f,8.1265625e+10,2187.5,812.65625
1658281936,ALGOUSDT,Buy,696.2,0.3715,ZeroMinusTick,1c65094b-9e22-54c2-b911-a59370ce720c,2.586383e+10,696.2,258.6383
1658281936,ALGOUSDT,Buy,343.9,0.3715,ZeroMinusTick,455bef3f-0147-5fcd-a234-9e6e0c8b7728,1.2775885e+10,343.9,127.75885
1658281936,ALGOUSDT,Buy,585.7,0.3715,ZeroMinusTick,4f9f75b6-6ebe-59ff-b2ad-eae57625d1b2,2.1758755000000004e+10,585.7,217.58755000000002
1658281936,ALGOUSDT,Buy,463.2,0.3715,ZeroMinusTick,2dc295b5-3474-5f53-b35d-db495c5ae174,1.720788e+10,463.2,172.0788
1658281954,ALGOUSDT,Sell,529.4,0.3715,ZeroMinusTick,084df150-6f14-5cb5-b85d-add2cce5c8a9,1.966721e+10,529.4,196.6721
1658281954,ALGOUSDT,Sell,168.4,0.3715,ZeroMinusTick,c1f7e788-e4ae-5e6e-a064-e8f2226c8cda,6.25606e+09,168.4,62.5606
1658281954,ALGOUSDT,Sell,166.5,0.3715,ZeroMinusTick,1d9c277a-f389-5785-98f4-d46d25c6d679,6.185475e+09,166.5,61.85475
1658281954,ALGOUSDT,Sell,154.9,0.3715,ZeroMinusTick,30cdab1e-06f5-5ad5-9d0d-9b5102acdf96,5.754535e+09,154.9,57.54535
1658281954,ALGOUSDT,Sell,187.8,0.3715,ZeroMinusTick,924cae62-8168-5741-89a9-0d2ed3936236,6.976770000000001e+09,187.8,69.7677
1658281975,ALGOUSDT,Sell,2,0.3715,ZeroMinusTick,636c7055-5c0e-5541-b80d-0e07696a8dba,7.43e+07,2,0.743
1658281979,ALGOUSDT,Sell,282.3,0.3715,ZeroMinusTick,f6886b09-f093-5813-9e87-4a49b1107c4a,1.0487445000000002e+10,282.3,104.87445000000001
1658281979,ALGOUSDT,Sell,137.1,0.3715,ZeroMinusTick,c5b92664-1b20-5dde-8235-80a2b68c2144,5.093265e+09,137.1,50.932649999999995
1658282035,ALGOUSDT,Buy,1.2,0.3715,ZeroMinusTick,b1417c2a-fdde-5285-a249-81dbada63756,4.458e+07,1.2,0.4458
1658282048,ALGOUSDT,Sell,1347.4,0.3710,MinusTick,6fddf153-ba5e-5fc3-b340-d87588d74777,4.998854e+10,1347.4,499.8854
1658282048,ALGOUSDT,Sell,652.6,0.3710,ZeroMinusTick,9709a590-60bb-5bed-9e86-a4fd56167049,2.421146e+10,652.6,242.1146
1658282115,ALGOUSDT,Sell,1.1,0.3710,ZeroMinusTick,bbe7ad00-a93d-5a0b-bfe2-f1ee43ce8f9b,4.081e+07,1.1,0.4081
1658282131,ALGOUSDT,Buy,297.5,0.3720,PlusTick,1f88bebd-09ca-5c89-a63c-b55cc776e5f7,1.1067e+10,297.5,110.67
1658282131,ALGOUSDT,Buy,168.2,0.3720,ZeroMinusTick,26c7b441-8368-572d-98c1-61ed2e041e5b,6.257039999999999e+09,168.2,62.57039999999999
1658282131,ALGOUSDT,Buy,34.3,0.3720,ZeroMinusTick,1b4c815b-7c06-5103-9a51-344af1d5f4a4,1.27596e+09,34.3,12.759599999999999
1658282175,ALGOUSDT,Sell,250,0.3715,MinusTick,a47190a7-62c7-5823-b8f6-fba4c2628c9a,9.2875e+09,250,92.875
1658282183,ALGOUSDT,Sell,445.1,0.3715,ZeroMinusTick,04e7bb1a-76c2-5a1c-b367-513a2ce59cfc,1.6535465000000002e+10,445.1,165.35465000000002
1658282183,ALGOUSDT,Sell,1000,0.3715,ZeroMinusTick,f7d3acca-ef25-52b4-ae08-b7c6757e2b6e,3.715e+10,1000,371.5
1658282183,ALGOUSDT,Sell,34.9,0.3715,ZeroMinusTick,c85cffc9-20ed-5ebe-8b27-e8704443c5ac,1.296535e+09,34.9,12.965349999999999
1658282183,ALGOUSDT,Sell,1480,0.3715,ZeroMinusTick,57573dca-2430-5f71-b858-6b5e27ba336c,5.498200000000001e+10,1480,549.82
1658282183,ALGOUSDT,Sell,420.6,0.3715,ZeroMinusTick,d52047f9-e669-5693-8ebe-c7a347617ad6,1.5625290000000002e+10,420.6,156.2529
1658282183,ALGOUSDT,Sell,1275,0.3715,ZeroMinusTick,4e7c5dce-d0bf-5b17-8d7c-8652f9fbc436,4.736625e+10,1275,473.6625
1658282183,ALGOUSDT,Sell,72.2,0.3715,ZeroMinusTick,1ca1cbba-8bbc-51d8-8b31-d7e1eec64993,2.68223e+09,72.2,26.822300000000002
1658282183,ALGOUSDT,Sell,158.8,0.3715,ZeroMinusTick,d1480380-0667-5d02-94fe-fe9184850594,5.899420000000001e+09,158.8,58.994200000000006
1658282183,ALGOUSDT,Sell,200.8,0.3715,ZeroMinusTick,379bf12e-ca85-57c4-802a-267e82225882,7.45972e+09,200.8,74.5972
