timestamp,symbol,side,size,price,tickDirection,trdMatchID,grossValue,homeNotional,foreignNotional
1658188808,ALGOUSDT,Sell,11.3,0.3590,MinusTick,78195775-47cf-5d67-9cca-e419f4f152ef,4.0567e+08,11.3,4.0567
1658188812,ALGOUSDT,Sell,3,0.3590,ZeroMinusTick,6f820cbd-17d4-5057-b1fc-1a1b1c85a185,1.077e+08,3,1.077
1658188816,ALGOUSDT,Sell,1390.7,0.3590,ZeroMinusTick,9ca65ee4-4e8c-562f-b41f-c2cddad179b6,4.992613e+10,1390.7,499.2613
1658188816,ALGOUSDT,Sell,3.6,0.3590,ZeroMinusTick,58b69ebe-a3b3-509b-9471-fccfa89ca7e7,1.2924e+08,3.6,1.2924
1658188816,ALGOUSDT,Sell,4,0.3590,ZeroMinusTick,24f68509-779c-5035-a336-1f44246c7028,1.436e+08,4,1.436
1658188816,ALGOUSDT,Sell,8.7,0.3590,ZeroMinusTick,186f2748-9098-5d04-b9f8-8311f7b5f9b3,3.1232999999999994e+08,8.7,3.1232999999999995
1658188816,ALGOUSDT,Sell,225.7,0.3590,ZeroMinusTick,60def4db-d023-521b-b43a-6bd65e5ca4e0,8.102629999999999e+09,225.7,81.02629999999999
1658188816,ALGOUSDT,Sell,774.3,0.3590,ZeroMinusTick,8446934d-e185-5b02-8732-72c9f77f8ded,2.7797369999999996e+10,774.3,277.97369999999995
1658188817,ALGOUSDT,Buy,227.7,0.3595,PlusTick,9bd7254c-d06f-5826-8b20-293793e0d998,8.185814999999999e+09,227.7,81.85815
1658188821,ALGOUSDT,Buy,227.6,0.3590,MinusTick,e3e81f9e-2be2-5faf-b02d-0af5e326cb7e,8.17084e+09,227.6,81.7084
1658188834,ALGOUSDT,Buy,1225,0.3595,PlusTick,8a6d1d6b-ea66-56f6-813f-097277429271,4.403875e+10,1225,440.3875
1658188834,ALGOUSDT,Buy,1390.8,0.3595,ZeroMinusTick,34315e50-42b3-55c6-9b23-6beea3482c5b,4.999926e+10,1390.8,499.9926
1658188834,ALGOUSDT,Buy,4536.1,0.3595,ZeroMinusTick,fb184ecc-2f0b-5fcd-b883-2cc24837f0c6,1.63072795e+11,4536.1,1630.72795
1658188834,ALGOUSDT,Buy,4253.1,0.3595,ZeroMinusTick,3f74e614-132d-50db-90c8-9a8c35b51302,1.52898945e+11,4253.1,1528.98945
1658188834,ALGOUSDT,Buy,4077,0.3595,ZeroMinusTick,8bfc23b8-008c-5817-9f85-4e4ad9d2fdaf,1.4656815e+11,4077,1465.6815
1658188834,ALGOUSDT,Buy,1381.8,0.3595,ZeroMinusTick,5dd503a2-dd21-5fd8-b86e-0c345416606e,4.967571e+10,1381.8,496.7571
1658188842,ALGOUSDT,Sell,134.5,0.3590,MinusTick,6ce5e703-4f6a-5124-aacf-322c266f0bed,4.82855e+09,134.5,48.2855
1658188846,ALGOUSDT,Sell,0.8,0.3590,ZeroMinusTick,2934f1bf-d84a-5376-860f-1c9219b1f804,2.872e+07,0.8,0.2872
1658188847,ALGOUSDT,Sell,864.7,0.3590,ZeroMinusTick,968f3430-007c-547d-a753-d07b1a9f4528,3.104273e+10,864.7,310.4273
1658188847,ALGOUSDT,Sell,1663,0.3590,ZeroMinusTick,481c531a-62ea-52c6-bdc2-66e3940cab3a,5.970169999999999e+10,1663,597.0169999999999
1658188847,ALGOUSDT,Sell,3.2,0.3590,ZeroMinusTick,1911caf2-69e9-5eb0-ae7b-018c291c1461,1.1488e+08,3.2,1.1488
1658188850,ALGOUSDT,Buy,2.4,0.3590,ZeroMinusTick,02a8832a-866e-59df-8093-67efdf903479,8.615999999999999e+07,2.4,0.8615999999999999
1658188863,ALGOUSDT,Sell,4671.6,0.3585,MinusTick,7ed53295-1365-594e-a1d8-b0b3f27c9f8d,1.6747686e+11,4671.6,1674.7686
1658188863,ALGOUSDT,Sell,255.8,0.3585,ZeroMinusTick,326778cf-2ffa-5fd3-9484-fa8791c56218,9.17043e+09,255.8,91.7043
1658188863,ALGOUSDT,Sell,969.2,0.3585,ZeroMinusTick,47686c89-fea2-5e21-98a3-8d7ef0466d74,3.474582e+10,969.2,347.4582
1658188863,ALGOUSDT,Sell,4.7,0.3585,ZeroMinusTick,56912302-5dab-5812-8f60-abdc8f3016b3,1.68495e+08,4.7,1.68495
1658188863,ALGOUSDT,Sell,412.1,0.3585,ZeroMinusTick,db7d64ee-f69c-5b15-acf8-e9b56509c085,1.4773785e+10,412.1,147.73785
1658188863,ALGOUSDT,Sell,574.1,0.3585,ZeroMinusTick,0f8308e1-8ebb-5575-b75e-877277a97297,2.0581485e+10,574.1,205.81485
1658188863,ALGOUSDT,Sell,4,0.3585,ZeroMinusTick,2a5fe820-bff0-5fed-89c0-40a83039acbf,1.434e+08,4,1.434
1658188869,ALGOUSDT,Buy,3.2,0.3585,ZeroMinusTick,d4d10af4-63e6-59ff-a6ac-4e7f5386158f,1.1472e+08,3.2,1.1472
1658188870,ALGOUSDT,Buy,3.4,0.3585,ZeroMinusTick,f2e62a04-b4be-51ca-a6e7-438337d32703,1.2188999999999999e+08,3.4,1.2188999999999999
1658188875,ALGOUSDT,Sell,853.3,0.3580,MinusTick,ed6d926d-c77f-58a1-8153-85a476f33803,3.0548139999999996e+10,853.3,305.48139999999995
1658188875,ALGOUSDT,Sell,768.6,0.3580,ZeroMinusTick,816ba806-3406-5416-a2a6-dd1543221055,2.751588e+10,768.6,275.1588
1658188875,ALGOUSDT,Sell,649.9,0.3580,ZeroMinusTick,4522f495-8014-55de-916a-f0dca13cf00a,2.326642e+10,649.9,232.6642
1658188875,ALGOUSDT,Sell,645.7,0.3580,ZeroMinusTick,8f2bd766-33d9-5992-884d-887a2c4017cb,2.311606e+10,645.7,231.16060000000002
1658188875,ALGOUSDT,Sell,468.4,0.3580,ZeroMinusTick,0e22ac47-85ec-5545-a785-bc49be2b0976,1.6768719999999998e+10,468.4,167.6872
1658188875,ALGOUSDT,Sell,939.4,0.3580,ZeroMinusTick,d696a185-55e5-571c-9924-c4449141ed78,3.3630519999999996e+10,939.4,336.30519999999996
1658188875,ALGOUSDT,Sell,490.5,0.3580,ZeroMinusTick,54455275-6833-56e1-a8da-af51deb61d04,1.75599e+10,490.5,175.599
1658188875,ALGOUSDT,Sell,4.8,0.3580,ZeroMinusTick,fa230e68-1ffb-53b1-a186-eeb9aa5e30bd,1.7184e+08,4.8,1.7184
1658188875,ALGOUSDT,Sell,4.9,0.3580,ZeroMinusTick,304eeded-88a2-5b47-8607-41176d3f9ee7,1.7542e+08,4.9,1.7542
1658188875,ALGOUSDT,Sell,211.7,0.3580,ZeroMinusTick,45fba5ca-3656-5a3a-98f9-f685dc314bdc,7.578859999999999e+09,211.7,75.78859999999999
1658188875,ALGOUSDT,Sell,838.6,0.3580,ZeroMinusTick,005544aa-8ff0-5f14-b9f6-20c010f65e2e,3.002188e+10,838.6,300.2188
1658188876,ALGOUSDT,Sell,344.5,0.3580,ZeroMinusTick,a93bd320-77be-5e82-95fa-8c248ef063ec,1.2333099999999998e+10,344.5,123.33099999999999
1658188882,ALGOUSDT,Sell,5,0.3575,MinusTick,d931c423-f13d-5416-90f4-6ebe037d0f64,1.7875e+08,5,1.7874999999999999
1658188882,ALGOUSDT,Sell,232.1,0.3575,ZeroMinusTick,0b8fa08b-5385-585a-a33a-ce59753eba18,8.297574999999999e+09,232.1,82.97574999999999
1658188883,ALGOUSDT,Sell,6.3,0.3575,ZeroMinusTick,76f15189-e593-5fe7-845f-40dc5c2e76bb,2.2522499999999997e+08,6.3,2.2522499999999996
1658188883,ALGOUSDT,Sell,6.5,0.3575,ZeroMinusTick,fc96bf0f-3b05-5e26-95da-4d5964cc0d62,2.32375e+08,6.5,2.32375
1658188888,ALGOUSDT,Buy,2.4,0.3580,PlusTick,dd849dbe-4809-59e4-8c54-0d2af7fa6dd2,8.592e+07,2.4,0.8592
1658188891,ALGOUSDT,Sell,1.7,0.3575,MinusTick,50a6de1c-2d97-5297-b05d-40a69bb41104,6.0775e+07,1.7,0.60775
1658188895,ALGOUSDT,Sell,3.9,0.3575,ZeroMinusTick,12599ac2-eb6a-511a-837a-f7449d0f55ed,1.39425e+08,3.9,1.39425
1658188895,ALGOUSDT,Sell,2.7,0.3575,ZeroMinusTick,7f7a77d3-13c7-5106-a58f-ac26913fd4e5,9.6525e+07,2.7,0.96525
1658188904,ALGOUSDT,Sell,0.1,0.3570,MinusTick,7e710622-5c56-578b-926b-1ddfccf98c55,3.5700000000000005e+06,0.1,0.0357
1658188904,ALGOUSDT,Sell,4.3,0.3570,ZeroMinusTick,1f638829-9b58-59fe-a412-9bc4865baf2f,1.5351e+08,4.3,1.5351
1658188904,ALGOUSDT,Sell,1398.7,0.3570,ZeroMinusTick,cb1cc3c3-135c-5f2d-a60c-1a2133f25f71,4.993359e+10,1398.7,499.3359
1658188971,ALGOUSDT,Sell,1000,0.3570,ZeroMinusTick,a1bf87b9-7561-5aef-a3ab-342b7aa73112,3.57e+10,1000,357
1658188978,ALGOUSDT,Sell,5,0.3565,MinusTick,47a2387d-f533-5747-a590-8ea1d22848ea,1.7825e+08,5,1.7825
1658188978,ALGOUSDT,Sell,2.5,0.3565,ZeroMinusTick,7881e66e-0f27-5b6e-bc3e-5c3bd511dc48,8.9125e+07,2.5,0.89125
1658188978,ALGOUSDT,Sell,22.4,0.3565,ZeroMinusTick,795a08bb-af9a-5006-804b-57637484fab1,7.985599999999999e+08,22.4,7.985599999999999
1658188978,ALGOUSDT,Sell,5,0.3565,ZeroMinusTick,e4990646-c014-51f4-9738-f4819705eb3c,1.7825e+08,5,1.7825
1658188978,ALGOUSDT,Sell,117.1,0.3565,ZeroMinusTick,d8f251ee-f9a2-5ccf-a1e7-e17e3c8521ba,4.1746149999999995e+09,117.1,41.74614999999999
1658188978,ALGOUSDT,Sell,207.1,0.3565,ZeroMinusTick,a12b5d6b-6c5b-57af-ae7a-9c3aa6dc4bc5,7.383114999999999e+09,207.1,73.83115
1658188981,ALGOUSDT,Buy,1.7,0.3570,PlusTick,ac2e9272-7496-5b7a-bde5-6ccaafbb636a,6.069e+07,1.7,0.6069
1658188993,ALGOUSDT,Sell,56.4,0.3565,MinusTick,9238531a-4fbb-5984-b20e-638c01c5dc81,2.01066e+09,56.4,20.1066
1658189006,ALGOUSDT,Sell,1000,0.3570,PlusTick,b0167fdd-2f96-525a-9589-558219061a66,3.57e+10,1000,357
1658189032,ALGOUSDT,Buy,490.5,0.3575,PlusTick,7f54ddfd-58d3-54cb-9830-366a18b23043,1.7535375e+10,490.5,175.35375
1658189038,ALGOUSDT,Sell,8.9,0.3575,ZeroMinusTick,f5bd2a5e-a05a-556f-9fd6-ce9ffc8b54b5,3.18175e+08,8.9,3.18175
1658189049,ALGOUSDT,Sell,3757.7,0.3575,ZeroMinusTick,1e74711e-051f-5019-9e2d-8bc114dd08d0,1.3433777499999998e+11,3757.7,1343.3777499999999
1658189052,ALGOUSDT,Sell,3924.3,0.3575,ZeroMinusTick,ee2d4695-43db-5ccf-a856-a69b00cca961,1.40293725e+11,3924.3,1402.93725
1658189052,ALGOUSDT,Sell,7.6,0.3575,ZeroMinusTick,4526ecc6-817a-5990-9ce8-8e0b2575341a,2.7169999999999994e+08,7.6,2.7169999999999996
1658189052,ALGOUSDT,Sell,23,0.3575,ZeroMinusTick,ba0f8ed3-0857-5782-83ca-0767f2014966,8.2225e+08,23,8.2225
1658189052,ALGOUSDT,Sell,20.4,0.3575,ZeroMinusTick,b6e03591-09f8-57f0-885a-076c8c75f78f,7.292999999999999e+08,20.4,7.292999999999999
1658189052,ALGOUSDT,Sell,564,0.3575,ZeroMinusTick,06fe2ce9-41a9-513e-9531-5590c0041b51,2.0163e+10,564,201.63
1658189052,ALGOUSDT,Sell,111.9,0.3575,ZeroMinusTick,26e67d96-28ed-524b-885d-5de2a2fda9f0,4.000425e+09,111.9,40.00425
1658189052,ALGOUSDT,Sell,76.9,0.3575,ZeroMinusTick,6f855327-cea8-52de-8e78-b887191fdc17,2.749175e+09,76.9,27.49175
1658189052,ALGOUSDT,Sell,25.3,0.3575,ZeroMinusTick,3e51163b-b1ab-518a-afec-5c4b499a3244,9.04475e+08,25.3,9.04475
1658189052,ALGOUSDT,Sell,10.7,0.3575,ZeroMinusTick,36f3e2ef-1ac7-5325-bcb5-38156ca6ac8c,3.8252499999999994e+08,10.7,3.8252499999999996
1658189052,ALGOUSDT,Sell,141.1,0.3575,ZeroMinusTick,925704fb-98e4-559c-aaef-6c7f05c5c4dd,5.044325e+09,141.1,50.44325
1658189052,ALGOUSDT,Sell,14,0.3575,ZeroMinusTick,a6bfbb97-e3f0-5dca-aa38-d0ca423a8865,5.005e+08,14,5.005
1658189052,ALGOUSDT,Sell,0.1,0.3575,ZeroMinusTick,acfc646d-9d6f-566c-83e0-440fbcf7325f,3.5749999999999995e+06,0.1,0.03575
1658189052,ALGOUSDT,Sell,76.7,0.3575,ZeroMinusTick,1ee6c4b0-2eda-5b72-9909-487febb3fcfc,2.742025e+09,76.7,27.42025
1658189052,ALGOUSDT,Sell,18.1,0.3575,ZeroMinusTick,e4fe15d9-335c-51de-b4de-bd08b8f46414,6.470750000000001e+08,18.1,6.470750000000001
1658189052,ALGOUSDT,Sell,68.3,0.3575,ZeroMinusTick,1cf92201-410f-5061-b559-9079091398a0,2.441725e+09,68.3,24.41725
1658189052,ALGOUSDT,Sell,19.4,0.3575,ZeroMinusTick,bc147d5b-0cf8-5bcb-80f5-e1dec41012e8,6.935499999999999e+08,19.4,6.935499999999999
1658189052,ALGOUSDT,Sell,0.3,0.3575,ZeroMinusTick,9f65fe91-a9eb-5c71-a9e8-98761e3a7c2e,1.0725e+07,0.3,0.10725
1658189052,ALGOUSDT,Sell,371.3,0.3575,ZeroMinusTick,8d65f4bb-1e8a-586f-9719-ede9c96f6a1b,1.3273974999999998e+10,371.3,132.73975
1658189052,ALGOUSDT,Sell,1.2,0.3575,ZeroMinusTick,ca6acc09-a8ce-5133-92fc-1187d931799e,4.29e+07,1.2,0.429
1658189052,ALGOUSDT,Sell,8.5,0.3575,ZeroMinusTick,f9e35add-f40e-5924-864c-7cd2f12f3617,3.03875e+08,8.5,3.03875
1658189052,ALGOUSDT,Sell,9.3,0.3575,ZeroMinusTick,bbad827e-d3b0-56b1-ad78-ac6b15d505ee,3.3247500000000006e+08,9.3,3.3247500000000003
1658189052,ALGOUSDT,Sell,52.5,0.3575,ZeroMinusTick,c609e5c2-df0e-5c40-885f-f377cda6244d,1.876875e+09,52.5,18.76875
1658189071,ALGOUSDT,Buy,490.5,0.3580,PlusTick,ec908366-cf48-55ee-bfc3-35e52b13506b,1.75599e+10,490.5,175.599
1658189071,ALGOUSDT,Buy,3.5,0.3580,ZeroMinusTick,80b86c66-9bce-5388-94d5-bce14ec2bda3,1.2529999999999999e+08,3.5,1.253
1658189079,ALGOUSDT,Sell,3173.4,0.3580,ZeroMinusTick,5fab4a64-6e3c-50b2-a88f-bb78cda827fb,1.1360772e+11,3173.4,1136.0772
1658189079,ALGOUSDT,Sell,184.6,0.3580,ZeroMinusTick,da79666c-7b20-5a26-8123-f3d8b369fd31,6.60868e+09,184.6,66.0868
1658189079,ALGOUSDT,Sell,3358,0.3580,ZeroMinusTick,24be8acc-de35-5a1b-9bf9-216fa17e2d1c,1.202164e+11,3358,1202.164
1658189085,ALGOUSDT,Sell,3.8,0.3580,ZeroMinusTick,dea7cdee-8023-59f5-b946-b0ab1bf77555,1.3603999999999997e+08,3.8,1.3603999999999998
1658189092,ALGOUSDT,Sell,2.5,0.3580,ZeroMinusTick,33b14dc6-f776-5da0-812e-5640aa7ad814,8.95e+07,2.5,0.895
1658189104,ALGOUSDT,Buy,490.5,0.3585,PlusTick,11565ad2-beba-5c17-ace3-7ef4c8ec8aa3,1.7584425e+10,490.5,175.84425
1658189104,ALGOUSDT,Buy,3.7,0.3585,ZeroMinusTick,7cf099bf-9fae-5ac7-b168-69ea6f2022e9,1.3264499999999999e+08,3.7,1.32645
1658189104,ALGOUSDT,Buy,20,0.3585,ZeroMinusTick,1e13ac60-cfbc-543c-9d23-bd840514f069,7.17e+08,20,7.17
1658189104,ALGOUSDT,Buy,4.1,0.3585,ZeroMinusTick,c9adbef2-7c42-5357-a934-9fee26ef6e78,1.46985e+08,4.1,1.4698499999999999
1658189104,ALGOUSDT,Sell,1.1,0.3585,ZeroMinusTick,b3e058f8-e1c9-50cc-91b7-b627f3e02216,3.9435e+07,1.1,0.39435000000000003
1658189104,ALGOUSDT,Sell,47,0.3585,ZeroMinusTick,1ec20176-c02b-5202-9f19-380605ba75a4,1.68495e+09,47,16.8495
1658189104,ALGOUSDT,Sell,2.3,0.3585,ZeroMinusTick,0df4a75e-15d6-5d57-a9b7-57486006109c,8.245499999999999e+07,2.3,0.8245499999999999
1658189104,ALGOUSDT,Sell,6.7,0.3585,ZeroMinusTick,e1d86082-239a-518e-bc68-78a4e3c6f3da,2.4019499999999997e+08,6.7,2.40195
1658189104,ALGOUSDT,Sell,0.2,0.3585,ZeroMinusTick,0372e561-bd33-5144-983b-283c1f85494a,7.17e+06,0.2,0.0717
1658189104,ALGOUSDT,Sell,9.5,0.3585,ZeroMinusTick,5f8132a8-fce5-57ad-b25e-74d8aead57c3,3.40575e+08,9.5,3.40575
1658189104,ALGOUSDT,Sell,1.6,0.3585,ZeroMinusTick,911d8eda-d0e9-5ae5-9e79-04b5cb1491bd,5.736e+07,1.6,0.5736
1658189104,ALGOUSDT,Sell,32.9,0.3585,ZeroMinusTick,d010d33f-2330-550e-aa92-9d0815b9b397,1.179465e+09,32.9,11.794649999999999
1658189104,ALGOUSDT,Sell,4.9,0.3585,ZeroMinusTick,f626d1ec-71bc-52b4-a7b3-e72243ce12cb,1.75665e+08,4.9,1.75665
1658189104,ALGOUSDT,Sell,277.5,0.3585,ZeroMinusTick,49cf10a3-5517-5aeb-86cc-c08f23905b90,9.948375e+09,277.5,99.48375
1658189104,ALGOUSDT,Sell,17,0.3585,ZeroMinusTick,6a9fb72c-414e-5642-af09-ec1e5e4e88fb,6.0945e+08,17,6.0945
1658189104,ALGOUSDT,Sell,41.1,0.3585,ZeroMinusTick,bf4fb950-49b1-5c74-9d97-063cc18969a4,1.473435e+09,41.1,14.73435
1658189104,ALGOUSDT,Sell,3.9,0.3585,ZeroMinusTick,9dbe782a-b45c-58e3-9dec-7bd478f9c5a2,1.39815e+08,3.9,1.39815
1658189104,ALGOUSDT,Sell,87.8,0.3585,ZeroMinusTick,d5b1c061-1b1d-5ede-9405-1b15d0d79dd2,3.14763e+09,87.8,31.4763
1658189104,ALGOUSDT,Sell,17.3,0.3585,ZeroMinusTick,7a9509fb-e8e3-585d-b6dd-0c6a6fafe00c,6.20205e+08,17.3,6.20205
1658189104,ALGOUSDT,Sell,56.8,0.3585,ZeroMinusTick,1ddc5378-bafb-5fcc-801f-7512ed6b55f8,2.0362799999999998e+09,56.8,20.362799999999996
1658189104,ALGOUSDT,Sell,0.2,0.3585,ZeroMinusTick,87de76f7-5984-58cb-9428-d94f6e66e8c5,7.17e+06,0.2,0.0717
1658189105,ALGOUSDT,Buy,1000,0.3585,ZeroMinusTick,1bfac455-25d4-5729-85b1-9e236fe8c9c0,3.585e+10,1000,358.5
1658189111,ALGOUSDT,Sell,0.1,0.3585,ZeroMinusTick,a5739ad8-551e-5c5a-8f8d-f36b8acd9efc,3.585e+06,0.1,0.03585
1658189113,ALGOUSDT,Buy,490.5,0.3590,PlusTick,6d76f826-1c09-525b-a814-717e58943336,1.760895e+10,490.5,176.0895
1658189113,ALGOUSDT,Buy,5.3,0.3590,ZeroMinusTick,bd529656-cdb8-58c8-8686-26b203471512,1.9026999999999997e+08,5.3,1.9026999999999998
1658189113,ALGOUSDT,Buy,5.7,0.3590,ZeroMinusTick,a4541b45-aeda-5326-a33b-e2e82e560a9e,2.0463e+08,5.7,2.0463
1658189115,ALGOUSDT,Sell,4.8,0.3590,ZeroMinusTick,ba49df67-63f9-5690-a64c-58f34fefcfc3,1.7231999999999997e+08,4.8,1.7231999999999998
1658189115,ALGOUSDT,Sell,3.3,0.3590,ZeroMinusTick,938e0367-d1f0-5256-a4ed-100a6d00be9d,1.1846999999999999e+08,3.3,1.1846999999999999
1658189116,ALGOUSDT,Buy,6.8,0.3595,PlusTick,f1d80b0e-775b-507b-a5b7-7b2550dd668f,2.4446e+08,6.8,2.4446
1658189116,ALGOUSDT,Buy,6.4,0.3595,ZeroMinusTick,1ec6758a-914a-5415-afed-2655b7a0b4c4,2.3008000000000003e+08,6.4,2.3008
1658189119,ALGOUSDT,Buy,1663,0.3595,ZeroMinusTick,57ab6af0-7e9d-5c5d-af0f-427e99ea6eb6,5.978484999999999e+10,1663,597.8485
1658189125,ALGOUSDT,Buy,1632.7,0.3595,ZeroMinusTick,2b3f80fe-322a-5235-9cd9-a70310016ce5,5.8695565e+10,1632.7,586.95565
1658189125,ALGOUSDT,Buy,1948.6,0.3595,ZeroMinusTick,3416358f-c182-5a50-927a-8e643d902232,7.005216999999998e+10,1948.6,700.5216999999999
1658189139,ALGOUSDT,Sell,5.4,0.3590,MinusTick,2a63864f-0d8d-5c59-b2df-5446e4a21184,1.9386e+08,5.4,1.9386
1658189139,ALGOUSDT,Sell,3.8,0.3590,ZeroMinusTick,398c5ee9-360b-53bf-9504-ce4ec3c41a15,1.3642e+08,3.8,1.3641999999999999
1658189143,ALGOUSDT,Sell,1663,0.3590,ZeroMinusTick,d4353a1b-a164-5bd7-94d3-ff8b7827753c,5.970169999999999e+10,1663,597.0169999999999
1658189144,ALGOUSDT,Sell,3265.3,0.3590,ZeroMinusTick,66377988-d053-55fc-b5ce-a4ceac4d05df,1.1722427e+11,3265.3,1172.2427
1658189151,ALGOUSDT,Sell,490.5,0.3585,MinusTick,29098f29-32d9-5d5a-8c0b-75e9f93dd6ca,1.7584425e+10,490.5,175.84425
1658189154,ALGOUSDT,Buy,2.7,0.3585,ZeroMinusTick,c84c1592-1794-575e-96f4-e608352ea37f,9.6795e+07,2.7,0.96795
1658189170,ALGOUSDT,Sell,1.1,0.3585,ZeroMinusTick,ddabc440-ed38-52bf-b36e-127dae86ab83,3.9435e+07,1.1,0.39435000000000003
1658189171,ALGOUSDT,Sell,4555.4,0.3585,ZeroMinusTick,617c1319-2f6f-58e0-bfcb-01aac4fdfaf1,1.6331109e+11,4555.4,1633.1109
1658189171,ALGOUSDT,Sell,4278.3,0.3585,ZeroMinusTick,dbd244c8-8938-5eb6-bd80-ac2e848c0cda,1.53377055e+11,4278.3,1533.77055
1658189171,ALGOUSDT,Sell,2.6,0.3585,ZeroMinusTick,ce395e95-13ce-51fc-8acf-f80fa1b94fb0,9.321e+07,2.6,0.9321
1658189171,ALGOUSDT,Buy,2.4,0.3585,ZeroMinusTick,40111a0d-44b3-5125-8ba9-b76e22e42f94,8.604e+07,2.4,0.8603999999999999
1658189172,ALGOUSDT,Buy,3.9,0.3585,ZeroMinusTick,e7a06924-7f0e-5f4b-9c27-f9bf79c183a5,1.39815e+08,3.9,1.39815
1658189177,ALGOUSDT,Sell,367.4,0.3580,MinusTick,a546acd4-9589-536d-a413-f24ce73a27eb,1.3152919999999998e+10,367.4,131.52919999999997
1658189177,ALGOUSDT,Sell,4.2,0.3580,ZeroMinusTick,8790188a-1da7-568d-ae5b-a4386cb557ee,1.5036e+08,4.2,1.5036
1658189177,ALGOUSDT,Sell,1000,0.3580,ZeroMinusTick,6fb70ce5-fee7-59cd-9eac-5d7bdc8f1706,3.58e+10,1000,358
1658189177,ALGOUSDT,Sell,5.5,0.3580,ZeroMinusTick,9f94e3ff-7dfa-5bb6-92e9-ea8d654277dc,1.969e+08,5.5,1.9689999999999999
1658189177,ALGOUSDT,Sell,255.6,0.3580,ZeroMinusTick,8ea5ca17-3d12-5fee-9c2e-fd8e83962bc5,9.150479999999998e+09,255.6,91.50479999999999
1658189178,ALGOUSDT,Sell,1139.1,0.3580,ZeroMinusTick,e14e2cb8-5523-5b44-8692-a5809bfffe80,4.077977999999999e+10,1139.1,407.79779999999994
1658189179,ALGOUSDT,Buy,3.3,0.3580,ZeroMinusTick,d470dfc5-6f47-53d8-9c2a-5efccd1b1c33,1.1813999999999999e+08,3.3,1.1813999999999998
1658189182,ALGOUSDT,Buy,3.4,0.3580,ZeroMinusTick,4976ef24-821a-5334-95ed-d8bf6ca908eb,1.2171999999999999e+08,3.4,1.2171999999999998
1658189217,ALGOUSDT,Buy,2.7,0.3590,PlusTick,6d06f656-0801-5124-a94f-c223b7ef5720,9.693e+07,2.7,0.9693
1658189229,ALGOUSDT,Buy,3.9,0.3595,PlusTick,2ebe53a7-f11a-5d4c-b326-17ad0eab54e0,1.40205e+08,3.9,1.40205
1658189229,ALGOUSDT,Buy,3.3,0.3595,ZeroMinusTick,c2fecc75-a8d5-5c16-a49a-0f56563f56f9,1.1863499999999999e+08,3.3,1.1863499999999998
1658189230,ALGOUSDT,Sell,4.9,0.3595,ZeroMinusTick,c3e2fa3c-b463-52d3-b27b-960b24773f25,1.7615500000000003e+08,4.9,1.7615500000000002
1658189231,ALGOUSDT,Sell,3237.4,0.3595,ZeroMinusTick,3d1908c7-7321-5e1b-bf89-6b1bb0cfe4a3,1.1638453e+11,3237.4,1163.8453
1658189233,ALGOUSDT,Sell,4160.5,0.3590,MinusTick,463517e7-13ff-50c2-b265-96c2561b1e58,1.4936195e+11,4160.5,1493.6195
1658189233,ALGOUSDT,Sell,1632.7,0.3585,MinusTick,9f31df47-61ab-5df9-9978-e3d344ef818d,5.8532295e+10,1632.7,585.32295
1658189233,ALGOUSDT,Sell,1225,0.3585,ZeroMinusTick,2d8f1066-d8b3-52f9-ac8b-ed973109ecd4,4.391625e+10,1225,439.16249999999997
1658189233,ALGOUSDT,Sell,490.5,0.3585,ZeroMinusTick,8acbced2-1594-5dc0-af02-b776f23346c7,1.7584425e+10,490.5,175.84425
1658189233,ALGOUSDT,Sell,278,0.3585,ZeroMinusTick,1cd4d2de-0a07-50b3-bdb3-9527f89436dd,9.9663e+09,278,99.663
1658189233,ALGOUSDT,Sell,2.8,0.3585,ZeroMinusTick,54342a64-1478-5919-9982-b467a717d469,1.0037999999999999e+08,2.8,1.0037999999999998
1658189233,ALGOUSDT,Sell,3358,0.3585,ZeroMinusTick,7ded6924-54a1-5750-a602-6dfaad51d815,1.2038429999999998e+11,3358,1203.8429999999998
1658189233,ALGOUSDT,Sell,1000,0.3585,ZeroMinusTick,1cf45093-86bf-54ae-983e-5656528f0a8b,3.585e+10,1000,358.5
1658189233,ALGOUSDT,Sell,2155,0.3585,ZeroMinusTick,594820f0-8e58-51de-8ce7-691629d6a2b2,7.725675e+10,2155,772.5675
1658189242,ALGOUSDT,Sell,1000,0.3585,ZeroMinusTick,0c999815-319f-5946-8733-9be8d7a6f723,3.585e+10,1000,358.5
1658189242,ALGOUSDT,Sell,632.7,0.3585,ZeroMinusTick,c9ae0c21-c67a-5033-9e73-6f6d1ddc1ef9,2.2682295000000004e+10,632.7,226.82295000000002
1658189264,ALGOUSDT,Buy,84.6,0.3590,PlusTick,9426e80e-325c-58d1-820f-baa2c47f9d50,3.03714e+09,84.6,30.371399999999998
1658189272,ALGOUSDT,Buy,28.7,0.3590,ZeroMinusTick,21b769c0-3285-5fa0-9671-2c5f02512dc0,1.03033e+09,28.7,10.3033
1658189288,ALGOUSDT,Sell,2.5,0.3585,MinusTick,063b13ac-735a-5720-8e52-151f3baa14ed,8.9625e+07,2.5,0.89625
1658189288,ALGOUSDT,Sell,408.6,0.3585,ZeroMinusTick,0fe74b72-5058-55da-83c9-e05525e383ca,1.464831e+10,408.6,146.4831
1658189288,ALGOUSDT,Sell,971.9,0.3585,ZeroMinusTick,01cc0c36-db28-54a8-be3a-ab6828f5b761,3.484261499999999e+10,971.9,348.42614999999995
1658189291,ALGOUSDT,Sell,1.4,0.3585,ZeroMinusTick,beb78e79-2cbd-5fcf-8d84-d647e30bdbca,5.018999999999999e+07,1.4,0.5018999999999999
1658189294,ALGOUSDT,Buy,1844,0.3590,PlusTick,3dcd2f3b-fcf8-5877-b9a5-a7da17192e5d,6.61996e+10,1844,661.996
1658189298,ALGOUSDT,Buy,921,0.3590,ZeroMinusTick,57f45b91-3ff4-5d13-aa10-7c388adc61c3,3.30639e+10,921,330.639
1658189300,ALGOUSDT,Buy,1663,0.3590,ZeroMinusTick,bd08e956-56ba-5278-95e8-170ef7c752ad,5.970169999999999e+10,1663,597.0169999999999
1658189302,ALGOUSDT,Sell,408.9,0.3590,ZeroMinusTick,e5f177ec-ceae-51d4-84cf-963313cfeaf1,1.467951e+10,408.9,146.7951
1658189307,ALGOUSDT,Buy,4274.8,0.3595,PlusTick,f0b23f2f-ec6e-50ec-bf68-265ac18a2f4b,1.5367906e+11,4274.8,1536.7906
1658189307,ALGOUSDT,Buy,2.6,0.3595,ZeroMinusTick,834e15e3-dcfc-5893-b3e5-da24906e61c4,9.347e+07,2.6,0.9347
1658189307,ALGOUSDT,Buy,2.8,0.3595,ZeroMinusTick,19e5547f-f03e-56c7-a012-0e9defba61d5,1.0066e+08,2.8,1.0066
1658189307,ALGOUSDT,Buy,3,0.3595,ZeroMinusTick,a166d1d5-92fe-51c1-b9d8-34fc2b0a2a7b,1.0785e+08,3,1.0785
1658189308,ALGOUSDT,Sell,210,0.3590,MinusTick,99f319e7-1091-5e4c-a57b-ddd5593b4acf,7.539e+09,210,75.39
1658189308,ALGOUSDT,Buy,989.4,0.3595,PlusTick,ff5ab3f4-1e57-57df-9300-8a866cb5dcc7,3.556893e+10,989.4,355.6893
1658189308,ALGOUSDT,Buy,1023.3,0.3595,ZeroMinusTick,928eb201-b809-51e0-b48f-5939ae65a33f,3.678763499999999e+10,1023.3,367.87634999999995
1658189308,ALGOUSDT,Buy,1895.3,0.3595,ZeroMinusTick,fc4a97f4-b338-5ef4-8106-55b650847173,6.813603499999999e+10,1895.3,681.3603499999999
1658189316,ALGOUSDT,Buy,42.6,0.3600,PlusTick,976ff520-ae92-5bcc-99bb-8ef738e79299,1.5336e+09,42.6,15.336
1658189316,ALGOUSDT,Buy,1574.9,0.3600,ZeroMinusTick,05ff0732-8454-583a-a259-824353213466,5.669640000000001e+10,1574.9,566.964
1658189316,ALGOUSDT,Buy,2881.1,0.3600,ZeroMinusTick,3ccb5bd3-8623-5fa0-aad5-e8dd6ee64aef,1.0371959999999998e+11,2881.1,1037.196
1658189316,ALGOUSDT,Buy,4419.2,0.3600,ZeroMinusTick,5f7b5886-b18b-52b3-99af-46d51c677635,1.5909119999999997e+11,4419.2,1590.9119999999998
1658189316,ALGOUSDT,Buy,490.5,0.3600,ZeroMinusTick,eb6989d2-3bbd-50ee-b748-8868c198bd3f,1.7658e+10,490.5,176.57999999999998
1658189316,ALGOUSDT,Buy,4.1,0.3600,ZeroMinusTick,0099d558-293c-5418-9373-0e063fda0e46,1.4759999999999997e+08,4.1,1.4759999999999998
1658189316,ALGOUSDT,Buy,4.5,0.3600,ZeroMinusTick,4f56ee0b-a295-54de-9482-0a3788dfbcd9,1.62e+08,4.5,1.6199999999999999
1658189316,ALGOUSDT,Buy,3440.6,0.3600,ZeroMinusTick,eedf82a7-4f2e-5271-bb7e-359122b54982,1.238616e+11,3440.6,1238.616
1658189316,ALGOUSDT,Buy,3788,0.3600,ZeroMinusTick,b211ea71-a672-575c-a9f4-202e2159ad7a,1.3636799999999998e+11,3788,1363.6799999999998
1658189316,ALGOUSDT,Sell,130,0.3595,MinusTick,16f6d214-db9d-58b6-bdcb-56ad1f91d931,4.6735e+09,130,46.735
1658189318,ALGOUSDT,Sell,3.3,0.3600,PlusTick,9161c53b-6ae2-5a1b-990e-8698ad05180c,1.188e+08,3.3,1.188
1658189327,ALGOUSDT,Buy,0.4,0.3605,PlusTick,21205aa7-a50d-5647-98e8-43bec3d062d1,1.442e+07,0.4,0.1442
1658189327,ALGOUSDT,Buy,214.5,0.3605,ZeroMinusTick,cb27ed06-314d-553c-9dd2-c25582080141,7.732724999999999e+09,214.5,77.32724999999999
1658189327,ALGOUSDT,Buy,4.6,0.3605,ZeroMinusTick,1b265993-655e-5acc-a950-4c5141600350,1.6583e+08,4.6,1.6582999999999999
1658189327,ALGOUSDT,Buy,1443.5,0.3605,ZeroMinusTick,fe7c3069-098a-5f8d-b59d-e996acc018ad,5.2038175e+10,1443.5,520.38175
1658189327,ALGOUSDT,Buy,2791.5,0.3605,ZeroMinusTick,d124346a-5593-5247-ae38-e1357127b65e,1.00633575e+11,2791.5,1006.33575
1658189327,ALGOUSDT,Buy,566.5,0.3605,ZeroMinusTick,5eeafeaf-44ec-5d7a-9c57-62240d703899,2.0422324999999996e+10,566.5,204.22324999999998
1658189327,ALGOUSDT,Buy,3858.1,0.3605,ZeroMinusTick,c464c9b9-8f9f-5c74-8055-d56c30da5ca2,1.39084505e+11,3858.1,1390.84505
1658189327,ALGOUSDT,Buy,1000,0.3605,ZeroMinusTick,27356c58-d3df-534f-8218-15524604d2f7,3.605e+10,1000,360.5
1658189327,ALGOUSDT,Buy,4.8,0.3605,ZeroMinusTick,3c6dd4f6-f943-5b41-9d0d-5d533747bbc5,1.7304e+08,4.8,1.7304
1658189327,ALGOUSDT,Buy,794.4,0.3605,ZeroMinusTick,180806bd-ee84-5f9c-8c7c-49e9a9bcbdbe,2.8638119999999996e+10,794.4,286.3812
1658189327,ALGOUSDT,Buy,7500,0.3605,ZeroMinusTick,e2f63767-da9a-5a74-8e7a-8b5a87457bea,2.70375e+11,7500,2703.75
1658189327,ALGOUSDT,Buy,5,0.3605,ZeroMinusTick,8e478520-77fb-5719-9cd6-289237588729,1.8025e+08,5,1.8025
1658189328,ALGOUSDT,Sell,3.5,0.3605,ZeroMinusTick,66f935f1-e016-5d3f-b31d-b60d1be17007,1.26175e+08,3.5,1.26175
1658189332,ALGOUSDT,Sell,2.3,0.3605,ZeroMinusTick,1c44c138-2d43-53fb-883d-caa418831b29,8.2915e+07,2.3,0.8291499999999999
1658189340,ALGOUSDT,Buy,484.1,0.3610,PlusTick,4744e9f0-97df-5455-8245-153578365b7c,1.747601e+10,484.1,174.7601
1658189340,ALGOUSDT,Buy,1000,0.3610,ZeroMinusTick,6d4b552b-d3ea-50f1-a40c-f7f8325471e2,3.61e+10,1000,361
1658189340,ALGOUSDT,Buy,6.6,0.3610,ZeroMinusTick,e6184961-2599-5bf6-a574-3bac143cc5fa,2.3825999999999997e+08,6.6,2.3825999999999996
1658189340,ALGOUSDT,Buy,7500,0.3610,ZeroMinusTick,473e2107-568f-5f40-b54a-b8ffa8984cdd,2.7075e+11,7500,2707.5
1658189340,ALGOUSDT,Buy,3.9,0.3610,ZeroMinusTick,62a1f8f8-5479-54c2-a9f6-b03a6b2dea47,1.4079e+08,3.9,1.4079
1658189341,ALGOUSDT,Buy,3657.1,0.3610,ZeroMinusTick,2c13150e-dc53-5367-a631-a4ea7ee439be,1.3202131e+11,3657.1,1320.2131
1658189341,ALGOUSDT,Buy,1632.7,0.3610,ZeroMinusTick,54056c03-4924-5850-a7a0-d887d446673d,5.894047000000001e+10,1632.7,589.4047
1658189341,ALGOUSDT,Buy,3358,0.3610,ZeroMinusTick,c64dbfab-af0c-57d5-8f03-a283bf6c9b76,1.212238e+11,3358,1212.238
1658189350,ALGOUSDT,Buy,1000,0.3610,ZeroMinusTick,4eb3bd0b-785d-5ae3-8dc5-34dd5f5586e7,3.61e+10,1000,361
1658189357,ALGOUSDT,Buy,1000,0.3610,ZeroMinusTick,9b03957d-aeb4-57fc-a861-785d47d46d7d,3.61e+10,1000,361
1658189357,ALGOUSDT,Buy,3358,0.3610,ZeroMinusTick,40b34b22-e0ad-5205-9c1e-f9b824a40dde,1.212238e+11,3358,1212.238
1658189357,ALGOUSDT,Buy,1632.7,0.3610,ZeroMinusTick,791d5212-b32d-5702-8ac0-ed902471c132,5.894047000000001e+10,1632.7,589.4047
1658189357,ALGOUSDT,Buy,1125.1,0.3610,ZeroMinusTick,4aaf012e-8f56-5415-b30e-1ec59069cef0,4.061611e+10,1125.1,406.1611
1658189357,ALGOUSDT,Buy,1506.1,0.3610,ZeroMinusTick,cfb05001-fb11-5b29-9c49-f777fe06787c,5.437021e+10,1506.1,543.7021
1658189357,ALGOUSDT,Buy,156.9,0.3610,ZeroMinusTick,0a3ad46b-7d34-5465-974a-a06f3c347f95,5.66409e+09,156.9,56.6409
1658189362,ALGOUSDT,Sell,97.4,0.3605,MinusTick,7bc1ac56-77aa-50fa-8038-a7bb0188e6f2,3.5112700000000005e+09,97.4,35.112700000000004
1658189362,ALGOUSDT,Sell,2.1,0.3605,ZeroMinusTick,10fa0f56-1279-515e-8616-6e2b63f0ecbc,7.5705e+07,2.1,0.75705
1658189362,ALGOUSDT,Sell,531,0.3605,ZeroMinusTick,e1171030-6a96-5bb7-bb7c-88e870f1d780,1.914255e+10,531,191.4255
1658189362,ALGOUSDT,Sell,544.7,0.3605,ZeroMinusTick,c35975e0-cc99-51c6-8bc1-e38f15b3ab9f,1.9636435e+10,544.7,196.36435
1658189367,ALGOUSDT,Sell,3570.6,0.3605,ZeroMinusTick,f2f3f9c1-730b-59a7-b6b6-902f5d4f1927,1.2872013e+11,3570.6,1287.2013
1658189368,ALGOUSDT,Buy,1632.7,0.3605,ZeroMinusTick,89692dad-25b8-50d2-a9c5-8f286ea1e6bf,5.8858835e+10,1632.7,588.58835
1658189368,ALGOUSDT,Buy,1000,0.3605,ZeroMinusTick,57ac00df-2d8e-5c47-a6b7-05bca934b786,3.605e+10,1000,360.5
1658189368,ALGOUSDT,Buy,1663,0.3605,ZeroMinusTick,25abb5e9-921b-542d-b59e-e15dfdd766b0,5.995114999999999e+10,1663,599.5115
1658189368,ALGOUSDT,Buy,3888.7,0.3605,ZeroMinusTick,3c863670-8911-5b28-ae5c-cfb365b1caec,1.4018763499999997e+11,3888.7,1401.8763499999998
1658189368,ALGOUSDT,Sell,3265.3,0.3605,ZeroMinusTick,aa0d6a07-823a-52b2-821a-83482eaeb73c,1.17714065e+11,3265.3,1177.14065
1658189368,ALGOUSDT,Sell,148.1,0.3605,ZeroMinusTick,202ea20d-67ad-56b2-913e-829bb38aadda,5.339004999999999e+09,148.1,53.390049999999995
1658189377,ALGOUSDT,Buy,1000,0.3605,ZeroMinusTick,f028cc04-d1cc-51cf-8776-d2f86a5b5616,3.605e+10,1000,360.5
1658189377,ALGOUSDT,Buy,0.3,0.3605,ZeroMinusTick,14459a6f-0321-5dce-b750-1a4f60cf63ba,1.0815e+07,0.3,0.10815
1658189383,ALGOUSDT,Sell,1632.7,0.3605,ZeroMinusTick,1153e56a-e676-55d5-bfa7-e53db03230f0,5.8858835e+10,1632.7,588.58835
1658189386,ALGOUSDT,Buy,490.5,0.3610,PlusTick,ebabca21-7c68-58b8-95c5-ed6790366e7c,1.770705e+10,490.5,177.07049999999998
1658189386,ALGOUSDT,Buy,278,0.3610,ZeroMinusTick,4d004918-288c-5413-ab3f-12cb2204423b,1.0035799999999998e+10,278,100.35799999999999
1658189386,ALGOUSDT,Buy,1000,0.3610,ZeroMinusTick,4fb610d6-fa9f-5023-96e1-fc6ad6193502,3.61e+10,1000,361
1658189399,ALGOUSDT,Sell,490.5,0.3605,MinusTick,b2946a8f-1ec0-505a-a070-ca3e925a1cc7,1.7682525e+10,490.5,176.82524999999998
1658189399,ALGOUSDT,Sell,278,0.3605,ZeroMinusTick,5b7f8e6b-5dd6-59e5-85ca-dc950d5b2e72,1.00219e+10,278,100.219
1658189399,ALGOUSDT,Sell,2589.5,0.3605,ZeroMinusTick,94859ba4-6f2c-50f4-aee7-50ecd7e13c94,9.3351475e+10,2589.5,933.5147499999999
1658189399,ALGOUSDT,Sell,737.3,0.3605,ZeroMinusTick,85167a4c-d89e-57e7-80e0-28b2159a527b,2.6579665e+10,737.3,265.79665
1658189400,ALGOUSDT,Sell,24.7,0.3605,ZeroMinusTick,e77331ca-59de-5fba-890e-c6e3e3740931,8.904349999999999e+08,24.7,8.904349999999999
1658189405,ALGOUSDT,Buy,1000,0.3605,ZeroMinusTick,a27c58f2-565c-5c91-8d0f-bcccad1d9a4b,3.605e+10,1000,360.5
1658189405,ALGOUSDT,Buy,663,0.3605,ZeroMinusTick,8988f8c6-4617-5401-86ea-67d991ddaf0e,2.390115e+10,663,239.01149999999998
1658189405,ALGOUSDT,Buy,143.1,0.3605,ZeroMinusTick,e85b50f5-5685-59d8-a812-72b809371c93,5.158754999999999e+09,143.1,51.58754999999999
1658189421,ALGOUSDT,Sell,1.7,0.3605,ZeroMinusTick,291799ba-2a7b-51a1-a89a-b11a9aaecd98,6.1285e+07,1.7,0.61285
1658189424,ALGOUSDT,Sell,18.8,0.3605,ZeroMinusTick,d155eca9-c126-5d4c-bfc3-4db60baf4893,6.7774e+08,18.8,6.7774
1658189445,ALGOUSDT,Buy,10,0.3615,PlusTick,563867dd-570e-5433-861a-a9475b1cf978,3.615e+08,10,3.6149999999999998
1658189445,ALGOUSDT,Buy,67.5,0.3615,ZeroMinusTick,9c6c540d-10da-5168-8322-ee8aaf02f24b,2.4401249999999995e+09,67.5,24.401249999999997
1658189445,ALGOUSDT,Buy,1045.3,0.3615,ZeroMinusTick,45c54a98-ff34-5933-9f67-0b20eeb46581,3.7787595e+10,1045.3,377.87595
1658189445,ALGOUSDT,Buy,122.1,0.3615,ZeroMinusTick,e1e42773-e80b-5ec6-a3ff-586218d07052,4.413914999999999e+09,122.1,44.139149999999994
1658189445,ALGOUSDT,Buy,2.8,0.3615,ZeroMinusTick,1feeba0e-58e6-58f8-a0d5-c40cb2778935,1.0122e+08,2.8,1.0122
1658189445,ALGOUSDT,Buy,387,0.3615,ZeroMinusTick,2d16e839-f773-531b-b89b-75299af2c21a,1.399005e+10,387,139.9005
1658189446,ALGOUSDT,Buy,3.7,0.3615,ZeroMinusTick,e3381f6f-1981-55ec-baec-d0ba3a592982,1.33755e+08,3.7,1.33755
1658189446,ALGOUSDT,Buy,3,0.3615,ZeroMinusTick,adb861e0-3279-5f98-bb7f-464c8d099cce,1.0845e+08,3,1.0845
1658189446,ALGOUSDT,Buy,278,0.3615,ZeroMinusTick,258bdf84-29ea-570b-9d3e-76f51fd8878a,1.00497e+10,278,100.497
1658189446,ALGOUSDT,Buy,29.9,0.3615,ZeroMinusTick,9b0ce01e-554f-5b9f-a1c6-ec4d19958f99,1.080885e+09,29.9,10.80885
1658189446,ALGOUSDT,Buy,74.4,0.3615,ZeroMinusTick,71ea312d-a9b9-5163-a707-0959fa55dd71,2.68956e+09,74.4,26.8956
1658189446,ALGOUSDT,Buy,19.5,0.3615,ZeroMinusTick,eb8b97d6-c5ae-59be-9a55-fb522fa44744,7.04925e+08,19.5,7.04925
1658189450,ALGOUSDT,Buy,10,0.3620,PlusTick,8d3177e6-926f-541e-96c5-77fa498776b0,3.62e+08,10,3.62
1658189450,ALGOUSDT,Buy,300,0.3620,ZeroMinusTick,c05b66c2-5680-5877-a5f8-7caacb7ac525,1.086e+10,300,108.6
1658189450,ALGOUSDT,Buy,278,0.3620,ZeroMinusTick,22b96b9f-8d53-5dcf-88f0-dfa1d29a64bd,1.00636e+10,278,100.636
1658189450,ALGOUSDT,Buy,5.2,0.3620,ZeroMinusTick,b73f6433-7dc9-53f4-bb80-62e446e94f1c,1.8824e+08,5.2,1.8824
1658189450,ALGOUSDT,Buy,18.8,0.3620,ZeroMinusTick,f6d862d1-0b39-5277-a131-5fb240d184eb,6.8056e+08,18.8,6.8056
1658189450,ALGOUSDT,Buy,114.4,0.3620,ZeroMinusTick,dab84b06-8cd5-51e6-a122-cfff18ff9b49,4.1412800000000005e+09,114.4,41.412800000000004
1658189450,ALGOUSDT,Buy,490.5,0.3620,ZeroMinusTick,cb8ff76a-92e5-5e6f-ad93-0842329cb33b,1.77561e+10,490.5,177.561
1658189450,ALGOUSDT,Buy,531,0.3620,ZeroMinusTick,acd4f903-e6b6-57ff-8451-5e8eadaba72e,1.9222199999999996e+10,531,192.22199999999998
1658189450,ALGOUSDT,Buy,544.7,0.3620,ZeroMinusTick,ce04a6fb-6f72-517c-87b9-d16305788202,1.971814e+10,544.7,197.1814
1658189450,ALGOUSDT,Buy,1000,0.3620,ZeroMinusTick,b23662f1-625b-5f38-a462-4a480952c3ad,3.62e+10,1000,362
1658189450,ALGOUSDT,Buy,2.8,0.3620,ZeroMinusTick,e45a5984-57ef-5f2a-9af2-8ce16d8b923a,1.0135999999999999e+08,2.8,1.0135999999999998
1658189450,ALGOUSDT,Buy,62.6,0.3620,ZeroMinusTick,734e38b5-0472-5bb4-863f-5f9789b28b8e,2.26612e+09,62.6,22.6612
1658189450,ALGOUSDT,Buy,1320.1,0.3620,ZeroMinusTick,6f9a8393-6cf6-5e63-90dd-97ca53608303,4.778761999999999e+10,1320.1,477.8761999999999
1658189450,ALGOUSDT,Buy,3.2,0.3620,ZeroMinusTick,9563bd67-9894-5895-9469-dcda4cb0f278,1.1584000000000001e+08,3.2,1.1584
1658189450,ALGOUSDT,Buy,173.3,0.3620,ZeroMinusTick,5eba7479-e99f-5ad4-bc78-ccd2176708e7,6.27346e+09,173.3,62.7346
1658189450,ALGOUSDT,Buy,7.7,0.3625,PlusTick,dde90e6a-7495-5977-b627-549f66569be1,2.79125e+08,7.7,2.79125
1658189450,ALGOUSDT,Buy,1131.5,0.3625,ZeroMinusTick,487bf76b-de1c-59cb-ab5c-17f9912087ce,4.1016875e+10,1131.5,410.16875
1658189450,ALGOUSDT,Buy,99.2,0.3625,ZeroMinusTick,4d6ff7a1-8357-59b2-9c94-669dd92ab11c,3.596e+09,99.2,35.96
1658189450,ALGOUSDT,Buy,68.6,0.3625,ZeroMinusTick,2500a81d-9ed0-58a3-97a7-b2e7906661f1,2.4867499999999995e+09,68.6,24.867499999999996
1658189450,ALGOUSDT,Buy,274.1,0.3625,ZeroMinusTick,452f2e07-8827-57ae-b0b2-bd8ec8a026c4,9.936125e+09,274.1,99.36125
1658189450,ALGOUSDT,Buy,251.8,0.3625,ZeroMinusTick,4916d642-cb79-5d11-9a66-ce4fe298f18c,9.12775e+09,251.8,91.2775
1658189450,ALGOUSDT,Buy,13.7,0.3625,ZeroMinusTick,3a71c8ae-2087-5644-ad56-bb9f5ce79841,4.9662499999999994e+08,13.7,4.96625
1658189450,ALGOUSDT,Buy,74.3,0.3625,ZeroMinusTick,05006bf6-2762-5475-9bc4-e65afb93ae6b,2.693375e+09,74.3,26.93375
1658189450,ALGOUSDT,Buy,1.7,0.3625,ZeroMinusTick,6fb6b837-c07a-5fa1-a201-a286f8ea1c1b,6.1625e+07,1.7,0.61625
1658189450,ALGOUSDT,Buy,15.1,0.3625,ZeroMinusTick,e89c6ad4-01db-5500-9e1e-5b46b0d8daad,5.47375e+08,15.1,5.47375
1658189450,ALGOUSDT,Buy,2.1,0.3625,ZeroMinusTick,d45e4720-e94a-5033-ae7a-287e05c2cc77,7.6125e+07,2.1,0.76125
1658189450,ALGOUSDT,Buy,1,0.3625,ZeroMinusTick,3c247ede-732e-5273-a550-871938a6411f,3.625e+07,1,0.3625
1658189450,ALGOUSDT,Buy,6.7,0.3625,ZeroMinusTick,e4b0d5e5-0d19-56de-a1e8-a97e6390b734,2.42875e+08,6.7,2.42875
1658189450,ALGOUSDT,Buy,514.8,0.3625,ZeroMinusTick,95d011eb-7569-57cb-b892-440264cb52ca,1.8661499999999996e+10,514.8,186.61499999999998
1658189464,ALGOUSDT,Buy,4.7,0.3625,ZeroMinusTick,1cf5ecd5-299e-5f84-b187-1164725bc5cd,1.70375e+08,4.7,1.70375
1658189464,ALGOUSDT,Buy,490.5,0.3625,ZeroMinusTick,2a6b5a75-56c8-58bc-a4dd-f25d913a48f5,1.7780625e+10,490.5,177.80625
1658189464,ALGOUSDT,Buy,1000,0.3625,ZeroMinusTick,711a3b81-516a-5950-a591-c80e2c06c76b,3.625e+10,1000,362.5
1658189464,ALGOUSDT,Buy,6.4,0.3625,ZeroMinusTick,db7b0481-1b4d-5629-8900-a6bbe144b09f,2.3199999999999997e+08,6.4,2.32
1658189467,ALGOUSDT,Buy,10,0.3630,PlusTick,13115856-b3bd-5bd3-8b53-0b4271d5783f,3.63e+08,10,3.63
1658189467,ALGOUSDT,Buy,27.3,0.3630,ZeroMinusTick,d556ba73-b94c-53b1-aa56-0d301ec58732,9.9099e+08,27.3,9.9099
1658189467,ALGOUSDT,Sell,18.4,0.3625,MinusTick,ed73ce00-3e49-5bde-974a-cb6fe4131507,6.669999999999999e+08,18.4,6.669999999999999
1658189467,ALGOUSDT,Sell,153.6,0.3625,ZeroMinusTick,474a1b34-4cd8-595c-aa19-1e2502cfed37,5.568e+09,153.6,55.68
1658189467,ALGOUSDT,Sell,21.5,0.3625,ZeroMinusTick,7ff78534-72ee-5e4e-8a93-41af19e42217,7.79375e+08,21.5,7.79375
1658189467,ALGOUSDT,Sell,1.8,0.3625,ZeroMinusTick,f4a88cea-582a-544e-abfb-263d63e94add,6.525e+07,1.8,0.6525
1658189469,ALGOUSDT,Sell,3.1,0.3625,ZeroMinusTick,99a9309d-036c-561d-a0d4-31d65c0c249a,1.12375e+08,3.1,1.12375
1658189469,ALGOUSDT,Sell,4.6,0.3625,ZeroMinusTick,03159a00-40b6-5f34-b905-3cecab568508,1.6674999999999997e+08,4.6,1.6674999999999998
1658189471,ALGOUSDT,Sell,2.6,0.3625,ZeroMinusTick,872422e7-0374-59ef-8e66-f37cff0476f5,9.425e+07,2.6,0.9425
1658189471,ALGOUSDT,Buy,131.2,0.3630,PlusTick,eb3cb20a-6d4c-54e7-906e-ce155df22f32,4.762559999999999e+09,131.2,47.62559999999999
1658189471,ALGOUSDT,Buy,0.1,0.3630,ZeroMinusTick,9e9415bc-6f19-597d-ac22-9e56b03a845b,3.63e+06,0.1,0.0363
1658189471,ALGOUSDT,Buy,97.4,0.3630,ZeroMinusTick,7c9badbc-3082-58ca-904b-27d97c805920,3.53562e+09,97.4,35.3562
1658189471,ALGOUSDT,Buy,2.1,0.3630,ZeroMinusTick,42da7b2d-fe48-5fa5-81fb-2628ab404275,7.623e+07,2.1,0.7623
1658189471,ALGOUSDT,Buy,3127.2,0.3630,ZeroMinusTick,7488248c-a13c-5aa1-9815-2fe665624901,1.1351735999999998e+11,3127.2,1135.1735999999999
1658189471,ALGOUSDT,Buy,168.8,0.3630,ZeroMinusTick,c4cd5042-31a2-5928-a767-fa26f8ed963e,6.12744e+09,168.8,61.2744
1658189471,ALGOUSDT,Buy,3293.7,0.3630,ZeroMinusTick,48702e5d-7099-56b5-99c5-97514a1cc1d1,1.1956130999999998e+11,3293.7,1195.6130999999998
1658189471,ALGOUSDT,Buy,174.7,0.3630,ZeroMinusTick,f283fb9c-6fa9-5ed1-937c-83359ccdf9df,6.341609999999999e+09,174.7,63.41609999999999
1658189471,ALGOUSDT,Buy,3.4,0.3630,ZeroMinusTick,0751cd30-49a9-520e-b3c1-c1fad37e575b,1.2342e+08,3.4,1.2342
1658189471,ALGOUSDT,Buy,6,0.3630,ZeroMinusTick,98f2f33e-c894-588e-8377-210010c522d8,2.178e+08,6,2.178
1658189471,ALGOUSDT,Buy,421.9,0.3630,ZeroMinusTick,5df808d0-fbff-5b99-bfa8-0b52b6199d4f,1.531497e+10,421.9,153.1497
1658189471,ALGOUSDT,Buy,1094.5,0.3630,ZeroMinusTick,e494468a-a522-5404-b49f-352128ab9381,3.973035e+10,1094.5,397.3035
1658189471,ALGOUSDT,Buy,5.5,0.3630,ZeroMinusTick,0703bd02-3cc5-5122-9048-3073dd5c1374,1.9965e+08,5.5,1.9965
1658189471,ALGOUSDT,Buy,4.1,0.3630,ZeroMinusTick,e7aa8db0-ad52-5139-a489-b6d226e3848e,1.4882999999999997e+08,4.1,1.4882999999999997
1658189477,ALGOUSDT,Sell,1000,0.3630,ZeroMinusTick,0eb5fe80-819b-56b2-85d6-8e2d14841741,3.63e+10,1000,363
1658189477,ALGOUSDT,Sell,1376.3,0.3630,ZeroMinusTick,a3a7a923-ef57-55bf-bdcb-c1447d732e74,4.995968999999999e+10,1376.3,499.59689999999995
1658189477,ALGOUSDT,Sell,981.7,0.3630,ZeroMinusTick,b175acb0-6970-59dd-b86a-d8196e0ef770,3.563571e+10,981.7,356.3571
1658189477,ALGOUSDT,Sell,3358,0.3630,ZeroMinusTick,dc4b6c5e-0d04-5789-a138-27cfff10e98a,1.218954e+11,3358,1218.954
1658189485,ALGOUSDT,Sell,529,0.3630,ZeroMinusTick,c1f604cb-5836-5a36-8230-728ea962c8fc,1.92027e+10,529,192.027
1658189487,ALGOUSDT,Sell,3.1,0.3630,ZeroMinusTick,b9435bc0-ad54-5f1a-bd18-08d6f4c020b6,1.1253e+08,3.1,1.1253
1658189498,ALGOUSDT,Sell,0.2,0.3630,ZeroMinusTick,5e49125f-22b0-5292-bdb3-55f39e661655,7.26e+06,0.2,0.0726
1658189498,ALGOUSDT,Sell,27.9,0.3630,ZeroMinusTick,42277390-62be-5c51-aec6-ea2efc2a47a5,1.0127699999999999e+09,27.9,10.127699999999999
1658189498,ALGOUSDT,Sell,70.2,0.3630,ZeroMinusTick,dc42be90-8270-5f13-834f-889409b5bcdb,2.54826e+09,70.2,25.4826
1658189498,ALGOUSDT,Sell,1619.5,0.3630,ZeroMinusTick,2f55e657-6ede-5e9d-8bc8-9cb88b39fff3,5.878785e+10,1619.5,587.8785
1658189498,ALGOUSDT,Sell,113.6,0.3630,ZeroMinusTick,c47edabf-c3ac-5502-8991-3593a3aa03a1,4.1236799999999995e+09,113.6,41.236799999999995
1658189498,ALGOUSDT,Sell,540.9,0.3630,ZeroMinusTick,239c8e6d-679e-5968-a396-521940c37385,1.963467e+10,540.9,196.3467
1658189498,ALGOUSDT,Sell,2.1,0.3630,ZeroMinusTick,71c95255-6b82-587b-a6b0-60c502abc583,7.623e+07,2.1,0.7623
1658189498,ALGOUSDT,Sell,2.1,0.3630,ZeroMinusTick,d2e97f45-bd8f-5771-bf77-86ae4298b272,7.623e+07,2.1,0.7623
1658189498,ALGOUSDT,Sell,29.7,0.3630,ZeroMinusTick,dec8b1cc-dd10-5499-b534-90d76e2e4091,1.0781099999999998e+09,29.7,10.781099999999999
1658189498,ALGOUSDT,Sell,15.5,0.3630,ZeroMinusTick,11b32ebc-0cae-5e90-944b-1f92d25b48ee,5.6265e+08,15.5,5.6265
1658189498,ALGOUSDT,Sell,1.7,0.3630,ZeroMinusTick,510e2669-e8d6-509e-aaf0-74371ca961ca,6.171e+07,1.7,0.6171
1658189498,ALGOUSDT,Sell,1376.1,0.3630,ZeroMinusTick,a683fdf0-064c-524e-a5e8-c1f2d12ce2e0,4.995242999999999e+10,1376.1,499.5242999999999
1658189498,ALGOUSDT,Sell,73.8,0.3630,ZeroMinusTick,86a9b7d2-6cde-582c-9de4-21dfb3242219,2.6789399999999995e+09,73.8,26.789399999999997
1658189498,ALGOUSDT,Sell,278,0.3630,ZeroMinusTick,c30148da-0b99-500b-8055-8b8ac24bd628,1.00914e+10,278,100.914
1658189498,ALGOUSDT,Sell,19.3,0.3630,ZeroMinusTick,da767155-7c57-5b56-8344-11b3255408c4,7.0059e+08,19.3,7.0059000000000005
1658189498,ALGOUSDT,Sell,172.1,0.3630,ZeroMinusTick,a0acb484-41e3-5059-ab05-0133419545a8,6.24723e+09,172.1,62.4723
1658189498,ALGOUSDT,Sell,15,0.3630,ZeroMinusTick,bf9167b8-8404-5d6f-909b-e23f14c680c5,5.445e+08,15,5.445
1658189498,ALGOUSDT,Sell,2514,0.3630,ZeroMinusTick,2e83f132-63f3-527f-8264-2887ca16a7a7,9.12582e+10,2514,912.582
1658189498,ALGOUSDT,Sell,1.3,0.3630,ZeroMinusTick,b966aa47-a598-5eb5-a2e2-35dc56a0cef7,4.719e+07,1.3,0.4719
1658189498,ALGOUSDT,Sell,15.4,0.3630,ZeroMinusTick,3f008d0f-0088-5187-9369-3b04562caccd,5.5902e+08,15.4,5.5902
1658189498,ALGOUSDT,Sell,70.1,0.3630,ZeroMinusTick,d22c330b-bf7c-5fde-9685-e332ee3360c6,2.5446299999999995e+09,70.1,25.446299999999997
1658189498,ALGOUSDT,Sell,0.1,0.3630,ZeroMinusTick,6aa048c6-ccc6-52ca-8301-6e2a34e47b3a,3.63e+06,0.1,0.0363
1658189498,ALGOUSDT,Sell,143.7,0.3630,ZeroMinusTick,997241f0-3207-5219-9b97-6edd40053914,5.216309999999999e+09,143.7,52.16309999999999
1658189498,ALGOUSDT,Sell,42,0.3630,ZeroMinusTick,7f2216de-8bb9-5a43-a869-701318e45921,1.5245999999999998e+09,42,15.245999999999999
1658189498,ALGOUSDT,Sell,1000,0.3630,ZeroMinusTick,0f802333-76f7-5123-b1cb-6eb0d1eeb177,3.63e+10,1000,363
1658189498,ALGOUSDT,Sell,1.6,0.3630,ZeroMinusTick,96ad6c2a-8021-5de4-8be7-6475f981e0b7,5.808e+07,1.6,0.5808
1658189499,ALGOUSDT,Sell,0.1,0.3630,ZeroMinusTick,609f5206-c9ba-526f-99cc-1c3c70d9ead2,3.63e+06,0.1,0.0363
1658189500,ALGOUSDT,Buy,2.6,0.3630,ZeroMinusTick,3985eb8a-dce4-5aa7-9b74-05062d264931,9.438e+07,2.6,0.9438
1658189503,ALGOUSDT,Sell,528.1,0.3625,MinusTick,59cd4176-3b2e-59ac-8165-9efbab160c3e,1.9143625e+10,528.1,191.43625
1658189503,ALGOUSDT,Sell,3.2,0.3625,ZeroMinusTick,3325e717-fd90-5f08-819a-519524fd5160,1.1599999999999999e+08,3.2,1.16
1658189503,ALGOUSDT,Sell,4,0.3625,ZeroMinusTick,a5e11623-c736-5552-abfb-b7a69fde4ba6,1.45e+08,4,1.45
1658189504,ALGOUSDT,Buy,2822.7,0.3625,ZeroMinusTick,01698203-0f2f-5681-a237-34b5bd586d70,1.0232287499999998e+11,2822.7,1023.2287499999999
1658189504,ALGOUSDT,Buy,1663,0.3625,ZeroMinusTick,4305d4d0-0a5a-52c5-ad56-58e6c5c59d46,6.028375e+10,1663,602.8375
1658189504,ALGOUSDT,Buy,514.3,0.3625,ZeroMinusTick,b9c6bca7-321c-50f6-b73f-7614ffe2ffab,1.8643374999999996e+10,514.3,186.43374999999997
1658189505,ALGOUSDT,Sell,1242.4,0.3620,MinusTick,367cc350-43ac-5115-98b6-673dda9e8e60,4.497488e+10,1242.4,449.7488
1658189505,ALGOUSDT,Sell,1045.3,0.3620,ZeroMinusTick,402dfd90-81a2-59b0-984f-d914106aa7d0,3.783986e+10,1045.3,378.3986
1658189505,ALGOUSDT,Sell,490.5,0.3620,ZeroMinusTick,3387a646-952a-59d2-83e5-2b20f58261c4,1.77561e+10,490.5,177.561
1658189505,ALGOUSDT,Sell,278,0.3620,ZeroMinusTick,f00f74bc-6ea9-5fda-9e8e-d4c3337b3a4e,1.00636e+10,278,100.636
1658189505,ALGOUSDT,Sell,4.7,0.3620,ZeroMinusTick,ccc3b042-71a0-5f41-a4e8-25285ee450fc,1.7014e+08,4.7,1.7014
1658189505,ALGOUSDT,Sell,5.5,0.3620,ZeroMinusTick,2c2a0779-2a59-58e1-a52d-100335a4ab63,1.991e+08,5.5,1.9909999999999999
1658189505,ALGOUSDT,Sell,291.6,0.3620,ZeroMinusTick,b54fcb69-04fd-5d66-b133-0bb42109afac,1.055592e+10,291.6,105.5592
1658189505,ALGOUSDT,Sell,1087.3,0.3620,ZeroMinusTick,4b95b566-c3f4-5381-927d-59eb99a1c10b,3.936026e+10,1087.3,393.6026
1658189506,ALGOUSDT,Sell,1000,0.3620,ZeroMinusTick,9531a592-363a-54a1-b814-a1f2075821d3,3.62e+10,1000,362
1658189508,ALGOUSDT,Sell,1632.7,0.3615,MinusTick,92679fac-2190-56e4-b54b-b54e71d5c0ee,5.9022105e+10,1632.7,590.22105
1658189508,ALGOUSDT,Sell,6.2,0.3615,ZeroMinusTick,eec38fc8-0e39-5ce2-8954-251000c81e70,2.2412999999999997e+08,6.2,2.2413
1658189508,ALGOUSDT,Sell,24.1,0.3615,ZeroMinusTick,8c8f5498-dc7e-5f34-a87e-af0c8930be6f,8.712149999999999e+08,24.1,8.71215
1658189508,ALGOUSDT,Sell,1663,0.3615,ZeroMinusTick,c4b7159e-f1ae-5e5c-8634-759ceb88809f,6.011745e+10,1663,601.1745
1658189509,ALGOUSDT,Sell,281.2,0.3615,ZeroMinusTick,2b916c80-820b-599a-b060-62254ad73d2c,1.0165379999999998e+10,281.2,101.65379999999999
1658189509,ALGOUSDT,Sell,46.7,0.3615,ZeroMinusTick,c6af31b8-32de-59fe-b94c-649cc7831c13,1.688205e+09,46.7,16.88205
1658189509,ALGOUSDT,Sell,116.4,0.3615,ZeroMinusTick,b6b168fd-fb5e-5303-8204-75fc5e6a3dd9,4.20786e+09,116.4,42.0786
1658189509,ALGOUSDT,Sell,73.2,0.3615,ZeroMinusTick,31d84ec5-05a2-54d2-881a-9f8888188d64,2.64618e+09,73.2,26.4618
1658189509,ALGOUSDT,Sell,116.3,0.3615,ZeroMinusTick,e88b21ef-a3cc-5bb0-b068-19c6b2965612,4.2042449999999995e+09,116.3,42.042449999999995
1658189509,ALGOUSDT,Sell,57.2,0.3615,ZeroMinusTick,97780eef-4302-51cf-868c-d586f6f06b4a,2.0677800000000002e+09,57.2,20.6778
1658189509,ALGOUSDT,Sell,125.4,0.3615,ZeroMinusTick,63a1a73d-d438-5b86-97b8-8ec168567904,4.53321e+09,125.4,45.332100000000004
1658189509,ALGOUSDT,Sell,1.1,0.3615,ZeroMinusTick,af4ed5a8-42b0-5526-8e1e-e9098593fd9f,3.9765e+07,1.1,0.39765
1658189509,ALGOUSDT,Sell,9.5,0.3615,ZeroMinusTick,c9a81ace-00b7-5c3d-bd88-aeafb174aadd,3.43425e+08,9.5,3.43425
1658189509,ALGOUSDT,Sell,104.4,0.3615,ZeroMinusTick,3abe7d40-0b52-593c-bc6b-b436a8203cc9,3.77406e+09,104.4,37.7406
1658189509,ALGOUSDT,Sell,0.1,0.3615,ZeroMinusTick,0bf27d89-3743-54db-a470-a9fe438e6b90,3.615e+06,0.1,0.03615
1658189509,ALGOUSDT,Sell,15.1,0.3615,ZeroMinusTick,60d1ea5a-3b7d-534f-be80-668dcb6ba1ed,5.45865e+08,15.1,5.45865
1658189509,ALGOUSDT,Sell,334.8,0.3615,ZeroMinusTick,a275fff3-1a3d-5752-872e-64d6f1818f28,1.210302e+10,334.8,121.0302
1658189509,ALGOUSDT,Sell,75.6,0.3615,ZeroMinusTick,ed9787e8-c8da-5777-9632-06fd3b9ddd65,2.7329399999999995e+09,75.6,27.329399999999996
1658189509,ALGOUSDT,Sell,7.6,0.3615,ZeroMinusTick,ca500ef9-3e0d-56a8-8d9c-b5aeb19878f8,2.7474e+08,7.6,2.7474
1658189509,ALGOUSDT,Sell,11.3,0.3615,ZeroMinusTick,1b1ebe5b-9329-5e9f-8fa5-09ec72c1b90a,4.08495e+08,11.3,4.08495
1658189509,ALGOUSDT,Sell,1.9,0.3615,ZeroMinusTick,7dfbfde6-fbba-57a7-ba83-7b0bede4a007,6.8685e+07,1.9,0.68685
1658189509,ALGOUSDT,Sell,54.1,0.3615,ZeroMinusTick,47896d73-9ef4-5155-a4bf-63e92081d3a9,1.955715e+09,54.1,19.55715
1658189509,ALGOUSDT,Sell,6.8,0.3615,ZeroMinusTick,a04a4a07-d34c-5637-8734-52cb6f39f172,2.4581999999999997e+08,6.8,2.4581999999999997
1658189509,ALGOUSDT,Sell,11.3,0.3615,ZeroMinusTick,391c7c81-93f6-581b-8ecb-d62f6de2c51d,4.08495e+08,11.3,4.08495
1658189509,ALGOUSDT,Sell,58.8,0.3615,ZeroMinusTick,8a4adab7-283d-5da7-a81a-cc8c9a78d136,2.12562e+09,58.8,21.2562
1658189509,ALGOUSDT,Sell,87.2,0.3615,ZeroMinusTick,69cdb644-4433-5c12-a9a3-04cf1c52123b,3.15228e+09,87.2,31.5228
1658189509,ALGOUSDT,Sell,1632.7,0.3615,ZeroMinusTick,372140f2-352e-50df-982c-c11cfce13c12,5.9022105e+10,1632.7,590.22105
1658189509,ALGOUSDT,Sell,5.6,0.3615,ZeroMinusTick,ccf8b6fb-e975-5ca3-8abc-169b0778d4f0,2.0244e+08,5.6,2.0244
1658189509,ALGOUSDT,Sell,163.6,0.3615,ZeroMinusTick,62e880d3-5c15-56f6-b2bd-92d00bd20187,5.91414e+09,163.6,59.1414
1658189509,ALGOUSDT,Sell,135.2,0.3615,ZeroMinusTick,83035146-f5fc-54f2-a5c5-47a8a71154a2,4.887479999999999e+09,135.2,48.87479999999999
1658189509,ALGOUSDT,Sell,0.9,0.3615,ZeroMinusTick,cd73551f-f8d0-5885-9ad3-76e245f25345,3.2534999999999996e+07,0.9,0.32535
1658189509,ALGOUSDT,Sell,6,0.3615,ZeroMinusTick,08d906b7-bdf6-5bfc-aa91-907b0cafb705,2.169e+08,6,2.169
1658189509,ALGOUSDT,Sell,1.4,0.3615,ZeroMinusTick,aae6c6a2-aad6-5dc9-8fc3-194257112c2d,5.061e+07,1.4,0.5061
1658189509,ALGOUSDT,Sell,58.9,0.3615,ZeroMinusTick,09026b16-cf5f-5cb3-b5ea-bdb8feea5029,2.129235e+09,58.9,21.29235
1658189509,ALGOUSDT,Sell,5.7,0.3615,ZeroMinusTick,83d21a48-64e5-5344-9e93-816819b91097,2.06055e+08,5.7,2.06055
1658189509,ALGOUSDT,Sell,30.2,0.3615,ZeroMinusTick,d82a30a8-c810-5d1e-aec2-70da9df08a65,1.09173e+09,30.2,10.9173
1658189509,ALGOUSDT,Sell,41.7,0.3615,ZeroMinusTick,6870caa8-a8e9-5eaf-b716-6bf7122c2644,1.507455e+09,41.7,15.07455
1658189509,ALGOUSDT,Sell,45.9,0.3615,ZeroMinusTick,4fb33238-99aa-505c-8daf-01e4cf5d6eff,1.6592849999999998e+09,45.9,16.59285
1658189509,ALGOUSDT,Sell,5.1,0.3615,ZeroMinusTick,5f3ff624-a088-5a82-b00d-06055b0fa76b,1.8436499999999997e+08,5.1,1.8436499999999998
1658189509,ALGOUSDT,Sell,33.8,0.3615,ZeroMinusTick,f6565fa5-3a98-5786-a22e-23647185b441,1.2218699999999998e+09,33.8,12.218699999999998
1658189509,ALGOUSDT,Sell,26.1,0.3615,ZeroMinusTick,76fe6284-3df5-5e1f-9630-4c9447af44fe,9.43515e+08,26.1,9.43515
1658189509,ALGOUSDT,Sell,9.9,0.3615,ZeroMinusTick,b095a6d0-9086-5da4-ab61-15d96ef07b02,3.57885e+08,9.9,3.57885
1658189509,ALGOUSDT,Sell,29.7,0.3615,ZeroMinusTick,f8ac64af-137c-5703-a317-1ef8b7f96a15,1.0736549999999999e+09,29.7,10.73655
1658189509,ALGOUSDT,Sell,24.7,0.3615,ZeroMinusTick,9536a680-2922-580c-8b06-5832e56a6e49,8.92905e+08,24.7,8.92905
1658189509,ALGOUSDT,Sell,46.7,0.3615,ZeroMinusTick,81140bdb-441b-548a-8370-5a125188fe95,1.688205e+09,46.7,16.88205
1658189509,ALGOUSDT,Sell,289.4,0.3615,ZeroMinusTick,95dbda3c-6103-565e-8bbb-72a377316695,1.0461809999999998e+10,289.4,104.61809999999998
1658189509,ALGOUSDT,Sell,6.2,0.3615,ZeroMinusTick,9faf5199-aa01-5c50-9b36-28ee5aa8c416,2.2412999999999997e+08,6.2,2.2413
1658189509,ALGOUSDT,Sell,81.8,0.3615,ZeroMinusTick,dc897a74-aefb-5862-863b-8597fc732c56,2.95707e+09,81.8,29.5707
1658189509,ALGOUSDT,Sell,32.6,0.3615,ZeroMinusTick,6d41ee7a-b098-53b5-a8b6-1283491a5813,1.17849e+09,32.6,11.7849
1658189509,ALGOUSDT,Sell,18.4,0.3615,ZeroMinusTick,8c3c88c2-a84b-5866-8372-0689b7eca2dc,6.651599999999999e+08,18.4,6.651599999999999
1658189509,ALGOUSDT,Sell,87,0.3615,ZeroMinusTick,fae0ab03-31e8-5e55-8dd1-45d64577f41c,3.14505e+09,87,31.450499999999998
1658189509,ALGOUSDT,Sell,133.1,0.3615,ZeroMinusTick,df7bf201-1f0b-5e9e-83fd-8b9fa6c5a576,4.811564999999999e+09,133.1,48.115649999999995
1658189509,ALGOUSDT,Sell,68,0.3615,ZeroMinusTick,9506a720-98cf-5aa8-8cb3-d7f1923468c2,2.4582e+09,68,24.582
1658189509,ALGOUSDT,Sell,39.9,0.3615,ZeroMinusTick,763d1922-8ec0-5753-aaa6-8f9e2c4d4c72,1.442385e+09,39.9,14.42385
1658189509,ALGOUSDT,Sell,218.2,0.3615,ZeroMinusTick,3a95ae1f-493a-5b78-81a7-20ff8e9fd4e3,7.887929999999999e+09,218.2,78.87929999999999
1658189509,ALGOUSDT,Sell,40.8,0.3615,ZeroMinusTick,0dc7d501-8081-5230-89bb-38a4e40d22d9,1.4749199999999998e+09,40.8,14.749199999999998
1658189509,ALGOUSDT,Sell,0.4,0.3615,ZeroMinusTick,14c14e83-7d89-563a-84c9-7895f3d93af5,1.446e+07,0.4,0.1446
1658189509,ALGOUSDT,Sell,71.4,0.3615,ZeroMinusTick,05e1f3ef-491a-5288-8f38-ce94a93d6333,2.58111e+09,71.4,25.8111
1658189509,ALGOUSDT,Sell,0.4,0.3615,ZeroMinusTick,2f2ea001-f9b0-59da-b47a-56abaf733570,1.446e+07,0.4,0.1446
1658189509,ALGOUSDT,Sell,71,0.3615,ZeroMinusTick,926ea2a3-4438-5180-9b13-0c0e675b4e32,2.56665e+09,71,25.6665
1658189516,ALGOUSDT,Buy,278,0.3620,PlusTick,0dfa5640-fd85-5b80-b10d-0d122babeb24,1.00636e+10,278,100.636
1658189516,ALGOUSDT,Buy,286.8,0.3620,ZeroMinusTick,be165697-884a-55e7-8ab2-c37710783c82,1.038216e+10,286.8,103.8216
1658189516,ALGOUSDT,Buy,1926.4,0.3620,ZeroMinusTick,2518e12c-1684-5a79-bedf-d399a1f99853,6.973568e+10,1926.4,697.3568
1658189518,ALGOUSDT,Sell,1379.9,0.3620,ZeroMinusTick,471e77fc-7eb2-5d66-bb25-03a4eaa184a9,4.995238e+10,1379.9,499.5238
1658189518,ALGOUSDT,Buy,3.2,0.3625,PlusTick,ee334cc8-b6ea-5fde-b7ba-8162feee43c6,1.1599999999999999e+08,3.2,1.16
1658189518,ALGOUSDT,Sell,4.6,0.3620,MinusTick,0bc130f6-0682-5730-be1e-8d81b7c92f28,1.6651999999999997e+08,4.6,1.6651999999999998
1658189525,ALGOUSDT,Buy,5.6,0.3620,ZeroMinusTick,928eb9e2-3163-5cb7-9403-5fff9e11b984,2.0271999999999997e+08,5.6,2.0271999999999997
1658189525,ALGOUSDT,Buy,2.6,0.3620,ZeroMinusTick,5b5c733c-d7bc-5afa-8392-96e48b1e8950,9.412e+07,2.6,0.9412
1658189525,ALGOUSDT,Buy,4.1,0.3620,ZeroMinusTick,83d110b5-b800-53f6-9ef6-f419764834f5,1.4841999999999997e+08,4.1,1.4841999999999997
1658189530,ALGOUSDT,Sell,14.3,0.3615,MinusTick,fc77031d-6f20-54cb-91b9-d10f16582e13,5.1694500000000006e+08,14.3,5.16945
1658189530,ALGOUSDT,Sell,490.5,0.3615,ZeroMinusTick,02c95d54-8487-5c17-8d5f-f6ac006dcc5e,1.7731574999999996e+10,490.5,177.31574999999998
1658189530,ALGOUSDT,Sell,6.1,0.3615,ZeroMinusTick,8fc0eee8-99af-50d0-b53c-69d4504816ef,2.2051499999999997e+08,6.1,2.2051499999999997
1658189531,ALGOUSDT,Sell,97.1,0.3615,ZeroMinusTick,3a670721-4166-5d7b-8a8f-dd3ced4a7f9b,3.510165e+09,97.1,35.10165
1658189541,ALGOUSDT,Buy,3358,0.3615,ZeroMinusTick,c86a79ab-21c6-5756-92a2-e208fbce64e4,1.2139169999999998e+11,3358,1213.917
1658189541,ALGOUSDT,Buy,448.8,0.3615,ZeroMinusTick,de3388be-4f19-5d57-b2bf-5d4f4e6f543c,1.622412e+10,448.8,162.2412
1658189541,ALGOUSDT,Buy,280,0.3615,ZeroMinusTick,95d061ef-55eb-5d11-815c-7e83873df0dc,1.0122e+10,280,101.22
1658189541,ALGOUSDT,Buy,278,0.3615,ZeroMinusTick,c5218412-75e7-5b3b-8893-e89d7484a9d5,1.00497e+10,278,100.497
1658189547,ALGOUSDT,Sell,1383.1,0.3615,ZeroMinusTick,faf39cb5-2fcf-50c3-b9b8-7c9e26163d1f,4.999906499999999e+10,1383.1,499.99064999999996
1658189547,ALGOUSDT,Sell,1974.9,0.3615,ZeroMinusTick,1b0cee77-0ad6-51a3-b797-0e412834b700,7.1392635e+10,1974.9,713.92635
1658189547,ALGOUSDT,Sell,4279.7,0.3615,ZeroMinusTick,a134dd39-f686-5bbe-b95e-361e067a61fc,1.54711155e+11,4279.7,1547.1115499999999
1658189547,ALGOUSDT,Sell,278,0.3615,ZeroMinusTick,ddee9578-ef2b-5ac3-a794-123c32e78343,1.00497e+10,278,100.497
1658189548,ALGOUSDT,Sell,490.5,0.3610,MinusTick,ace9cd24-b76b-5696-b98b-134016e9101c,1.770705e+10,490.5,177.07049999999998
1658189548,ALGOUSDT,Sell,278,0.3610,ZeroMinusTick,a08b445d-9645-5b81-ab98-7f2c2a0e1210,1.0035799999999998e+10,278,100.35799999999999
1658189550,ALGOUSDT,Buy,1000,0.3610,ZeroMinusTick,fb204670-a7a4-5621-a0ff-65ed1067480a,3.61e+10,1000,361
1658189550,ALGOUSDT,Buy,632.7,0.3610,ZeroMinusTick,19e81bd4-8407-5255-a5d6-bd4a033a83d6,2.2840470000000004e+10,632.7,228.40470000000002
1658189550,ALGOUSDT,Buy,752.3,0.3610,ZeroMinusTick,1fe1f48c-065b-54e7-840c-ac54248ea3c1,2.7158029999999996e+10,752.3,271.58029999999997
1658189553,ALGOUSDT,Buy,3.2,0.3615,PlusTick,ce0225a0-7ee2-50af-adf7-0f81d47791bc,1.1568e+08,3.2,1.1568
1658189553,ALGOUSDT,Buy,274.8,0.3615,ZeroMinusTick,50193990-e6d9-5960-8dcd-662b15fbddf6,9.93402e+09,274.8,99.3402
1658189553,ALGOUSDT,Buy,490.5,0.3615,ZeroMinusTick,667c1308-83d4-5eeb-8cec-05067b077a43,1.7731574999999996e+10,490.5,177.31574999999998
1658189553,ALGOUSDT,Buy,1000,0.3615,ZeroMinusTick,65a7a53e-1fec-5cd9-8105-8a4fe0c078e0,3.615e+10,1000,361.5
1658189553,ALGOUSDT,Buy,1383.1,0.3615,ZeroMinusTick,0a3424ec-1315-59b6-913e-6dcd7d8f4c21,4.999906499999999e+10,1383.1,499.99064999999996
1658189558,ALGOUSDT,Buy,1000,0.3620,PlusTick,68a9fa2a-0c32-5064-a0d3-16581548464c,3.62e+10,1000,362
1658189558,ALGOUSDT,Buy,3740.4,0.3620,ZeroMinusTick,3e9cf500-4239-50cd-ad98-f86eee7cd7d6,1.3540247999999998e+11,3740.4,1354.0248
1658189561,ALGOUSDT,Buy,1.9,0.3625,PlusTick,8fa0aadf-5432-58c4-9c98-988d3d59636a,6.8875e+07,1.9,0.68875
1658189563,ALGOUSDT,Sell,1380.1,0.3620,MinusTick,c1cb21e4-71c9-51d7-b888-6b0430dbe663,4.995961999999999e+10,1380.1,499.59619999999995
1658189563,ALGOUSDT,Sell,1225,0.3620,ZeroMinusTick,c376fde7-ec4f-5e8a-a261-99e4423262a8,4.4345e+10,1225,443.45
1658189563,ALGOUSDT,Buy,1632.7,0.3620,ZeroMinusTick,9e090b09-3c7a-5fa2-94de-07ba5d7dc58b,5.910374000000001e+10,1632.7,591.0374
1658189563,ALGOUSDT,Buy,3949.5,0.3620,ZeroMinusTick,6e57b25c-727c-513e-b977-c44a251c795f,1.429719e+11,3949.5,1429.719
1658189565,ALGOUSDT,Buy,5.3,0.3625,PlusTick,5b3d187e-e2ca-588c-b2b5-0e46547d7d29,1.92125e+08,5.3,1.92125
1658189565,ALGOUSDT,Buy,2.6,0.3625,ZeroMinusTick,bcaada71-9b23-5499-8783-1e82d4713159,9.425e+07,2.6,0.9425
1658189565,ALGOUSDT,Buy,3.6,0.3625,ZeroMinusTick,8e11b301-b649-518a-a751-daacc8167882,1.305e+08,3.6,1.305
1658189565,ALGOUSDT,Buy,232.5,0.3625,ZeroMinusTick,d6ee2bfe-4a19-5cb0-abeb-bb342d814dcf,8.428125e+09,232.5,84.28125
1658189566,ALGOUSDT,Buy,1000,0.3625,ZeroMinusTick,b5349836-32ce-5840-8fa5-eade7a38e396,3.625e+10,1000,362.5
1658189568,ALGOUSDT,Buy,0.1,0.3630,PlusTick,860a071f-11c3-577f-98d1-3c696c5c58f2,3.63e+06,0.1,0.0363
1658189568,ALGOUSDT,Buy,5.5,0.3630,ZeroMinusTick,ec676580-57f5-58b9-b0ec-f27e7ac1a098,1.9965e+08,5.5,1.9965
1658189568,ALGOUSDT,Buy,4,0.3630,ZeroMinusTick,b1561d7f-4e9b-54bf-8852-0a10faea5fa1,1.452e+08,4,1.452
1658189568,ALGOUSDT,Buy,6.6,0.3630,ZeroMinusTick,31f3a591-9cfe-5743-8bcf-c1a6935af595,2.3958e+08,6.6,2.3958
1658189568,ALGOUSDT,Buy,5.1,0.3630,ZeroMinusTick,2390a198-3a2b-558b-abd1-75b9c386fab1,1.8512999999999997e+08,5.1,1.8512999999999997
1658189568,ALGOUSDT,Buy,1000,0.3630,ZeroMinusTick,ecaeeed8-e13e-5bfc-a8f2-242522b3df16,3.63e+10,1000,363
1658189568,ALGOUSDT,Buy,2336.7,0.3630,ZeroMinusTick,624fdc98-012c-57ca-840e-1563df059dd6,8.482221e+10,2336.7,848.2221
1658189568,ALGOUSDT,Buy,3358,0.3630,ZeroMinusTick,0933e1ee-4638-5180-a738-e59069c97006,1.218954e+11,3358,1218.954
1658189569,ALGOUSDT,Sell,18.8,0.3625,MinusTick,f6574708-3abb-51aa-8db5-1a065301502c,6.815e+08,18.8,6.815
1658189569,ALGOUSDT,Buy,3358,0.3630,PlusTick,65aa1932-1337-5069-95d3-4f5da9254de6,1.218954e+11,3358,1218.954
1658189570,ALGOUSDT,Buy,1000,0.3630,ZeroMinusTick,20211d0f-f4af-56e7-b513-78334b0c703c,3.63e+10,1000,363
1658189576,ALGOUSDT,Sell,1663,0.3625,MinusTick,779839d6-775f-53d5-8ffc-a48ec633a54a,6.028375e+10,1663,602.8375
1658189576,ALGOUSDT,Sell,2742.4,0.3625,ZeroMinusTick,0115bc42-05b8-5eb9-86e7-047ad5c2452a,9.9412e+10,2742.4,994.12
1658189576,ALGOUSDT,Sell,5.1,0.3625,ZeroMinusTick,769446c7-63c1-5770-8ce7-0a368f7d23bc,1.84875e+08,5.1,1.84875
1658189576,ALGOUSDT,Sell,278,0.3625,ZeroMinusTick,e4078742-9b9b-5348-8dce-7284b659ea87,1.00775e+10,278,100.77499999999999
1658189576,ALGOUSDT,Sell,1000,0.3625,ZeroMinusTick,7daf99ff-d210-5ca0-8f22-3663a9546809,3.625e+10,1000,362.5
1658189577,ALGOUSDT,Buy,853.7,0.3625,ZeroMinusTick,726c7614-729d-5e85-87b5-484869f43879,3.0946625e+10,853.7,309.46625
1658189577,ALGOUSDT,Buy,604.3,0.3625,ZeroMinusTick,9b7f112a-1df4-5f30-9641-c4e9cff3b27e,2.1905874999999996e+10,604.3,219.05874999999997
1658189578,ALGOUSDT,Buy,549.3,0.3625,ZeroMinusTick,d047002e-6451-5085-b6f8-214e66df5bee,1.9912124999999996e+10,549.3,199.12124999999997
1658189578,ALGOUSDT,Buy,71.4,0.3625,ZeroMinusTick,beb7cc43-d6ea-5995-ab82-d97e66bc0709,2.58825e+09,71.4,25.8825
1658189578,ALGOUSDT,Buy,477.9,0.3625,ZeroMinusTick,14a83f96-dd1e-5196-93e6-c817dac400d8,1.7323875e+10,477.9,173.23874999999998
1658189578,ALGOUSDT,Buy,522.1,0.3625,ZeroMinusTick,7dd2e052-f3c9-5fc9-a37e-25e76dfd2ae4,1.8926125e+10,522.1,189.26125
1658189579,ALGOUSDT,Buy,702.5,0.3630,PlusTick,fb2542b1-4dfa-576a-8da5-768b86179060,2.550075e+10,702.5,255.0075
1658189579,ALGOUSDT,Buy,456.4,0.3630,ZeroMinusTick,92fedd34-2bcd-5725-9890-72d5c779aa66,1.6567319999999998e+10,456.4,165.67319999999998
1658189579,ALGOUSDT,Buy,1132.7,0.3630,ZeroMinusTick,23152b90-f9ce-5144-a4d4-c6738cf92162,4.111701e+10,1132.7,411.1701
1658189579,ALGOUSDT,Buy,633.9,0.3630,ZeroMinusTick,a025e5f8-1bca-57b8-b85b-8531492758b9,2.301057e+10,633.9,230.10569999999998
1658189582,ALGOUSDT,Sell,2.4,0.3625,MinusTick,e5734d36-e1a1-5382-ae87-4f801f8ad77c,8.7e+07,2.4,0.87
1658189583,ALGOUSDT,Sell,2.3,0.3625,ZeroMinusTick,23a23943-56cf-5c89-a534-9f60a5a1eb98,8.337499999999999e+07,2.3,0.8337499999999999
1658189583,ALGOUSDT,Sell,3.8,0.3625,ZeroMinusTick,f5ae8289-66da-56f2-b731-ccf46e8b1efb,1.3775e+08,3.8,1.3775
1658189584,ALGOUSDT,Buy,574.5,0.3625,ZeroMinusTick,bfc6b0bf-7fe8-518d-98dd-e816ce6b15d8,2.0825625e+10,574.5,208.25625
1658189584,ALGOUSDT,Buy,425.5,0.3625,ZeroMinusTick,14035a88-cfc5-5014-9970-e9e7332e9cb6,1.5424375e+10,425.5,154.24375
1658189584,ALGOUSDT,Buy,776.3,0.3625,ZeroMinusTick,68c182e7-df5a-5d2e-808f-7e4c3ce2ac68,2.8140875e+10,776.3,281.40875
1658189584,ALGOUSDT,Buy,448.7,0.3625,ZeroMinusTick,544a0ac5-50cc-5e5d-a16e-65d02a1edcb9,1.6265375e+10,448.7,162.65375
1658189588,ALGOUSDT,Sell,3358,0.3625,ZeroMinusTick,458d2668-1b36-59a2-8337-ba1bf5e8746a,1.2172749999999998e+11,3358,1217.2749999999999
1658189588,ALGOUSDT,Sell,116.9,0.3625,ZeroMinusTick,de822c04-4545-54e9-934c-08a2403ad516,4.237625e+09,116.9,42.37625
1658189588,ALGOUSDT,Sell,3480.2,0.3625,ZeroMinusTick,af6a58f7-749c-5a88-8ecf-5f09afdc7dce,1.2615725e+11,3480.2,1261.5725
1658189590,ALGOUSDT,Sell,280,0.3620,MinusTick,8c2f01d6-0caf-53b0-bdef-9da8f4421714,1.0136e+10,280,101.36
1658189590,ALGOUSDT,Sell,3017.5,0.3620,ZeroMinusTick,1fac1cb6-9c12-5e8c-8fb4-1dec7f1e2d82,1.092335e+11,3017.5,1092.335
1658189592,ALGOUSDT,Buy,806.1,0.3620,ZeroMinusTick,ab1cd2c9-5b43-5740-a0ab-c77f511415ea,2.918082e+10,806.1,291.8082
1658189592,ALGOUSDT,Buy,1000,0.3620,ZeroMinusTick,bfc74755-e45d-5e1e-9c6b-7919a6d6b4f2,3.62e+10,1000,362
1658189592,ALGOUSDT,Buy,1381.7,0.3620,ZeroMinusTick,2fc4b701-b00e-5462-8236-d8b9511ee026,5.001754e+10,1381.7,500.1754
1658189592,ALGOUSDT,Buy,253.9,0.3620,ZeroMinusTick,5dbea252-a734-5771-843c-dbbebd7df090,9.19118e+09,253.9,91.9118
1658189592,ALGOUSDT,Buy,2.7,0.3620,ZeroMinusTick,48526122-52b8-50c3-873e-068e5555eae8,9.774e+07,2.7,0.9774
1658189592,ALGOUSDT,Buy,35.8,0.3620,ZeroMinusTick,29e63407-2efc-52ac-87cc-b754328c90e0,1.2959599999999998e+09,35.8,12.959599999999998
1658189596,ALGOUSDT,Sell,1000,0.3615,MinusTick,bd86c8c3-fd2b-5a12-8afa-2f3fb523fe97,3.615e+10,1000,361.5
1658189596,ALGOUSDT,Sell,541.1,0.3615,ZeroMinusTick,efd64c62-6756-5783-95b3-292735d719fc,1.9560765e+10,541.1,195.60765
1658189597,ALGOUSDT,Sell,10.6,0.3615,ZeroMinusTick,d7b07aa2-673a-5ee3-8eb6-67b7b4f3395d,3.8318999999999994e+08,10.6,3.8318999999999996
1658189598,ALGOUSDT,Buy,2.9,0.3615,ZeroMinusTick,5c8f9c88-03b1-59bd-9217-4c66a608ac46,1.0483499999999999e+08,2.9,1.04835
1658189598,ALGOUSDT,Buy,4.4,0.3615,ZeroMinusTick,fc41f2a6-0b94-504f-a510-76ce85d367d3,1.5906e+08,4.4,1.5906
1658189598,ALGOUSDT,Sell,162.6,0.3610,MinusTick,13feb2f7-0620-5cb3-8b6e-918ae740e751,5.86986e+09,162.6,58.6986
1658189602,ALGOUSDT,Buy,992.7,0.3615,PlusTick,a171ef96-537a-5f35-8a31-04c873b898ea,3.5886105e+10,992.7,358.86105
1658189602,ALGOUSDT,Buy,670.3,0.3615,ZeroMinusTick,c2576068-0164-5d5e-b7e2-e982ab8b04c4,2.4231345e+10,670.3,242.31345
1658189602,ALGOUSDT,Buy,1544.2,0.3615,ZeroMinusTick,87f867df-4d62-50f7-b0ba-95a3a1d46e90,5.582283e+10,1544.2,558.2283
1658189602,ALGOUSDT,Buy,118.8,0.3615,ZeroMinusTick,8788c045-3100-5158-8601-85a6c87ce7d8,4.2946199999999995e+09,118.8,42.9462
1658189602,ALGOUSDT,Buy,10.6,0.3615,ZeroMinusTick,34cbd56a-ba04-5dbe-af8f-331bf77a81f0,3.8318999999999994e+08,10.6,3.8318999999999996
1658189602,ALGOUSDT,Buy,267.4,0.3615,ZeroMinusTick,08e28a80-a2a3-56c0-b448-f0b8e3977e70,9.66651e+09,267.4,96.6651
1658189602,ALGOUSDT,Buy,2214.5,0.3615,ZeroMinusTick,62cec74a-3fae-50cf-930b-e3911927c6ea,8.0054175e+10,2214.5,800.54175
1658189602,ALGOUSDT,Buy,3.8,0.3620,PlusTick,dd41f6ce-579a-571f-ac28-5078c3ac94ca,1.3756e+08,3.8,1.3756
1658189602,ALGOUSDT,Buy,2.3,0.3620,ZeroMinusTick,b5b531ba-d7a9-5310-a5f4-e4bce0c453d1,8.325999999999999e+07,2.3,0.8325999999999999
1658189605,ALGOUSDT,Buy,490.5,0.3620,ZeroMinusTick,37fb7fe2-2745-5054-aef9-55910c3ac738,1.77561e+10,490.5,177.561
1658189605,ALGOUSDT,Buy,1000,0.3620,ZeroMinusTick,f44477f1-d7d2-5643-b79a-d1030b3a4637,3.62e+10,1000,362
1658189605,ALGOUSDT,Buy,142.2,0.3620,ZeroMinusTick,506f89c6-14c6-5ca5-bf09-767eea5cb7be,5.147639999999999e+09,142.2,51.47639999999999
1658189605,ALGOUSDT,Buy,1520.8,0.3620,ZeroMinusTick,06826915-f909-5ec6-8292-8576a6f5e755,5.505295999999999e+10,1520.8,550.5296
1658189608,ALGOUSDT,Sell,20.6,0.3620,ZeroMinusTick,9fae0b31-4e9d-5c12-a9b4-0a2df145d65b,7.4572e+08,20.6,7.4572
1658189615,ALGOUSDT,Sell,3.8,0.3620,ZeroMinusTick,5cf41ed7-0174-5160-a390-7a90fcb1c3e7,1.3756e+08,3.8,1.3756
1658189619,ALGOUSDT,Buy,1000,0.3620,ZeroMinusTick,3e5d769d-8620-5d58-94fd-e6e9ae9ac546,3.62e+10,1000,362
1658189620,ALGOUSDT,Sell,0.4,0.3620,ZeroMinusTick,0cb0d0cf-6c47-528a-bd83-64dd58fa5dd4,1.4480000000000002e+07,0.4,0.1448
1658189622,ALGOUSDT,Sell,0.1,0.3620,ZeroMinusTick,9aa263ad-5a7e-5f45-9c07-b3d0df681f58,3.6200000000000005e+06,0.1,0.0362
1658189623,ALGOUSDT,Buy,1000,0.3620,ZeroMinusTick,c5a09a74-8cc9-5794-87b4-7f06a7e3777f,3.62e+10,1000,362
1658189629,ALGOUSDT,Buy,1000,0.3620,ZeroMinusTick,0a5bf129-c366-5663-b809-ac7091b32a01,3.62e+10,1000,362
1658189635,ALGOUSDT,Buy,1000,0.3620,ZeroMinusTick,816e7490-3362-5db3-b2a2-1a6029dcbe4f,3.62e+10,1000,362
1658189635,ALGOUSDT,Buy,663,0.3620,ZeroMinusTick,ab9f1488-269a-5565-af36-d26d6dc8200c,2.40006e+10,663,240.006
1658189635,ALGOUSDT,Buy,1381.3,0.3620,ZeroMinusTick,cb82e741-4078-5fe2-b100-bb423f8449e6,5.000306e+10,1381.3,500.0306
1658189640,ALGOUSDT,Sell,18.7,0.3620,ZeroMinusTick,a5740596-3577-5de5-a9dc-7ea00295fde1,6.769399999999999e+08,18.7,6.769399999999999
1658189643,ALGOUSDT,Sell,1380.4,0.3620,ZeroMinusTick,7306fa4c-2d7e-5473-b60a-9a69c8e19b56,4.997048e+10,1380.4,499.70480000000003
1658189650,ALGOUSDT,Sell,3.3,0.3615,MinusTick,092d5565-921f-5468-ab7d-31c368cc9a35,1.19295e+08,3.3,1.19295
1658189650,ALGOUSDT,Sell,338.8,0.3615,ZeroMinusTick,1d8517da-c365-5461-9520-6aad11016d00,1.224762e+10,338.8,122.4762
1658189650,ALGOUSDT,Buy,1320.9,0.3615,ZeroMinusTick,f24529dc-eabe-5896-902c-a8c0c4e2ae5a,4.7750535e+10,1320.9,477.50535
1658189650,ALGOUSDT,Buy,1445.1,0.3615,ZeroMinusTick,631d1c9c-03b5-5cc0-adf2-eb3ff12d40f4,5.2240365e+10,1445.1,522.40365
1658189660,ALGOUSDT,Sell,3.4,0.3610,MinusTick,254d3a1d-dee9-5653-bc32-9ba7cd686330,1.2273999999999999e+08,3.4,1.2273999999999998
1658189660,ALGOUSDT,Sell,4.8,0.3610,ZeroMinusTick,f10c34ef-2c7f-5c13-a43b-73ffedbf9130,1.7328e+08,4.8,1.7328
1658189660,ALGOUSDT,Sell,1382.7,0.3610,ZeroMinusTick,70e1a939-e057-55ee-8499-2ddcafb24074,4.991547e+10,1382.7,499.1547
1658189661,ALGOUSDT,Buy,1632.7,0.3610,ZeroMinusTick,f0a42631-f262-579d-a0dc-6c30d2e95902,5.894047000000001e+10,1632.7,589.4047
1658189661,ALGOUSDT,Buy,30.3,0.3610,ZeroMinusTick,c8b7d7c5-8465-52e3-918a-e1f046b831c4,1.09383e+09,30.3,10.9383
1658189662,ALGOUSDT,Sell,1384.4,0.3610,ZeroMinusTick,ff2e6271-d3bc-5261-861b-bf4276776106,4.997684000000001e+10,1384.4,499.76840000000004
1658189663,ALGOUSDT,Buy,1000,0.3610,ZeroMinusTick,73e4c70a-e3a8-59bb-b9b8-58529800e6c4,3.61e+10,1000,361
1658189666,ALGOUSDT,Buy,278,0.3615,PlusTick,da492320-1af6-5ccf-8c44-f36037ac7171,1.00497e+10,278,100.497
1658189666,ALGOUSDT,Buy,490.5,0.3615,ZeroMinusTick,7a0e57e8-bb9d-5a6d-8151-bf53cafc4dfc,1.7731574999999996e+10,490.5,177.31574999999998
1658189666,ALGOUSDT,Buy,894.5,0.3615,ZeroMinusTick,a39a0910-7cfe-50fd-9402-a3ce01624899,3.2336174999999996e+10,894.5,323.36175
1658189666,ALGOUSDT,Buy,1663,0.3615,ZeroMinusTick,f2e6f1a5-0b31-57f3-b74e-1fa2ca07a61f,6.011745e+10,1663,601.1745
1658189666,ALGOUSDT,Buy,854.8,0.3615,ZeroMinusTick,93e1b7e0-a43a-5600-ad3e-61df23bccfa2,3.090102e+10,854.8,309.0102
1658189666,ALGOUSDT,Buy,1000,0.3615,ZeroMinusTick,b68827d7-e18d-5bcf-a741-839323a88b4a,3.615e+10,1000,361.5
1658189675,ALGOUSDT,Buy,274.1,0.3615,ZeroMinusTick,b896eb0d-df10-52be-baf1-f7a217288f4f,9.908715e+09,274.1,99.08715000000001
1658189675,ALGOUSDT,Buy,618.2,0.3615,ZeroMinusTick,0876b354-23f2-5b63-82e1-35896e7f474f,2.234793e+10,618.2,223.4793
1658189675,ALGOUSDT,Buy,107.7,0.3615,ZeroMinusTick,e6d64db6-1b31-5c9a-9140-2f2cfdce95fb,3.8933549999999995e+09,107.7,38.93355
1658189675,ALGOUSDT,Buy,538.6,0.3615,ZeroMinusTick,db16a886-844f-5e45-9d12-1ae817c1f605,1.947039e+10,538.6,194.7039
1658189675,ALGOUSDT,Buy,1225,0.3615,ZeroMinusTick,83863215-d55e-586c-95f0-1d1870cbdcef,4.428375e+10,1225,442.8375
1658189675,ALGOUSDT,Buy,438,0.3615,ZeroMinusTick,48926388-8402-5254-a745-217b477467f9,1.5833699999999998e+10,438,158.337
1658189675,ALGOUSDT,Buy,1194.7,0.3615,ZeroMinusTick,514423e1-9495-5823-89d1-1dbdc7f293f1,4.3188405e+10,1194.7,431.88405
1658189685,ALGOUSDT,Sell,1384.4,0.3610,MinusTick,6c7e357a-5f22-52b8-bd67-83fb4f97f263,4.997684000000001e+10,1384.4,499.76840000000004
1658189685,ALGOUSDT,Sell,3.7,0.3610,ZeroMinusTick,b7f42e73-3a8d-5e26-b7e0-a02a5306db3e,1.3357000000000001e+08,3.7,1.3357
1658189685,ALGOUSDT,Sell,490.5,0.3610,ZeroMinusTick,b19bbfe2-0956-555e-aa4f-e0478307d067,1.770705e+10,490.5,177.07049999999998
1658189685,ALGOUSDT,Sell,2.3,0.3610,ZeroMinusTick,c598b73a-5fca-5939-8271-d2c3ae11d43c,8.303e+07,2.3,0.8302999999999999
1658189685,ALGOUSDT,Sell,1934.1,0.3610,ZeroMinusTick,a5aadf52-6695-5cd4-bf4d-138d893c18c5,6.982100999999998e+10,1934.1,698.2100999999999
1658189691,ALGOUSDT,Sell,1384.4,0.3610,ZeroMinusTick,3baa2952-572b-59ec-a49a-1bf5b7695a14,4.997684000000001e+10,1384.4,499.76840000000004
1658189715,ALGOUSDT,Buy,1000,0.3610,ZeroMinusTick,81a5751d-4c45-5f13-883a-966cb85bc17c,3.61e+10,1000,361
1658189715,ALGOUSDT,Buy,1384.9,0.3610,ZeroMinusTick,af04f7f8-bfa6-5abe-afe9-ca8d5a10f7fc,4.999489e+10,1384.9,499.94890000000004
1658189721,ALGOUSDT,Buy,0.5,0.3615,PlusTick,a96b204b-3d60-5d55-a637-195e4ebf3ff6,1.8075e+07,0.5,0.18075
1658189722,ALGOUSDT,Sell,1384.6,0.3610,MinusTick,63bd4ebb-630f-592e-a41c-fe3da2b9a360,4.998405999999999e+10,1384.6,499.84059999999994
1658189726,ALGOUSDT,Buy,1000,0.3610,ZeroMinusTick,9cef1a99-8ce8-5579-89a2-c611059b1975,3.61e+10,1000,361
1658189729,ALGOUSDT,Sell,1384.3,0.3610,ZeroMinusTick,e1d62e34-ce46-50af-b834-7cf282af7eff,4.997322999999999e+10,1384.3,499.73229999999995
1658189730,ALGOUSDT,Buy,1000,0.3610,ZeroMinusTick,0a603a42-4147-5b47-80b9-a1f4b9abe53c,3.61e+10,1000,361
1658189730,ALGOUSDT,Buy,1384.9,0.3610,ZeroMinusTick,490a7ed4-a28f-527d-97c1-b052ec638c0b,4.999489e+10,1384.9,499.94890000000004
1658189731,ALGOUSDT,Buy,1000,0.3610,ZeroMinusTick,71f08b31-9dfe-5b3f-b5eb-0d0b19ee76bb,3.61e+10,1000,361
1658189735,ALGOUSDT,Buy,1000,0.3610,ZeroMinusTick,9280bce8-5e7a-5a7c-9481-dde298933a56,3.61e+10,1000,361
1658189735,ALGOUSDT,Buy,1225,0.3610,ZeroMinusTick,30337371-3b0b-58f2-aa6c-b5bf7d4e9c8c,4.42225e+10,1225,442.22499999999997
1658189735,ALGOUSDT,Buy,1384.9,0.3610,ZeroMinusTick,9055047d-30e9-5708-a928-e443a3114703,4.999489e+10,1384.9,499.94890000000004
1658189735,ALGOUSDT,Buy,490.5,0.3610,ZeroMinusTick,abb8e171-a10f-516e-8862-2ece94ca3639,1.770705e+10,490.5,177.07049999999998
1658189742,ALGOUSDT,Sell,1384.4,0.3610,ZeroMinusTick,f074c16b-17a2-5be3-92d7-7441bfebd7d0,4.997684000000001e+10,1384.4,499.76840000000004
1658189743,ALGOUSDT,Buy,3940.8,0.3610,ZeroMinusTick,c0f41a4a-8286-5a11-a9be-55569af11aff,1.4226288e+11,3940.8,1422.6288
1658189743,ALGOUSDT,Buy,1385,0.3610,ZeroMinusTick,9ced6408-6a9c-5208-8153-d7626ce12c52,4.999849999999999e+10,1385,499.98499999999996
1658189758,ALGOUSDT,Sell,1384.4,0.3610,ZeroMinusTick,42a6a79b-86b6-500c-bd45-95f294a665df,4.997684000000001e+10,1384.4,499.76840000000004
1658189758,ALGOUSDT,Sell,1000,0.3610,ZeroMinusTick,7017c277-1782-539b-92f4-ff0054e58d7f,3.61e+10,1000,361
1658189778,ALGOUSDT,Sell,540.9,0.3605,MinusTick,812741ab-ab72-5f3e-858d-c29845cad6f1,1.9499444999999996e+10,540.9,194.99444999999997
1658189778,ALGOUSDT,Sell,3,0.3605,ZeroMinusTick,3764d758-420d-527c-8abb-585a8fe87b85,1.0814999999999999e+08,3,1.0815
1658189778,ALGOUSDT,Sell,2.4,0.3605,ZeroMinusTick,590e13a3-aac5-5065-9eb1-4687c7ae0562,8.652e+07,2.4,0.8652
1658189781,ALGOUSDT,Buy,1000,0.3605,ZeroMinusTick,b5875c79-5ab5-5983-9280-d54ef283a0b9,3.605e+10,1000,360.5
1658189781,ALGOUSDT,Buy,1229.2,0.3605,ZeroMinusTick,fd39df35-4b85-558e-bbf6-1e882d4fae35,4.431266e+10,1229.2,443.1266
1658189781,ALGOUSDT,Buy,991.3,0.3605,ZeroMinusTick,19340e56-fccf-541e-9671-0fceebcf4169,3.573636499999999e+10,991.3,357.36364999999995
1658189781,ALGOUSDT,Buy,2,0.3610,PlusTick,2e47c6aa-44e8-5e4b-9940-a0c16d3b0440,7.22e+07,2,0.722
1658189794,ALGOUSDT,Sell,528.1,0.3600,MinusTick,823e328a-9662-5792-a0eb-885503ef8a4f,1.90116e+10,528.1,190.116
1658189794,ALGOUSDT,Sell,113.6,0.3600,ZeroMinusTick,63913272-e135-5c9e-9b76-3708577f1063,4.0895999999999995e+09,113.6,40.895999999999994
1658189794,ALGOUSDT,Sell,29.7,0.3600,ZeroMinusTick,80967207-df9d-54f9-ac16-cf0b17ef7e63,1.0692e+09,29.7,10.692
1658189794,ALGOUSDT,Sell,73.8,0.3600,ZeroMinusTick,0392cf24-1d73-5e0e-bcb9-43e39d4ed0a6,2.6568e+09,73.8,26.567999999999998
1658189794,ALGOUSDT,Sell,19.3,0.3600,ZeroMinusTick,00559626-bcb9-5fb9-94f2-27bca757cf7e,6.948e+08,19.3,6.948
1658189794,ALGOUSDT,Sell,172.1,0.3600,ZeroMinusTick,d381bffd-5006-5521-9d1f-e6f0e88f21ea,6.1956e+09,172.1,61.955999999999996
1658189794,ALGOUSDT,Sell,696.1,0.3600,ZeroMinusTick,4657db39-16bf-56f9-b607-9153b428de26,2.50596e+10,696.1,250.596
1658189794,ALGOUSDT,Sell,341.6,0.3600,ZeroMinusTick,aad7d7b5-01c9-50fd-9728-68f1bfe80a21,1.22976e+10,341.6,122.976
1658189794,ALGOUSDT,Sell,3.9,0.3600,ZeroMinusTick,51e9b8f1-c7b5-503a-9137-d72278a33fb5,1.404e+08,3.9,1.404
1658189794,ALGOUSDT,Sell,1386.8,0.3600,ZeroMinusTick,e2fabf4c-a216-520e-93b0-baf7a0f4f496,4.99248e+10,1386.8,499.248
1658189794,ALGOUSDT,Sell,3.5,0.3600,ZeroMinusTick,6b445538-dc61-5cc9-ac46-af4524c82133,1.26e+08,3.5,1.26
1658189795,ALGOUSDT,Buy,3.1,0.3600,ZeroMinusTick,88f32209-3e6b-59ef-b1f3-03547596127c,1.1159999999999999e+08,3.1,1.1159999999999999
1658189798,ALGOUSDT,Sell,490.5,0.3595,MinusTick,4d1595a4-f883-57bd-bd2e-b91a3088555e,1.7633475e+10,490.5,176.33474999999999
1658189798,ALGOUSDT,Sell,5.1,0.3595,ZeroMinusTick,b3ce3592-e7b5-5699-8cf2-e413b6654946,1.8334499999999997e+08,5.1,1.8334499999999998
1658189798,ALGOUSDT,Sell,6.2,0.3595,ZeroMinusTick,82d1e2cc-4815-5e80-8fe1-9b2fefe60256,2.2289e+08,6.2,2.2289
1658189798,ALGOUSDT,Sell,4.6,0.3595,ZeroMinusTick,2865eb55-12bf-5344-ac6e-ea1982184a71,1.6536999999999997e+08,4.6,1.6536999999999997
1658189799,ALGOUSDT,Sell,110,0.3595,ZeroMinusTick,2b3cd0be-fd19-552b-8efa-a8f48c917554,3.9545e+09,110,39.545
1658189805,ALGOUSDT,Sell,2.5,0.3590,MinusTick,c6dfc0e6-ac2f-516f-91bc-a85776ae2184,8.975e+07,2.5,0.8975
1658189805,ALGOUSDT,Sell,2.5,0.3590,ZeroMinusTick,62c3bde9-aab8-5d0f-b94b-4470af10c6f7,8.975e+07,2.5,0.8975
1658189805,ALGOUSDT,Sell,2,0.3590,ZeroMinusTick,c51859fd-6bba-5101-b1e6-87377255e70c,7.18e+07,2,0.718
1658189805,ALGOUSDT,Sell,18.1,0.3590,ZeroMinusTick,1745012e-c7c9-510a-9f0c-9791534bccc0,6.4979e+08,18.1,6.4979000000000005
1658189805,ALGOUSDT,Sell,1,0.3590,ZeroMinusTick,3b980ab8-d72f-5704-a294-14b70a1b166a,3.59e+07,1,0.359
1658189805,ALGOUSDT,Sell,6.7,0.3590,ZeroMinusTick,71a0f805-63e1-5daa-b23c-b83abc3693ab,2.4053e+08,6.7,2.4053
1658189805,ALGOUSDT,Sell,1000,0.3590,ZeroMinusTick,b33a74b3-0c4d-5a24-9287-4df800f245ca,3.59e+10,1000,359
1658189805,ALGOUSDT,Sell,1225,0.3590,ZeroMinusTick,031d0143-2921-5e2b-afdf-b53b8c533860,4.39775e+10,1225,439.775
1658189805,ALGOUSDT,Sell,1390.4,0.3590,ZeroMinusTick,9baf046f-0b06-5e7a-87ea-f63cfa50168b,4.991536000000001e+10,1390.4,499.15360000000004
1658189805,ALGOUSDT,Sell,1351.8,0.3590,ZeroMinusTick,b43541f5-9522-5ba5-adfd-9a5ea813f2b0,4.852961999999999e+10,1351.8,485.29619999999994
1658189805,ALGOUSDT,Sell,99.1,0.3590,ZeroMinusTick,052dc305-4a92-54a7-ab9e-49d5a5386475,3.5576899999999995e+09,99.1,35.576899999999995
1658189805,ALGOUSDT,Sell,251.7,0.3590,ZeroMinusTick,9b00df8a-089e-5a30-b829-219c33ae08ea,9.03603e+09,251.7,90.3603
1658189805,ALGOUSDT,Sell,274.1,0.3590,ZeroMinusTick,eef73e80-b7e8-5f71-ba9e-966a67505da8,9.84019e+09,274.1,98.4019
1658189805,ALGOUSDT,Sell,13.7,0.3590,ZeroMinusTick,b85a61d9-72e6-5ca2-8d02-20f73f177580,4.9182999999999994e+08,13.7,4.9182999999999995
1658189805,ALGOUSDT,Sell,205.5,0.3590,ZeroMinusTick,83a3d878-8ff1-5a44-bb99-440dd0c2f156,7.37745e+09,205.5,73.7745
1658189812,ALGOUSDT,Buy,5.5,0.3590,ZeroMinusTick,c55bcf2d-657e-57d0-9ffb-b079d1d73e49,1.9745e+08,5.5,1.9745
1658189812,ALGOUSDT,Buy,2.4,0.3590,ZeroMinusTick,94b096fb-8d23-57b5-8706-a612104fbfc5,8.615999999999999e+07,2.4,0.8615999999999999
1658189812,ALGOUSDT,Buy,3.9,0.3590,ZeroMinusTick,0e8513be-9bb1-54b1-8f39-a12d7266a982,1.4001e+08,3.9,1.4001
1658189813,ALGOUSDT,Sell,111,0.3585,MinusTick,aa5210d1-b82f-55da-bdb5-aeb905cd5fde,3.97935e+09,111,39.7935
1658189813,ALGOUSDT,Sell,1632.7,0.3585,ZeroMinusTick,d4048982-c47f-58cf-9132-00e68f44065f,5.8532295e+10,1632.7,585.32295
1658189813,ALGOUSDT,Sell,490.5,0.3585,ZeroMinusTick,5d2a8231-9660-5382-91f2-90bd90297717,1.7584425e+10,490.5,175.84425
1658189813,ALGOUSDT,Sell,1000,0.3585,ZeroMinusTick,2901c564-f4ae-5ed8-9af7-6bb5bb6aa047,3.585e+10,1000,358.5
1658189816,ALGOUSDT,Buy,1632.7,0.3585,ZeroMinusTick,5020e067-f2e6-5bb6-9b77-7752cb6428f1,5.8532295e+10,1632.7,585.32295
1658189816,ALGOUSDT,Buy,1225,0.3585,ZeroMinusTick,8a145000-954a-527b-b2ef-974a51360a2d,4.391625e+10,1225,439.16249999999997
1658189816,ALGOUSDT,Buy,500.3,0.3585,ZeroMinusTick,e284dac0-b802-58a6-8524-57e0a49219fe,1.7935755e+10,500.3,179.35755
1658189816,ALGOUSDT,Buy,499.7,0.3585,ZeroMinusTick,8d645886-d9a9-5f5c-a302-02e536180d05,1.7914245e+10,499.7,179.14245
1658189816,ALGOUSDT,Buy,278,0.3585,ZeroMinusTick,851a5042-0381-569b-ba42-e41bd6498178,9.9663e+09,278,99.663
1658189816,ALGOUSDT,Sell,2580.3,0.3585,ZeroMinusTick,4f594eb2-09bc-540c-b3f8-adef3f522be8,9.2503755e+10,2580.3,925.03755
1658189816,ALGOUSDT,Buy,1000,0.3585,ZeroMinusTick,7ebc84ab-fc7c-5bc1-862f-5aaf23e75d1e,3.585e+10,1000,358.5
1658189817,ALGOUSDT,Buy,3.8,0.3590,PlusTick,c9a0ccd6-5722-59bc-b6c2-01cb41ff9940,1.3642e+08,3.8,1.3641999999999999
1658189817,ALGOUSDT,Buy,5.4,0.3590,ZeroMinusTick,7491509e-4035-5e37-b22d-9705fd3d33d2,1.9386e+08,5.4,1.9386
1658189817,ALGOUSDT,Sell,6.9,0.3585,MinusTick,4ac6701e-214c-52d6-9fcc-ac87e48f5e66,2.47365e+08,6.9,2.47365
1658189829,ALGOUSDT,Buy,278,0.3590,PlusTick,f4183f2b-97ad-5ae8-b9db-a938469eb1ee,9.9802e+09,278,99.80199999999999
1658189835,ALGOUSDT,Sell,2.5,0.3590,ZeroMinusTick,d8e0e5f5-3330-50b5-afc7-0c4601d19627,8.975e+07,2.5,0.8975
1658189835,ALGOUSDT,Buy,278,0.3595,PlusTick,8e31d6ef-880c-5782-ba3f-6650f3f39eac,9.9941e+09,278,99.941
1658189835,ALGOUSDT,Buy,1632.7,0.3595,ZeroMinusTick,871a675a-5ac4-55cb-bada-c9b6ec810ee0,5.8695565e+10,1632.7,586.95565
1658189835,ALGOUSDT,Buy,490.5,0.3595,ZeroMinusTick,0ea8f19d-f163-56f2-a2f9-6c471c9c5bf0,1.7633475e+10,490.5,176.33474999999999
1658189835,ALGOUSDT,Buy,3.9,0.3595,ZeroMinusTick,dd4c0252-7afc-5b6b-ad7a-c87962bfb108,1.40205e+08,3.9,1.40205
1658189835,ALGOUSDT,Buy,2525.5,0.3595,ZeroMinusTick,cac6f5bc-41cf-5b3e-90e3-099b59e9da77,9.0791725e+10,2525.5,907.91725
1658189838,ALGOUSDT,Sell,1391.7,0.3590,MinusTick,b1891b7d-deb8-54a4-80d8-48f2862be6ef,4.996203e+10,1391.7,499.6203
1658189838,ALGOUSDT,Sell,278,0.3590,ZeroMinusTick,7a2a8ab6-169c-5daf-8fbc-ab337f314d23,9.9802e+09,278,99.80199999999999
1658189846,ALGOUSDT,Buy,2.9,0.3595,PlusTick,c471628a-44fe-5642-b8ab-98c9d1aed6d4,1.0425499999999999e+08,2.9,1.0425499999999999
1658189846,ALGOUSDT,Buy,4.4,0.3595,ZeroMinusTick,71dbba6a-efac-59e2-9c7e-e040d158d8aa,1.5818e+08,4.4,1.5818
1658189846,ALGOUSDT,Buy,2229.9,0.3595,ZeroMinusTick,1f50773a-e1a6-54d4-9dca-5a8a6fcfc06b,8.0164905e+10,2229.9,801.64905
1658189846,ALGOUSDT,Buy,490.5,0.3595,ZeroMinusTick,997d1180-e7ad-51d0-affa-acc33ec17a41,1.7633475e+10,490.5,176.33474999999999
1658189846,ALGOUSDT,Buy,278,0.3595,ZeroMinusTick,8b1f310a-4699-5ce6-9f6f-8a9e0fbca86b,9.9941e+09,278,99.941
1658189846,ALGOUSDT,Buy,2.6,0.3595,ZeroMinusTick,df99cdfc-b6d0-533e-b4c1-c77251e2f81c,9.347e+07,2.6,0.9347
1658189847,ALGOUSDT,Sell,1000,0.3595,ZeroMinusTick,4ea384ea-84d6-541a-9510-79b7a688756d,3.595e+10,1000,359.5
1658189850,ALGOUSDT,Buy,582.8,0.3595,ZeroMinusTick,71cf62bf-a9b0-513a-bc4f-aec7d3415514,2.095166e+10,582.8,209.51659999999998
1658189859,ALGOUSDT,Buy,2.7,0.3595,ZeroMinusTick,b1825d2c-db9c-519e-877a-8934c426f453,9.7065e+07,2.7,0.97065
1658189859,ALGOUSDT,Buy,4.3,0.3595,ZeroMinusTick,4116efc0-f9c1-5e3e-a0e9-9fb592303a7c,1.54585e+08,4.3,1.54585
1658189885,ALGOUSDT,Sell,1391.7,0.3590,MinusTick,4121ed6a-7f54-531e-9881-da89ba2d0307,4.996203e+10,1391.7,499.6203
1658189885,ALGOUSDT,Sell,1000,0.3590,ZeroMinusTick,8feffb1d-76eb-54fb-903b-14d007255e09,3.59e+10,1000,359
1658189888,ALGOUSDT,Buy,1632.7,0.3590,ZeroMinusTick,5639a7c0-e459-5a6c-a569-c3f5236cc067,5.861393000000001e+10,1632.7,586.1393
1658189891,ALGOUSDT,Sell,1000,0.3590,ZeroMinusTick,68e74497-6945-5faa-a630-2485d3c57c0c,3.59e+10,1000,359
1658189899,ALGOUSDT,Sell,564.1,0.3590,ZeroMinusTick,0cb2c479-40f0-53f9-8f4b-4aa0db9ef9e2,2.025119e+10,564.1,202.5119
1658189903,ALGOUSDT,Sell,3.1,0.3590,ZeroMinusTick,5bf0cf96-7584-57bf-812e-f902e5cb7538,1.1129e+08,3.1,1.1129
1658189903,ALGOUSDT,Sell,432.8,0.3590,ZeroMinusTick,33391372-6a5a-548b-bdb0-77f881089d01,1.553752e+10,432.8,155.3752
1658189903,ALGOUSDT,Sell,806.1,0.3590,ZeroMinusTick,d45d44d4-6157-5aad-a548-6894d46fd04b,2.893899e+10,806.1,289.3899
1658189903,ALGOUSDT,Sell,1632.7,0.3590,ZeroMinusTick,21e1aaa4-e8fe-5038-a741-7038bc754be5,5.861393000000001e+10,1632.7,586.1393
1658189903,ALGOUSDT,Sell,280,0.3590,ZeroMinusTick,1f58fac2-e3d3-5516-9384-3b52ca840cda,1.0052e+10,280,100.52
1658189903,ALGOUSDT,Sell,206.4,0.3590,ZeroMinusTick,f3bde2e1-5740-593e-971a-317ee0476251,7.40976e+09,206.4,74.0976
1658189903,ALGOUSDT,Sell,3358,0.3590,ZeroMinusTick,f3220e02-f762-54e2-babc-59e1f396796a,1.205522e+11,3358,1205.522
1658189903,ALGOUSDT,Sell,1663,0.3590,ZeroMinusTick,0616ecf2-6e1c-51bf-81b9-bbb9bbf7c670,5.970169999999999e+10,1663,597.0169999999999
1658189903,ALGOUSDT,Sell,1663,0.3590,ZeroMinusTick,1da0191c-ac5e-5aee-aacd-d7ad80734dd7,5.970169999999999e+10,1663,597.0169999999999
1658189903,ALGOUSDT,Sell,609.6,0.3590,ZeroMinusTick,f6d47cdd-f05e-5b99-a4f2-1fd2cdb3c86d,2.188464e+10,609.6,218.8464
1658189903,ALGOUSDT,Sell,17.6,0.3590,ZeroMinusTick,ff26efda-9423-5eea-97f6-31403816eccd,6.3184e+08,17.6,6.3184000000000005
1658189903,ALGOUSDT,Sell,1207.4,0.3590,ZeroMinusTick,fbe972d7-1799-5f92-a1cd-99ea82746362,4.334566e+10,1207.4,433.45660000000004
1658189903,ALGOUSDT,Sell,490.5,0.3590,ZeroMinusTick,692e36ca-b04e-57de-9e43-5f6e397f59f0,1.760895e+10,490.5,176.0895
1658189903,ALGOUSDT,Sell,564.1,0.3590,ZeroMinusTick,48d5897c-e173-5277-ada0-1afd8299981a,2.025119e+10,564.1,202.5119
1658189903,ALGOUSDT,Sell,1390.3,0.3590,ZeroMinusTick,ae899d03-b2e5-5336-b891-dbd1f28e2857,4.991176999999999e+10,1390.3,499.11769999999996
1658189911,ALGOUSDT,Buy,1.7,0.3590,ZeroMinusTick,a4b3ba4c-80c8-5181-afce-d0e42ce2c829,6.102999999999999e+07,1.7,0.6103
1658189914,ALGOUSDT,Sell,2.7,0.3585,MinusTick,6d87de35-941e-51aa-b62b-618a4c38f500,9.6795e+07,2.7,0.96795
1658189914,ALGOUSDT,Sell,1000,0.3585,ZeroMinusTick,bf0797cc-c42d-5ddf-b032-04e9d487bed6,3.585e+10,1000,358.5
1658189917,ALGOUSDT,Sell,1000,0.3585,ZeroMinusTick,b8ad22c4-c4c2-5759-91f3-e08319cac61c,3.585e+10,1000,358.5
1658189922,ALGOUSDT,Sell,15.9,0.3585,ZeroMinusTick,46abda32-3d35-5eab-9fd8-8a93b25735f9,5.70015e+08,15.9,5.70015
1658189930,ALGOUSDT,Buy,1632.7,0.3590,PlusTick,64ca15ae-5eb4-5d9b-a28b-35e3bc229deb,5.861393000000001e+10,1632.7,586.1393
1658189930,ALGOUSDT,Buy,1225,0.3590,ZeroMinusTick,c7fe0f56-defd-50b1-83a2-cba5193e95bf,4.39775e+10,1225,439.775
1658189930,ALGOUSDT,Buy,500.3,0.3590,ZeroMinusTick,6715096a-30f9-53ae-bf55-cdb21ff49ab7,1.796077e+10,500.3,179.6077
1658189930,ALGOUSDT,Buy,892.2,0.3590,ZeroMinusTick,63a91209-e643-5301-ae3d-48af34ce55fb,3.202998e+10,892.2,320.2998
1658189930,ALGOUSDT,Buy,770.8,0.3590,ZeroMinusTick,83ccf3cd-45ea-5253-8bc7-4027ff1a0470,2.767172e+10,770.8,276.7172
1658189930,ALGOUSDT,Buy,229.2,0.3590,ZeroMinusTick,e09db8e2-cb43-5385-a611-1d7f7ee8eab8,8.228279999999999e+09,229.2,82.2828
1658189930,ALGOUSDT,Buy,2081.1,0.3590,ZeroMinusTick,7eefb087-ba72-562c-b87b-d15eec22fa0c,7.471148999999998e+10,2081.1,747.1148999999999
1658189930,ALGOUSDT,Buy,1047.7,0.3590,ZeroMinusTick,a8ca4904-2b7a-568f-8b83-86fbf727bb56,3.761243e+10,1047.7,376.1243
1658189930,ALGOUSDT,Buy,1663,0.3590,ZeroMinusTick,619b9c31-3235-5136-b70b-8d2df1d43fef,5.970169999999999e+10,1663,597.0169999999999
1658189930,ALGOUSDT,Buy,1632.7,0.3590,ZeroMinusTick,cc3dfdad-24b7-56da-b062-b814edd67022,5.861393000000001e+10,1632.7,586.1393
1658189930,ALGOUSDT,Buy,3001.9,0.3590,ZeroMinusTick,2cbc9180-de52-5673-84b1-171ebbd65be2,1.0776821e+11,3001.9,1077.6821
1658189930,ALGOUSDT,Buy,278,0.3590,ZeroMinusTick,9d085562-a2ad-54ea-872d-6ee5fb25f135,9.9802e+09,278,99.80199999999999
1658189930,ALGOUSDT,Buy,490.5,0.3590,ZeroMinusTick,8644a40f-5014-51ad-a57f-da9a35bb06a3,1.760895e+10,490.5,176.0895
1658189931,ALGOUSDT,Sell,1000,0.3590,ZeroMinusTick,22b0be67-5dac-585c-b32e-00b5981ee1aa,3.59e+10,1000,359
1658189940,ALGOUSDT,Sell,1000,0.3585,MinusTick,a3aa5ea3-db22-533e-9493-8235b777cf79,3.585e+10,1000,358.5
1658189955,ALGOUSDT,Sell,1394.7,0.3585,ZeroMinusTick,7c024bc0-24a1-5e7e-b7ed-3d20f905b389,4.9999995e+10,1394.7,499.99995
1658189961,ALGOUSDT,Buy,938.5,0.3585,ZeroMinusTick,d203f7c1-ecbc-55bc-a38e-1d4e084c3dec,3.3645225e+10,938.5,336.45225
1658189961,ALGOUSDT,Buy,1144.6,0.3585,ZeroMinusTick,96ad5c6c-1768-57cd-afb9-e76b8d8989b5,4.103391e+10,1144.6,410.3391
1658189961,ALGOUSDT,Buy,1012.7,0.3585,ZeroMinusTick,bb220ff1-a333-5d15-9059-5e68c9b79146,3.6305295e+10,1012.7,363.05295
1658189961,ALGOUSDT,Buy,220.9,0.3585,ZeroMinusTick,056a5351-9c41-5a55-87a8-dd86467003f1,7.919265e+09,220.9,79.19265
1658189962,ALGOUSDT,Sell,1000,0.3585,ZeroMinusTick,8423171d-0f19-5124-978e-2693845524fe,3.585e+10,1000,358.5
1658189964,ALGOUSDT,Sell,1632.7,0.3580,MinusTick,499f692d-563e-540f-aeda-73c47c6ddf04,5.845065999999999e+10,1632.7,584.5065999999999
1658189964,ALGOUSDT,Sell,30.3,0.3580,ZeroMinusTick,ac289d72-d357-5d1c-89db-42a2e4a2df17,1.08474e+09,30.3,10.8474
1658189964,ALGOUSDT,Sell,460.2,0.3580,ZeroMinusTick,450ceb51-394f-5a66-809e-fa15cb17ceb8,1.647516e+10,460.2,164.7516
1658189964,ALGOUSDT,Sell,1202.8,0.3580,ZeroMinusTick,340d364b-ef58-5b48-ae02-312b390f2bb0,4.306024e+10,1202.8,430.6024
1658189965,ALGOUSDT,Sell,278,0.3580,ZeroMinusTick,6fbf8852-09d5-5339-908d-c94cf51061b0,9.9524e+09,278,99.524
1658189965,ALGOUSDT,Sell,2.9,0.3580,ZeroMinusTick,e9582f79-d9ee-5615-ad5d-6699a2d45530,1.0382e+08,2.9,1.0382
1658189965,ALGOUSDT,Sell,3.4,0.3580,ZeroMinusTick,6b5c1c75-c890-5774-b48b-708a66f63bf5,1.2171999999999999e+08,3.4,1.2171999999999998
1658189965,ALGOUSDT,Sell,1394.4,0.3580,ZeroMinusTick,01e6d155-0f6f-5ad7-bcfd-bfed2b1adf51,4.991952e+10,1394.4,499.1952
1658189965,ALGOUSDT,Sell,3197.9,0.3580,ZeroMinusTick,46902663-d1a6-516c-b404-e3d26a149637,1.1448481999999998e+11,3197.9,1144.8482
1658189969,ALGOUSDT,Buy,1632.7,0.3580,ZeroMinusTick,3e5a6de6-6e2e-5dcd-9445-60ed6407ce3b,5.845065999999999e+10,1632.7,584.5065999999999
1658189969,ALGOUSDT,Buy,1396.3,0.3580,ZeroMinusTick,51056e99-47c3-54f8-978f-1462ed7b7a35,4.998753999999999e+10,1396.3,499.87539999999996
1658189972,ALGOUSDT,Sell,1395.9,0.3580,ZeroMinusTick,69697ddf-9811-5012-b409-4b2f0d41477f,4.997322e+10,1395.9,499.73220000000003
1658189972,ALGOUSDT,Sell,1000,0.3580,ZeroMinusTick,f78151d9-33bc-58e9-a740-4e9bd642e968,3.58e+10,1000,358
1658189972,ALGOUSDT,Sell,962.1,0.3580,ZeroMinusTick,dd423b8a-6c53-57ac-80b2-1af2fc962515,3.444318e+10,962.1,344.4318
1658189972,ALGOUSDT,Sell,700.9,0.3580,ZeroMinusTick,ed60f760-75e2-56f0-97f0-1dc3135cf463,2.5092219999999996e+10,700.9,250.92219999999998
1658189983,ALGOUSDT,Sell,116.8,0.3575,MinusTick,c0b07522-6e4f-542b-8e24-99c0978d953a,4.1756e+09,116.8,41.756
1658189983,ALGOUSDT,Sell,540.9,0.3575,ZeroMinusTick,9bf2c803-1e5c-5759-a211-8e5b7ca8370e,1.9337175e+10,540.9,193.37175
1658189983,ALGOUSDT,Sell,19.2,0.3575,ZeroMinusTick,51e8131e-c353-5bb7-866e-f88460810ca6,6.864e+08,19.2,6.864
1658189983,ALGOUSDT,Sell,3.6,0.3575,ZeroMinusTick,486a7d3d-67b0-513e-82dd-cd8408d3acff,1.2869999999999999e+08,3.6,1.287
1658189983,ALGOUSDT,Sell,3.8,0.3575,ZeroMinusTick,4d36c7a5-2d92-5583-b003-50cbe418f673,1.3584999999999997e+08,3.8,1.3584999999999998
1658189983,ALGOUSDT,Sell,948.4,0.3575,ZeroMinusTick,b409f23b-a513-5cc7-b701-ae51abe7aadb,3.39053e+10,948.4,339.053
1658189983,ALGOUSDT,Sell,714.6,0.3575,ZeroMinusTick,02ffc0b3-4145-5ed5-873c-695bc2c1afc1,2.554695e+10,714.6,255.4695
1658189985,ALGOUSDT,Sell,3358,0.3575,ZeroMinusTick,0f7a3bce-9dfc-5c71-84dc-9b398e71b6ad,1.2004849999999998e+11,3358,1200.485
1658189985,ALGOUSDT,Sell,959.1,0.3575,ZeroMinusTick,6c9a466e-3135-5ec7-aafe-c4f621b17ccd,3.4287824999999996e+10,959.1,342.87825
1658189989,ALGOUSDT,Buy,1000,0.3575,ZeroMinusTick,f7fa1e9e-0c43-5025-823c-b5fc5722fdec,3.575e+10,1000,357.5
1658189989,ALGOUSDT,Buy,490.5,0.3575,ZeroMinusTick,69ebe30d-65ea-56db-a2d8-9d6d50ff8e3c,1.7535375e+10,490.5,175.35375
1658189989,ALGOUSDT,Buy,278,0.3575,ZeroMinusTick,4f912fd5-9c95-5495-951d-b893ebce9ce7,9.9385e+09,278,99.38499999999999
1658189993,ALGOUSDT,Sell,370,0.3575,ZeroMinusTick,3fc047e3-afb8-5367-ac41-33b2ea121106,1.32275e+10,370,132.275
1658189999,ALGOUSDT,Sell,22.8,0.3575,ZeroMinusTick,26e43d2c-ac0f-5643-afd6-7c31d4090d92,8.151e+08,22.8,8.151
1658190010,ALGOUSDT,Buy,667.2,0.3580,PlusTick,1ab17fcc-7c02-50a1-b820-35945f41cda7,2.3885760000000004e+10,667.2,238.85760000000002
1658190012,ALGOUSDT,Sell,4.8,0.3575,MinusTick,8ee3039b-61fc-55ac-8734-7983c34c9c0a,1.716e+08,4.8,1.716
1658190015,ALGOUSDT,Sell,1000,0.3580,PlusTick,01966b8e-0b0e-58b0-8735-0a271f936c4d,3.58e+10,1000,358
1658190015,ALGOUSDT,Sell,1225,0.3580,ZeroMinusTick,f3c37826-1693-5736-bcf9-9b800c288797,4.385499999999999e+10,1225,438.54999999999995
1658190015,ALGOUSDT,Sell,4499,0.3580,ZeroMinusTick,0b997abe-910e-5270-876d-9011e68efb65,1.6106419999999997e+11,4499,1610.6419999999998
1658190025,ALGOUSDT,Sell,1000,0.3580,ZeroMinusTick,9d3a377c-84b1-5097-b21a-59c0a8818e4b,3.58e+10,1000,358
1658190025,ALGOUSDT,Sell,663,0.3580,ZeroMinusTick,8231cfb4-fb94-5a91-b448-497ea0e2b032,2.37354e+10,663,237.35399999999998
1658190025,ALGOUSDT,Sell,1663,0.3580,ZeroMinusTick,b6c608d6-c0b6-5263-a4c8-edfa0e3a59ef,5.953539999999999e+10,1663,595.3539999999999
1658190026,ALGOUSDT,Sell,1632.7,0.3580,ZeroMinusTick,d68163f2-26a2-51fa-ae91-88554aaa1ced,5.845065999999999e+10,1632.7,584.5065999999999
1658190026,ALGOUSDT,Sell,13.4,0.3580,ZeroMinusTick,e128bc32-c957-5a61-ac5b-c8a3ce2248de,4.7972e+08,13.4,4.7972
1658190026,ALGOUSDT,Sell,0.7,0.3580,ZeroMinusTick,f1e08006-a16b-55d9-be04-8b19c11e8d1a,2.506e+07,0.7,0.2506
1658190026,ALGOUSDT,Sell,17.5,0.3580,ZeroMinusTick,9f90896a-b67f-52e6-be07-08a79d1ea9c0,6.265e+08,17.5,6.265
1658190026,ALGOUSDT,Sell,2162.9,0.3580,ZeroMinusTick,01d2e125-81e8-59dc-893a-7e6f36ab3fdc,7.743182e+10,2162.9,774.3182
1658190026,ALGOUSDT,Sell,2.9,0.3580,ZeroMinusTick,c4bc42fc-e291-56c6-9a09-518ff7f3b6d0,1.0382e+08,2.9,1.0382
1658190026,ALGOUSDT,Sell,23.1,0.3580,ZeroMinusTick,d3e68495-6750-5131-9412-9d656ec7f327,8.2698e+08,23.1,8.2698
1658190026,ALGOUSDT,Sell,1,0.3580,ZeroMinusTick,1c5e3980-a3ab-5694-a3b2-f475a3f0897c,3.58e+07,1,0.358
1658190026,ALGOUSDT,Sell,7.8,0.3580,ZeroMinusTick,92bac87d-3a8f-556a-87e6-c5221e4b829d,2.7924e+08,7.8,2.7923999999999998
1658190026,ALGOUSDT,Sell,8.7,0.3580,ZeroMinusTick,18cf3262-1e02-555c-8309-7e9eec8518f2,3.1146e+08,8.7,3.1146
1658190026,ALGOUSDT,Sell,5.2,0.3580,ZeroMinusTick,c56f1a95-80ea-5710-b6b7-138f5c42be07,1.8616e+08,5.2,1.8616
1658190026,ALGOUSDT,Sell,553.4,0.3580,ZeroMinusTick,fba5cfe4-0e44-5345-82f0-d8af8a5b624c,1.981172e+10,553.4,198.1172
1658190035,ALGOUSDT,Sell,2.5,0.3575,MinusTick,101cdaf2-6dd7-5bcf-8191-164d3c082013,8.9375e+07,2.5,0.8937499999999999
1658190035,ALGOUSDT,Sell,516.6,0.3575,ZeroMinusTick,fd8c97f4-c9db-5da7-b318-d4ca47aade20,1.846845e+10,516.6,184.6845
1658190060,ALGOUSDT,Buy,3315.7,0.3575,ZeroMinusTick,918c92b0-8805-5fed-bd50-e71cc5b439f3,1.1853627499999998e+11,3315.7,1185.3627499999998
1658190060,ALGOUSDT,Buy,1632.7,0.3575,ZeroMinusTick,355b8f06-7d12-5d8e-bf87-5d8a401bc6da,5.8369025e+10,1632.7,583.69025
1658190060,ALGOUSDT,Buy,2702.1,0.3575,ZeroMinusTick,c2980ce4-d700-5173-a2a0-ffcbaa4ccdaf,9.6600075e+10,2702.1,966.0007499999999
1658190060,ALGOUSDT,Buy,1663,0.3575,ZeroMinusTick,a8ac5c4b-b18f-5557-8577-b5ab8791ddea,5.945224999999999e+10,1663,594.5224999999999
1658190065,ALGOUSDT,Sell,1000,0.3575,ZeroMinusTick,2517ed06-86c2-50ad-a196-2c4b2a6ee4e7,3.575e+10,1000,357.5
1658190081,ALGOUSDT,Sell,0.1,0.3575,ZeroMinusTick,06ca3fda-19ae-5679-96b6-29845a837eed,3.5749999999999995e+06,0.1,0.03575
1658190082,ALGOUSDT,Sell,90,0.3575,ZeroMinusTick,912a1c84-ccda-58c3-8f76-c3e97cfd5942,3.2174999999999995e+09,90,32.175
1658190089,ALGOUSDT,Sell,909.9,0.3575,ZeroMinusTick,74376f0c-e275-5920-a80b-1257d4094d90,3.2528925e+10,909.9,325.28925
1658190099,ALGOUSDT,Sell,12.9,0.3575,ZeroMinusTick,32fcb982-fdbc-5d5d-8d39-2e9c1085fb52,4.61175e+08,12.9,4.61175
1658190099,ALGOUSDT,Buy,3570.3,0.3580,PlusTick,a391af98-3371-5d41-a6a3-11a750d90905,1.2781674e+11,3570.3,1278.1674
1658190101,ALGOUSDT,Sell,4.7,0.3580,ZeroMinusTick,07aa128a-8326-59d9-9048-011ca183c0d1,1.6826e+08,4.7,1.6826
1658190101,ALGOUSDT,Sell,995.3,0.3580,ZeroMinusTick,33438925-d80a-5c37-8b1c-5b15c867c145,3.563174e+10,995.3,356.31739999999996
1658190113,ALGOUSDT,Sell,224.4,0.3575,MinusTick,c0ebfb0a-6b4d-5f8e-a841-f77c59c1ee1b,8.0223e+09,224.4,80.223
1658190117,ALGOUSDT,Sell,1225,0.3575,ZeroMinusTick,ccdd48ae-b004-5922-ac52-a2bd7222882d,4.379375e+10,1225,437.9375
1658190117,ALGOUSDT,Sell,6938.3,0.3575,ZeroMinusTick,939f8916-835f-5c02-9bdb-9780b98ffbd6,2.48044225e+11,6938.3,2480.44225
1658190117,ALGOUSDT,Sell,1308.4,0.3575,ZeroMinusTick,658de7fc-86b0-53b5-b006-d8dba80cbea5,4.67753e+10,1308.4,467.753
1658190117,ALGOUSDT,Sell,324.3,0.3575,ZeroMinusTick,5b618a86-8a2c-50ea-bac9-8c00f32ae4b5,1.1593725e+10,324.3,115.93725
1658190118,ALGOUSDT,Sell,490.5,0.3575,ZeroMinusTick,fd6f8d75-0beb-5dd4-9b7e-466b64ebbccd,1.7535375e+10,490.5,175.35375
1658190118,ALGOUSDT,Sell,1000,0.3575,ZeroMinusTick,9e94856a-8371-5928-b7cf-1744a4bf259b,3.575e+10,1000,357.5
1658190126,ALGOUSDT,Sell,2.8,0.3575,ZeroMinusTick,c3d62a2b-81d4-5af0-baec-01fe567eadbf,1.0009999999999999e+08,2.8,1.001
1658190132,ALGOUSDT,Sell,4.1,0.3580,PlusTick,e14ba565-f6d2-5a08-ac02-f9f0f82a7fb1,1.4677999999999997e+08,4.1,1.4677999999999998
1658190138,ALGOUSDT,Sell,995.9,0.3580,ZeroMinusTick,1f9f90ef-ce2b-512d-9554-30ba894e60f2,3.565322e+10,995.9,356.5322
1658190141,ALGOUSDT,Sell,1000,0.3580,ZeroMinusTick,6b403787-c2ec-5299-a9ce-4d67cb933b7f,3.58e+10,1000,358
1658190155,ALGOUSDT,Sell,1396.1,0.3580,ZeroMinusTick,5550fbbd-4d9a-5e13-8b42-d76a42afd478,4.998038e+10,1396.1,499.80379999999997
1658190161,ALGOUSDT,Sell,490.5,0.3575,MinusTick,10811548-be50-5b33-9231-3326b43dc193,1.7535375e+10,490.5,175.35375
1658190163,ALGOUSDT,Sell,3143.8,0.3575,ZeroMinusTick,c7b83e7b-5e2e-516e-80a8-3560a10a4d93,1.1239085e+11,3143.8,1123.9085
1658190164,ALGOUSDT,Sell,4451.5,0.3575,ZeroMinusTick,82f452cc-591f-5324-a13c-c2a7e2dcf83c,1.59141125e+11,4451.5,1591.4112499999999
1658190166,ALGOUSDT,Sell,3872,0.3575,ZeroMinusTick,360d39f9-5c77-5d65-9e77-1d11d3e7e02a,1.38424e+11,3872,1384.24
1658190166,ALGOUSDT,Sell,37.8,0.3575,ZeroMinusTick,3943d316-5144-5975-aefc-bbb1df4b3629,1.3513499999999998e+09,37.8,13.513499999999999
1658190166,ALGOUSDT,Sell,1853.6,0.3575,ZeroMinusTick,76a86e13-0384-5f12-aa63-e028088a85f0,6.626619999999999e+10,1853.6,662.6619999999999
1658190166,ALGOUSDT,Sell,42.8,0.3575,ZeroMinusTick,bd792b1a-1cd9-5009-b8a9-1c0552b35531,1.5300999999999998e+09,42.8,15.300999999999998
1658190170,ALGOUSDT,Sell,5.7,0.3575,ZeroMinusTick,0e379225-5a96-597d-aa73-4a28821d39be,2.03775e+08,5.7,2.03775
1658190174,ALGOUSDT,Sell,3.9,0.3575,ZeroMinusTick,e975e76f-2e16-5692-9da5-db3423fce2c3,1.39425e+08,3.9,1.39425
1658190196,ALGOUSDT,Sell,60,0.3575,ZeroMinusTick,dbf7cf0a-9daa-56a2-8dfc-6b3b93e2da95,2.145e+09,60,21.45
1658190207,ALGOUSDT,Sell,1.6,0.3575,ZeroMinusTick,21b9d89c-08f4-5da9-b4ae-bf0fba76842e,5.719999999999999e+07,1.6,0.572
1658190214,ALGOUSDT,Sell,320,0.3575,ZeroMinusTick,266a1f41-0573-5182-a75b-7feba0756a84,1.144e+10,320,114.39999999999999
1658190219,ALGOUSDT,Buy,1396.2,0.3580,PlusTick,9734823a-33b4-5dc8-9d6d-aeadd0056882,4.998396e+10,1396.2,499.8396
1658190220,ALGOUSDT,Sell,1000,0.3580,ZeroMinusTick,a02c0331-9b4e-5c3c-91ed-2a4fa091bd8a,3.58e+10,1000,358
1658190241,ALGOUSDT,Buy,10000,0.3580,ZeroMinusTick,f72c0fbc-73d5-53a2-8cd3-3e490ff082df,3.58e+11,10000,3580
1658190241,ALGOUSDT,Buy,0.9,0.3585,PlusTick,f67daaa2-9dcd-5ace-ae28-421ace1da18c,3.2265e+07,0.9,0.32265
1658190243,ALGOUSDT,Sell,1632.7,0.3580,MinusTick,fad45497-b2a8-5848-bdb9-8fc2048ac718,5.845065999999999e+10,1632.7,584.5065999999999
1658190243,ALGOUSDT,Sell,1663,0.3580,ZeroMinusTick,0dda3a0e-0cbc-5127-a0b7-3ca4a67a29c0,5.953539999999999e+10,1663,595.3539999999999
1658190243,ALGOUSDT,Sell,3358,0.3580,ZeroMinusTick,a47035ed-e015-5b11-99c5-3f9b1c27af4b,1.202164e+11,3358,1202.164
1658190243,ALGOUSDT,Sell,1000,0.3580,ZeroMinusTick,08ed1155-991d-5963-a728-4d978e56e8e0,3.58e+10,1000,358
1658190264,ALGOUSDT,Sell,1632.7,0.3575,MinusTick,136b1b9b-cb8e-53b0-9fa4-70642f4aea0f,5.8369025e+10,1632.7,583.69025
1658190264,ALGOUSDT,Sell,26.6,0.3575,ZeroMinusTick,b4cc6bda-952a-5b60-99bd-5ffc499bcf18,9.509500000000001e+08,26.6,9.509500000000001
1658190264,ALGOUSDT,Sell,5.5,0.3575,ZeroMinusTick,1e0b0371-04fb-55a4-a196-28fda4a78000,1.9662499999999997e+08,5.5,1.9662499999999998
1658190264,ALGOUSDT,Sell,1.8,0.3575,ZeroMinusTick,19b4e416-e620-53e8-87e5-0f1f265c9041,6.434999999999999e+07,1.8,0.6435
1658190264,ALGOUSDT,Sell,23.2,0.3575,ZeroMinusTick,82e6dfe6-6db3-53c7-aeb0-ed90445413e2,8.293999999999999e+08,23.2,8.293999999999999
1658190264,ALGOUSDT,Sell,0.2,0.3575,ZeroMinusTick,d1137469-7899-58ff-b673-070c3b3b0e17,7.149999999999999e+06,0.2,0.0715
1658190264,ALGOUSDT,Sell,1.5,0.3575,ZeroMinusTick,4b136479-1747-592f-a849-30b7079a2058,5.3625e+07,1.5,0.53625
1658190264,ALGOUSDT,Sell,5.3,0.3575,ZeroMinusTick,53cdf07f-b0a9-5a96-af94-9b5044af6d56,1.89475e+08,5.3,1.89475
1658190264,ALGOUSDT,Sell,4.6,0.3575,ZeroMinusTick,12c83527-7c2c-5809-a997-a2bc2c49dd67,1.6444999999999997e+08,4.6,1.6444999999999999
1658190264,ALGOUSDT,Sell,50.5,0.3575,ZeroMinusTick,3942896a-beb2-5647-9cc0-b3831938f3d0,1.805375e+09,50.5,18.05375
1658190264,ALGOUSDT,Sell,13.7,0.3575,ZeroMinusTick,f1e4e86f-d099-5426-b998-12f8b3e191e7,4.8977499999999994e+08,13.7,4.897749999999999
1658190264,ALGOUSDT,Sell,9,0.3575,ZeroMinusTick,d61c27a2-3002-54ac-b82b-0ab8567cc572,3.2175e+08,9,3.2175
1658190264,ALGOUSDT,Sell,17.4,0.3575,ZeroMinusTick,b3275e7d-ddb8-51a4-995b-a8ff8465452b,6.2205e+08,17.4,6.2204999999999995
1658190264,ALGOUSDT,Sell,4.2,0.3575,ZeroMinusTick,7bc0e722-1038-54ac-9e3a-46e04ce7449e,1.5015e+08,4.2,1.5015
1658190264,ALGOUSDT,Sell,10.3,0.3575,ZeroMinusTick,ec47b8c9-0a55-5785-b5b9-b10f5ff0181a,3.68225e+08,10.3,3.6822500000000002
1658190264,ALGOUSDT,Sell,20.7,0.3575,ZeroMinusTick,4c83370b-cada-5cc1-9e17-8ef90d40e5e8,7.40025e+08,20.7,7.40025
1658190264,ALGOUSDT,Sell,10.7,0.3575,ZeroMinusTick,d95d8ab2-20a4-54db-bc54-2a2243aaed1b,3.8252499999999994e+08,10.7,3.8252499999999996
1658190264,ALGOUSDT,Sell,6.2,0.3575,ZeroMinusTick,97a345f9-4f90-5ccf-b5af-3dd89a89b3c7,2.2165e+08,6.2,2.2165
1658190264,ALGOUSDT,Sell,48.1,0.3575,ZeroMinusTick,0a5f6507-3b73-596c-a03e-6bf169e95db3,1.719575e+09,48.1,17.19575
1658190264,ALGOUSDT,Sell,5.3,0.3575,ZeroMinusTick,7af16b6a-77ec-5ea1-9de9-b3e59b57cd3b,1.89475e+08,5.3,1.89475
1658190264,ALGOUSDT,Sell,51,0.3575,ZeroMinusTick,124b6571-acb3-539e-9925-6e847818318b,1.8232499999999998e+09,51,18.232499999999998
1658190264,ALGOUSDT,Sell,1.8,0.3575,ZeroMinusTick,19c6c25b-e268-58cb-b525-a1961d75a271,6.434999999999999e+07,1.8,0.6435
1658190264,ALGOUSDT,Sell,95.8,0.3575,ZeroMinusTick,22043df4-319d-5226-b3bd-d5843be95411,3.42485e+09,95.8,34.2485
1658190264,ALGOUSDT,Sell,2.1,0.3575,ZeroMinusTick,1456431a-6e5d-510a-8b60-9e8414e496db,7.5075e+07,2.1,0.75075
1658190264,ALGOUSDT,Sell,18.4,0.3575,ZeroMinusTick,545ddfa2-2494-54eb-b873-e9696550e865,6.577999999999999e+08,18.4,6.577999999999999
1658190264,ALGOUSDT,Sell,18.3,0.3575,ZeroMinusTick,538852c6-144b-5791-8dec-2bf276a1d5ab,6.54225e+08,18.3,6.54225
1658190264,ALGOUSDT,Sell,39.8,0.3575,ZeroMinusTick,ccf1b219-ddf5-5c14-847b-aa74bcc866d3,1.4228499999999998e+09,39.8,14.228499999999999
1658190264,ALGOUSDT,Sell,6.7,0.3575,ZeroMinusTick,ead52ea4-a946-5bad-8fe7-f18f2ff851cf,2.39525e+08,6.7,2.39525
1658190264,ALGOUSDT,Sell,0.2,0.3575,ZeroMinusTick,9a824114-074d-513e-a6f1-63a1e2570639,7.149999999999999e+06,0.2,0.0715
1658190264,ALGOUSDT,Sell,95.4,0.3575,ZeroMinusTick,529f90a8-419b-5af9-8db2-071b4e2ac192,3.41055e+09,95.4,34.1055
1658190264,ALGOUSDT,Sell,3.6,0.3575,ZeroMinusTick,90d65290-3634-5d37-972d-fb28479e77ac,1.2869999999999999e+08,3.6,1.287
1658190264,ALGOUSDT,Sell,1.8,0.3575,ZeroMinusTick,028d8334-c3fa-5a5e-8009-0c507ffa8135,6.434999999999999e+07,1.8,0.6435
1658190264,ALGOUSDT,Sell,8.8,0.3575,ZeroMinusTick,ae54571a-cb5c-5d61-aeab-d52665afcc34,3.146e+08,8.8,3.146
1658190264,ALGOUSDT,Sell,3.9,0.3575,ZeroMinusTick,4c6dce56-6ed4-53f2-8f72-fa7e6aeb6b9d,1.39425e+08,3.9,1.39425
1658190264,ALGOUSDT,Sell,3.2,0.3575,ZeroMinusTick,073fcc7d-8ef7-5ad5-a94f-f39511994df7,1.1439999999999999e+08,3.2,1.144
1658190264,ALGOUSDT,Sell,35.3,0.3575,ZeroMinusTick,c59bc739-f627-5269-9aac-1f1d9dd40f28,1.2619749999999998e+09,35.3,12.619749999999998
1658190264,ALGOUSDT,Sell,1415,0.3575,ZeroMinusTick,98c20a8e-79e0-5402-af92-c05f168228ab,5.058624999999999e+10,1415,505.86249999999995
