timestamp,symbol,side,size,price,tickDirection,trdMatchID,grossValue,homeNotional,foreignNotional
1658275208,ALICEUSDT,Buy,31.6,2.445,PlusTick,eb4f4607-45b6-5e74-8da2-7d7ecf356410,7.7262e+09,31.6,77.262
1658275234,ALICEUSDT,Buy,157.5,2.445,ZeroMinusTick,b695a87a-1a01-538d-be63-bda24accf23a,3.850875e+10,157.5,385.0875
1658275234,ALICEUSDT,Buy,37.7,2.445,ZeroMinusTick,6838fad4-b805-5cd1-8488-6d3c42afadcc,9.21765e+09,37.7,92.1765
1658275234,ALICEUSDT,Buy,1250,2.445,ZeroMinusTick,8febe92d-043d-5efb-b4e3-392cf4274541,3.05625e+11,1250,3056.25
1658275234,ALICEUSDT,Buy,21.4,2.445,ZeroMinusTick,f5bdad10-64fe-564b-bb28-f7844cf63a4d,5.232299999999999e+09,21.4,52.32299999999999
1658275234,ALICEUSDT,Buy,35.2,2.445,ZeroMinusTick,47663411-7e37-5476-a030-f64f76f69df1,8.6064e+09,35.2,86.06400000000001
1658275234,ALICEUSDT,Buy,652.9,2.445,ZeroMinusTick,226d5907-18a6-54fc-b3ac-e2032a87f719,1.5963404999999997e+11,652.9,1596.3404999999998
1658275242,ALICEUSDT,Buy,1250,2.445,ZeroMinusTick,66360ebe-f8cc-55bb-bbe9-95ad74fbaed8,3.05625e+11,1250,3056.25
1658275242,ALICEUSDT,Buy,24.8,2.445,ZeroMinusTick,26cea488-866b-5e6b-af69-b263c27f971c,6.0636e+09,24.8,60.635999999999996
1658275304,ALICEUSDT,Buy,0.2,2.440,MinusTick,bf02c9c8-1cfe-5910-9d98-44e98ae26578,4.88e+07,0.2,0.488
1658275362,ALICEUSDT,Buy,102.4,2.440,ZeroMinusTick,acc5ace5-ecf7-5f5e-b0a5-35988fe6c39b,2.49856e+10,102.4,249.856
1658275362,ALICEUSDT,Buy,32.7,2.440,ZeroMinusTick,1632e8a6-6bee-5584-a076-0fd4354a3a04,7.978800000000001e+09,32.7,79.78800000000001
1658275364,ALICEUSDT,Buy,45,2.445,PlusTick,3d42df92-4baa-5dd7-ba50-07d7cb7271ae,1.10025e+10,45,110.02499999999999
1658275379,ALICEUSDT,Buy,48,2.445,ZeroMinusTick,4a5bf028-0fb0-5b77-a422-04aa3272c6b4,1.1735999999999998e+10,48,117.35999999999999
1658275426,ALICEUSDT,Sell,102.3,2.440,MinusTick,94ca2d30-4615-5878-a70e-5a602c31090e,2.49612e+10,102.3,249.612
1658275440,ALICEUSDT,Buy,49,2.440,ZeroMinusTick,1019319a-6e1f-5a22-8e56-850899504d6f,1.1956e+10,49,119.56
1658275440,ALICEUSDT,Buy,30.7,2.440,ZeroMinusTick,f8a84144-9f8e-5820-a1e8-120bc7706dd5,7.4908e+09,30.7,74.908
1658275440,ALICEUSDT,Buy,22.5,2.440,ZeroMinusTick,fe7252cb-09ed-5c6a-a325-2cfaffaf4785,5.49e+09,22.5,54.9
1658275454,ALICEUSDT,Sell,0.1,2.440,ZeroMinusTick,efe9bf1c-6e3f-5ac8-9f23-dd2efba49b8d,2.44e+07,0.1,0.244
1658275499,ALICEUSDT,Sell,132.1,2.435,MinusTick,c77299d5-450a-595b-be9d-7a6dceec4067,3.216635e+10,132.1,321.6635
1658275527,ALICEUSDT,Buy,24.7,2.445,PlusTick,5c3f4a28-760a-58e1-aa13-e460ad3b57b6,6.039149999999999e+09,24.7,60.39149999999999
1658275572,ALICEUSDT,Buy,26.9,2.445,ZeroMinusTick,4374f10d-3f7b-5f51-a8b7-ea7b83d7b403,6.57705e+09,26.9,65.7705
1658275572,ALICEUSDT,Buy,31.9,2.445,ZeroMinusTick,cadea7b0-d14d-56ec-9168-05f16b5e49c5,7.799549999999999e+09,31.9,77.99549999999999
1658275577,ALICEUSDT,Sell,20.2,2.445,ZeroMinusTick,5cd19866-5403-58c4-b6ca-b654587fa1f6,4.9389e+09,20.2,49.388999999999996
1658275577,ALICEUSDT,Sell,20.2,2.445,ZeroMinusTick,772597cb-5174-51e0-a9a7-3ebf018cbfef,4.9389e+09,20.2,49.388999999999996
1658275578,ALICEUSDT,Sell,20.2,2.445,ZeroMinusTick,89a0f09f-db29-5c4b-9949-0b6ae3b25ddc,4.9389e+09,20.2,49.388999999999996
1658275578,ALICEUSDT,Sell,20.2,2.445,ZeroMinusTick,4121bd9b-a877-518c-a6e4-70f00f4d3bc8,4.9389e+09,20.2,49.388999999999996
1658275578,ALICEUSDT,Sell,708.9,2.445,ZeroMinusTick,38b73378-14d7-50e4-9c9d-10b0ee3360fd,1.7332605e+11,708.9,1733.2604999999999
1658275584,ALICEUSDT,Buy,0.1,2.445,ZeroMinusTick,76cc3257-ff95-5022-9759-f49d4e23d57a,2.445e+07,0.1,0.2445
1658275774,ALICEUSDT,Buy,1.8,2.445,ZeroMinusTick,ff3af562-246d-5c9d-b075-08287a54c0b8,4.401e+08,1.8,4.401
1658275793,ALICEUSDT,Buy,63.9,2.445,ZeroMinusTick,f0fd88ec-3f80-5bca-b259-ebc8898333d4,1.5623549999999998e+10,63.9,156.23549999999997
1658275892,ALICEUSDT,Sell,290.7,2.435,MinusTick,2a7c7458-58ec-5149-b1b6-3c422ffa0837,7.078545e+10,290.7,707.8545
1658275900,ALICEUSDT,Buy,500,2.435,ZeroMinusTick,b4fdbb13-09d4-59a8-9cd2-6c2d0ab1e91b,1.2175e+11,500,1217.5
1658275917,ALICEUSDT,Buy,40.9,2.435,ZeroMinusTick,cfaee63c-9276-5e65-bc35-e54485e1d608,9.95915e+09,40.9,99.5915
1658275917,ALICEUSDT,Buy,81.9,2.435,ZeroMinusTick,f78aba25-9237-5637-9f98-0c08bc21258c,1.994265e+10,81.9,199.4265
1658275935,ALICEUSDT,Sell,560.1,2.430,MinusTick,37f0b80b-b7a1-5766-9d0e-c746d39f6827,1.3610430000000002e+11,560.1,1361.0430000000001
1658275935,ALICEUSDT,Sell,696.8,2.430,ZeroMinusTick,c0e755bc-da75-5aa2-8e6b-5189490bd368,1.693224e+11,696.8,1693.224
1658275935,ALICEUSDT,Sell,102.7,2.430,ZeroMinusTick,55745061-6b90-5495-87f7-2f85312de899,2.4956100000000004e+10,102.7,249.56100000000004
1658275935,ALICEUSDT,Sell,40.9,2.430,ZeroMinusTick,85456539-c250-5d96-861d-e41e9013ee41,9.9387e+09,40.9,99.387
1658275935,ALICEUSDT,Sell,658.7,2.430,ZeroMinusTick,53121528-9bdc-5b2a-8e85-7a1fce3f364f,1.6006410000000003e+11,658.7,1600.6410000000003
1658275961,ALICEUSDT,Sell,0.1,2.425,MinusTick,3adac15f-da75-5c57-bb57-a56bc1349408,2.425e+07,0.1,0.2425
1658275961,ALICEUSDT,Sell,569.9,2.425,ZeroMinusTick,483bcfe8-9cba-5abe-b6cc-3dd033af1c1b,1.3820075e+11,569.9,1382.0075
1658275961,ALICEUSDT,Sell,138.3,2.425,ZeroMinusTick,37597f04-dba6-5940-aeca-f1cd39845317,3.353775e+10,138.3,335.3775
1658275961,ALICEUSDT,Sell,103.6,2.425,ZeroMinusTick,a3e6f464-3c7d-5852-8dc2-6756adb172e1,2.5122999999999996e+10,103.6,251.22999999999996
1658275968,ALICEUSDT,Buy,40.9,2.430,PlusTick,b6a0250f-a326-5f33-93f0-f13b95785e42,9.9387e+09,40.9,99.387
1658275974,ALICEUSDT,Buy,1.9,2.435,PlusTick,32ef61c4-6996-5418-89a6-547e786a00a9,4.6265e+08,1.9,4.6265
1658275979,ALICEUSDT,Buy,41.1,2.435,ZeroMinusTick,68987882-17ae-5aa7-9e66-c897e50c6d58,1.000785e+10,41.1,100.0785
1658275995,ALICEUSDT,Sell,102.8,2.430,MinusTick,6d33bb70-7f99-5e0c-a9a0-3d448e72c09e,2.49804e+10,102.8,249.804
1658276000,ALICEUSDT,Buy,102.9,2.430,ZeroMinusTick,8cc929d0-b321-5495-8401-ffa5b8a95237,2.5004700000000004e+10,102.9,250.04700000000003
1658276038,ALICEUSDT,Sell,20,2.425,MinusTick,4c7a822a-dd17-55e3-9426-1bc9ac77914e,4.85e+09,20,48.5
1658276043,ALICEUSDT,Sell,204.8,2.430,PlusTick,88caa2c6-1984-536d-b830-4e22333cf4e0,4.976640000000001e+10,204.8,497.66400000000004
1658276052,ALICEUSDT,Sell,33.6,2.425,MinusTick,fb452150-4de2-5d92-9e81-85f0d880510a,8.148e+09,33.6,81.48
1658276054,ALICEUSDT,Sell,41,2.425,ZeroMinusTick,1bf6a306-2c0f-501a-aa99-d8096d4cf084,9.9425e+09,41,99.425
1658276064,ALICEUSDT,Sell,1.3,2.425,ZeroMinusTick,b7fc0068-7ca2-549e-9250-aec992052f7c,3.1525e+08,1.3,3.1525
1658276069,ALICEUSDT,Buy,102.9,2.430,PlusTick,7bfe478c-17c3-5987-97d0-3e50f2459761,2.5004700000000004e+10,102.9,250.04700000000003
1658276082,ALICEUSDT,Sell,30.6,2.430,ZeroMinusTick,3db9b15e-1ee6-5ff2-b4dd-f054ef87930c,7.4358e+09,30.6,74.358
1658276157,ALICEUSDT,Sell,66.6,2.425,MinusTick,3c8d97ce-9387-567b-8446-646ea8a3a5d7,1.6150499999999996e+10,66.6,161.50499999999997
1658276184,ALICEUSDT,Buy,0.1,2.425,ZeroMinusTick,1ffa9200-e869-5bc2-bc82-ebb3296013dc,2.425e+07,0.1,0.2425
1658276186,ALICEUSDT,Sell,129.8,2.420,MinusTick,68b44ced-9344-5119-a418-2a451974d178,3.1411600000000004e+10,129.8,314.11600000000004
1658276186,ALICEUSDT,Sell,0.8,2.420,ZeroMinusTick,56b19c34-ee81-534f-9a90-a4e02bddec43,1.936e+08,0.8,1.936
1658276186,ALICEUSDT,Sell,103.1,2.420,ZeroMinusTick,b92c8221-10f7-5173-8140-680623ec72c8,2.49502e+10,103.1,249.50199999999998
1658276186,ALICEUSDT,Sell,415.8,2.420,ZeroMinusTick,3c58d4e8-daee-58c8-abb1-882267dc38e0,1.006236e+11,415.8,1006.236
1658276195,ALICEUSDT,Sell,40.6,2.415,MinusTick,9e460642-9232-5e4c-91bd-5ef3a758674f,9.8049e+09,40.6,98.049
1658276219,ALICEUSDT,Sell,73.6,2.415,ZeroMinusTick,3654ad0b-619e-5103-b5cb-4b18c67c482d,1.77744e+10,73.6,177.744
1658276236,ALICEUSDT,Buy,103.4,2.420,PlusTick,071aa452-6e2c-5178-bd5c-487ce6a52f97,2.50228e+10,103.4,250.228
1658276247,ALICEUSDT,Buy,25.8,2.425,PlusTick,895c5f42-1308-5a6d-9f8f-a815271b8512,6.2565e+09,25.8,62.565
1658276247,ALICEUSDT,Buy,54.3,2.425,ZeroMinusTick,4c3b1c8d-a0ad-55e6-a442-d55771f1753f,1.3167749999999998e+10,54.3,131.67749999999998
1658276258,ALICEUSDT,Sell,0.6,2.425,ZeroMinusTick,3c6c061d-c26e-543d-931a-4a4130917e0c,1.4549999999999997e+08,0.6,1.4549999999999998
1658276258,ALICEUSDT,Sell,859.5,2.425,ZeroMinusTick,2e0746fe-3f1f-5fb2-be3d-a6e3c3db3c46,2.0842875e+11,859.5,2084.2875
1658276258,ALICEUSDT,Sell,54.7,2.425,ZeroMinusTick,d0c324d1-923c-5cc6-be82-b7b1467ac6a2,1.326475e+10,54.7,132.6475
1658276273,ALICEUSDT,Sell,197.1,2.425,ZeroMinusTick,1877e176-3a0f-521d-8379-dbe2450ed32b,4.779675e+10,197.1,477.9675
1658276287,ALICEUSDT,Buy,66.6,2.430,PlusTick,d0890e64-a35c-590e-9169-6310103dc108,1.61838e+10,66.6,161.838
1658276287,ALICEUSDT,Buy,70.1,2.430,ZeroMinusTick,67ae7d92-b5db-573c-909f-b681ff611dcf,1.7034299999999998e+10,70.1,170.343
1658276287,ALICEUSDT,Buy,33.3,2.430,ZeroMinusTick,c12dbfca-40da-58cb-9f40-f8e9a3830cfb,8.0919e+09,33.3,80.919
1658276287,ALICEUSDT,Buy,23.4,2.430,ZeroMinusTick,a870427d-48c0-5568-b1c0-a78c4d9328c8,5.6862e+09,23.4,56.862
1658276294,ALICEUSDT,Buy,0.3,2.435,PlusTick,fb2743b5-45de-51d4-9864-0bff110fd9bd,7.305e+07,0.3,0.7305
1658276297,ALICEUSDT,Buy,40.5,2.435,ZeroMinusTick,775fc1ae-bacd-5fee-9e76-2fda373e9edd,9.86175e+09,40.5,98.6175
1658276347,ALICEUSDT,Buy,81.9,2.435,ZeroMinusTick,365d47d0-2cf8-5cc5-a2d8-af351b0b86ac,1.994265e+10,81.9,199.4265
1658276374,ALICEUSDT,Buy,0.5,2.440,PlusTick,01878512-8609-52e0-867c-3880442aec2d,1.22e+08,0.5,1.22
1658276386,ALICEUSDT,Sell,732.2,2.435,MinusTick,a8a2ac96-8fc7-5daa-befd-3f055efce201,1.7829070000000003e+11,732.2,1782.9070000000002
1658276446,ALICEUSDT,Buy,102.8,2.430,MinusTick,5366dde6-dc4d-5208-9c5a-cc72f3ecc2f5,2.49804e+10,102.8,249.804
1658276446,ALICEUSDT,Buy,531.5,2.435,PlusTick,ccba9517-e7fe-5c57-8f56-b31520ac8683,1.2942025000000002e+11,531.5,1294.2025
1658276446,ALICEUSDT,Buy,404.1,2.435,ZeroMinusTick,61537a55-1c71-5de1-9f4f-58410f62fa1c,9.839835e+10,404.1,983.9835
1658276461,ALICEUSDT,Buy,944.5,2.430,MinusTick,836d9cbe-ca76-54c8-8804-5219e4c1c034,2.2951350000000003e+11,944.5,2295.135
1658276466,ALICEUSDT,Sell,40.3,2.430,ZeroMinusTick,22dd07e4-bf74-5172-b64a-5cbb49a3c5a1,9.7929e+09,40.3,97.929
1658276534,ALICEUSDT,Buy,1.7,2.430,ZeroMinusTick,826dd07c-3c65-5062-8ac9-409cd22a1588,4.131e+08,1.7,4.131
1658276567,ALICEUSDT,Buy,714.7,2.430,ZeroMinusTick,5590f3f7-e7b8-58aa-b20e-99c15f516935,1.7367210000000003e+11,714.7,1736.7210000000002
1658276624,ALICEUSDT,Sell,0.1,2.435,PlusTick,92520f2d-158d-5426-92f4-0077540fc245,2.4350000000000004e+07,0.1,0.24350000000000002
1658276689,ALICEUSDT,Buy,557.3,2.445,PlusTick,398f5d9d-056a-5beb-8fab-1d27896a5011,1.3625984999999998e+11,557.3,1362.5984999999998
1658276689,ALICEUSDT,Buy,705.8,2.445,ZeroMinusTick,7476e108-013e-5b26-b921-04b66e90c406,1.7256809999999997e+11,705.8,1725.6809999999998
1658276689,ALICEUSDT,Sell,15,2.440,MinusTick,c4dee3fd-e569-521e-bf17-69d835b4ac03,3.66e+09,15,36.6
1658276693,ALICEUSDT,Buy,40.2,2.445,PlusTick,e542ca82-f8d0-5af4-9d72-e94e3d8e4dde,9.8289e+09,40.2,98.289
1658276700,ALICEUSDT,Sell,20.2,2.445,ZeroMinusTick,0836b312-68a3-5553-a2e8-08b65394138e,4.9389e+09,20.2,49.388999999999996
1658276700,ALICEUSDT,Sell,20.2,2.445,ZeroMinusTick,b9731d11-1dac-549a-b94e-94fad8a82efb,4.9389e+09,20.2,49.388999999999996
1658276700,ALICEUSDT,Sell,20.2,2.445,ZeroMinusTick,1bf08d1e-09c3-5c9b-bae8-61bebd4bea6e,4.9389e+09,20.2,49.388999999999996
1658276700,ALICEUSDT,Sell,20.2,2.445,ZeroMinusTick,1ba61978-27d5-5e11-981a-a067b5480f4f,4.9389e+09,20.2,49.388999999999996
1658276700,ALICEUSDT,Sell,20.2,2.445,ZeroMinusTick,58f5732a-d3aa-5757-bb7c-9b64422f8d47,4.9389e+09,20.2,49.388999999999996
1658276700,ALICEUSDT,Sell,20.2,2.445,ZeroMinusTick,02d64930-04f3-572d-9452-4a039a6ab6a5,4.9389e+09,20.2,49.388999999999996
1658276700,ALICEUSDT,Sell,20.2,2.445,ZeroMinusTick,eb28443c-ea85-5e01-9ebb-24f73843b204,4.9389e+09,20.2,49.388999999999996
1658276700,ALICEUSDT,Sell,20.2,2.445,ZeroMinusTick,71047cb4-5c1f-5206-8805-ae9d8350fc68,4.9389e+09,20.2,49.388999999999996
1658276741,ALICEUSDT,Sell,40.9,2.445,ZeroMinusTick,ff09ec3a-061f-5422-9fb5-cf06afd3b85a,1.0000049999999998e+10,40.9,100.00049999999999
1658276794,ALICEUSDT,Sell,1.5,2.440,MinusTick,b8ab21fa-6475-5c8c-b8b1-0ae300631ec3,3.66e+08,1.5,3.66
1658276844,ALICEUSDT,Buy,0.1,2.445,PlusTick,5c13a130-cc9c-53f6-8838-abc3cb9ff469,2.445e+07,0.1,0.2445
1658276851,ALICEUSDT,Buy,983,2.445,ZeroMinusTick,60ca9c27-3c0b-5fcf-98ec-17797af1bb40,2.403435e+11,983,2403.435
1658276856,ALICEUSDT,Buy,23.9,2.450,PlusTick,61607e80-31fe-5e8f-b4e6-47def0acc1f3,5.8555e+09,23.9,58.555
1658276856,ALICEUSDT,Buy,570.7,2.450,ZeroMinusTick,1731e252-1bc6-51cd-96bf-4e833316f570,1.398215e+11,570.7,1398.2150000000001
1658276856,ALICEUSDT,Buy,204.9,2.450,ZeroMinusTick,1bf435d1-e093-5b80-9dd2-505afd5c354a,5.020050000000001e+10,204.9,502.00500000000005
1658276856,ALICEUSDT,Buy,81.9,2.450,ZeroMinusTick,f9246469-a633-5fb2-ad08-d826b3a24035,2.0065500000000004e+10,81.9,200.65500000000003
1658276856,ALICEUSDT,Buy,1250,2.450,ZeroMinusTick,420ac691-4d66-5df8-beb9-ae7698e23c6f,3.0625e+11,1250,3062.5
1658276856,ALICEUSDT,Buy,40.9,2.450,ZeroMinusTick,1061e901-a2c0-52ec-870f-0ebb3ffd5a92,1.00205e+10,40.9,100.205
1658276857,ALICEUSDT,Sell,20.2,2.450,ZeroMinusTick,ee39c9c7-3156-5aff-8a97-082fce676d07,4.949e+09,20.2,49.49
1658276883,ALICEUSDT,Buy,811.7,2.455,PlusTick,637dce69-6926-52fe-a882-4cb9fa3cb87e,1.9927235e+11,811.7,1992.7235
1658276888,ALICEUSDT,Buy,100.6,2.455,ZeroMinusTick,034d907e-baf8-5e41-af2a-ec92d8c85cab,2.46973e+10,100.6,246.97299999999998
1658276914,ALICEUSDT,Buy,1.2,2.455,ZeroMinusTick,42e0fbbd-3656-59fa-bfa7-ae5a711ffcf9,2.946e+08,1.2,2.946
1658276994,ALICEUSDT,Sell,102,2.450,MinusTick,e352017e-8de2-5253-bfb2-e496aff23e19,2.499e+10,102,249.9
1658277014,ALICEUSDT,Buy,102.1,2.450,ZeroMinusTick,b35c0435-bfee-586e-9ec6-cd9ca894f62d,2.50145e+10,102.1,250.145
1658277015,ALICEUSDT,Sell,21.4,2.445,MinusTick,13efd409-cab7-5e8c-abd4-b9a3d9d7fc34,5.232299999999999e+09,21.4,52.32299999999999
1658277045,ALICEUSDT,Sell,669.5,2.445,ZeroMinusTick,4be5466c-65b0-59e0-8c9a-47ef5cc393ab,1.6369274999999997e+11,669.5,1636.9274999999998
1658277045,ALICEUSDT,Sell,539.6,2.445,ZeroMinusTick,b9e5c815-a4db-5697-a983-842774a2e17a,1.3193219999999998e+11,539.6,1319.322
1658277045,ALICEUSDT,Sell,14.2,2.445,ZeroMinusTick,68d2f388-961b-55f4-a3bb-31715e40f213,3.4718999999999995e+09,14.2,34.718999999999994
1658277114,ALICEUSDT,Buy,10,2.445,ZeroMinusTick,617dab05-3ce1-51e0-b468-3f5b3be3cb40,2.445e+09,10,24.45
1658277127,ALICEUSDT,Buy,0.1,2.450,PlusTick,3bf9d21c-c0dd-569a-84fd-72f40bc41f61,2.4500000000000004e+07,0.1,0.24500000000000002
1658277173,ALICEUSDT,Sell,40.9,2.445,MinusTick,017646e5-f4e0-54d0-b379-cf092fa97c63,1.0000049999999998e+10,40.9,100.00049999999999
1658277214,ALICEUSDT,Sell,1.7,2.445,ZeroMinusTick,4635c77e-1660-5ca4-8494-35a535ed2bef,4.1564999999999994e+08,1.7,4.156499999999999
1658277260,ALICEUSDT,Sell,1.2,2.440,MinusTick,1a5087e2-31a4-5655-bedc-91da75303a5a,2.928e+08,1.2,2.928
1658277261,ALICEUSDT,Sell,101.1,2.440,ZeroMinusTick,07a46668-4979-55d9-9128-cfad6d51dfd6,2.4668399999999996e+10,101.1,246.68399999999997
1658277267,ALICEUSDT,Buy,760,2.440,ZeroMinusTick,808a5975-963c-5ec2-ae8f-a1f6c65bcafe,1.8544e+11,760,1854.3999999999999
1658277267,ALICEUSDT,Buy,102.5,2.440,ZeroMinusTick,d3f113e8-2c97-56e1-b828-b42daea0a04b,2.501e+10,102.5,250.1
1658277267,ALICEUSDT,Buy,924.6,2.440,ZeroMinusTick,4148fe62-4030-5d9c-8132-7514f30ed3e4,2.256024e+11,924.6,2256.024
1658277277,ALICEUSDT,Buy,102.4,2.440,ZeroMinusTick,df18acb6-7f09-5746-8bb5-f142222d016f,2.49856e+10,102.4,249.856
1658277320,ALICEUSDT,Buy,157.5,2.445,PlusTick,9e64f508-e96e-527b-9361-b080e4983d73,3.850875e+10,157.5,385.0875
1658277320,ALICEUSDT,Buy,634.2,2.445,ZeroMinusTick,73cf36e4-9db5-57cd-9aae-ed8cee9d5aa3,1.550619e+11,634.2,1550.619
1658277325,ALICEUSDT,Sell,165.1,2.445,ZeroMinusTick,5db968f1-8cbf-5baf-8af1-553bf4343178,4.036695e+10,165.1,403.66949999999997
1658277325,ALICEUSDT,Sell,800.9,2.445,ZeroMinusTick,b541b964-7a08-5a7b-8d8d-e80a191620ea,1.9582005e+11,800.9,1958.2005
1658277325,ALICEUSDT,Sell,130,2.445,ZeroMinusTick,7624011c-dc9c-5452-86c4-eb38d7d8305e,3.1784999999999996e+10,130,317.84999999999997
1658277325,ALICEUSDT,Sell,143.8,2.445,ZeroMinusTick,afc468a0-7122-5cdf-8fc4-7f8a56389fb1,3.51591e+10,143.8,351.591
1658277325,ALICEUSDT,Sell,157.5,2.440,MinusTick,2847d309-f34d-5210-a4ef-a32542546cce,3.843e+10,157.5,384.3
1658277325,ALICEUSDT,Sell,88.5,2.440,ZeroMinusTick,4bddc95b-ae54-5a7b-88dd-75fbd7ee78b8,2.1594e+10,88.5,215.94
1658277325,ALICEUSDT,Sell,525.2,2.440,ZeroMinusTick,1261604b-b539-5da0-b368-200ba1488f8e,1.281488e+11,525.2,1281.488
1658277325,ALICEUSDT,Sell,135,2.440,ZeroMinusTick,b20ea6f1-b7d5-5487-938d-02f8c56b63e7,3.2939999999999996e+10,135,329.4
1658277325,ALICEUSDT,Sell,40.9,2.440,ZeroMinusTick,d0ffefd1-4397-55b7-bf6e-0790b784673a,9.9796e+09,40.9,99.79599999999999
1658277325,ALICEUSDT,Sell,81.9,2.440,ZeroMinusTick,cbb2dad0-e077-5a6b-ace0-b8aeae532c8d,1.99836e+10,81.9,199.836
1658277325,ALICEUSDT,Sell,173.8,2.440,ZeroMinusTick,94791ebd-da9f-5ba5-96da-ba8ee374de75,4.24072e+10,173.8,424.072
1658277404,ALICEUSDT,Sell,0.4,2.430,MinusTick,0e26a4df-2f28-50a1-9c61-e9b1669509d2,9.720000000000001e+07,0.4,0.9720000000000001
1658277442,ALICEUSDT,Buy,1250,2.435,PlusTick,f42d278b-af98-5f5f-a698-842f196018db,3.04375e+11,1250,3043.75
1658277442,ALICEUSDT,Buy,157.5,2.435,ZeroMinusTick,bd7140aa-80a4-5ddc-ba50-7de612de9cca,3.835125e+10,157.5,383.5125
1658277442,ALICEUSDT,Buy,242.9,2.435,ZeroMinusTick,405c0669-2785-5014-b1eb-7c12a8160469,5.914615e+10,242.9,591.4615
1658277486,ALICEUSDT,Sell,102.7,2.430,MinusTick,39a4cc09-fc6a-59e9-bb7b-efb98fa957e0,2.4956100000000004e+10,102.7,249.56100000000004
1658277498,ALICEUSDT,Buy,102.9,2.430,ZeroMinusTick,7230d823-42aa-5794-b7e1-7926360879bb,2.5004700000000004e+10,102.9,250.04700000000003
1658277571,ALICEUSDT,Sell,66.5,2.425,MinusTick,753b55f9-fbf6-53c6-a67a-58310c0878c6,1.6126249999999998e+10,66.5,161.2625
1658277617,ALICEUSDT,Sell,0.5,2.420,MinusTick,9d42c8df-c3af-5507-9c0e-613547da1a2a,1.21e+08,0.5,1.21
1658277617,ALICEUSDT,Sell,0.2,2.420,ZeroMinusTick,d9fdb63c-113f-5137-9b3b-8e7273a64688,4.84e+07,0.2,0.484
1658277617,ALICEUSDT,Sell,1.7,2.420,ZeroMinusTick,28313de2-6c80-58db-bf5d-8ca03c021e29,4.114e+08,1.7,4.114
1658277617,ALICEUSDT,Sell,1.9,2.420,ZeroMinusTick,722e43f9-6b61-5ec7-8f4d-f3e245d9e731,4.598e+08,1.9,4.598
1658277617,ALICEUSDT,Sell,1.5,2.420,ZeroMinusTick,89e95d18-eb72-59cf-bf9c-c8151ebec27f,3.63e+08,1.5,3.63
1658277617,ALICEUSDT,Sell,40.7,2.420,ZeroMinusTick,e89bc226-e54c-5e4a-8abd-950deff41c50,9.8494e+09,40.7,98.494
1658277617,ALICEUSDT,Sell,411,2.420,ZeroMinusTick,a1f995f0-5f8d-568c-89c5-0a75238d4e0d,9.9462e+10,411,994.62
1658277617,ALICEUSDT,Sell,201.4,2.420,ZeroMinusTick,c2cdad24-2a39-526c-9320-671cc73bc243,4.87388e+10,201.4,487.388
1658277617,ALICEUSDT,Sell,0.1,2.420,ZeroMinusTick,c12eebc9-6394-5a8a-8857-97f050fdd2b8,2.42e+07,0.1,0.242
1658277617,ALICEUSDT,Sell,157.5,2.420,ZeroMinusTick,7ab697fd-2743-5f72-ab7a-8eec5c00bbff,3.8115e+10,157.5,381.15
1658277617,ALICEUSDT,Sell,103.1,2.420,ZeroMinusTick,5e888adb-3715-5676-a2b1-ea41e139ce49,2.49502e+10,103.1,249.50199999999998
1658277634,ALICEUSDT,Buy,0.9,2.420,ZeroMinusTick,a157309d-c8d2-5df2-9d73-1e568e05f5fa,2.178e+08,0.9,2.178
1658277635,ALICEUSDT,Buy,103.3,2.420,ZeroMinusTick,9ff39903-9004-5630-996e-77f381469e80,2.49986e+10,103.3,249.986
1658277635,ALICEUSDT,Buy,40.9,2.420,ZeroMinusTick,8a580d72-bb1c-5581-97aa-42ce9af59ca2,9.8978e+09,40.9,98.978
1658277667,ALICEUSDT,Sell,20.2,2.415,MinusTick,3ce61fb9-983f-55cd-945b-14ec8ae7f770,4.8783e+09,20.2,48.783
1658277667,ALICEUSDT,Sell,8.2,2.415,ZeroMinusTick,e8481cc7-e835-5a77-8f59-69b4703779d8,1.9802999999999998e+09,8.2,19.802999999999997
1658277667,ALICEUSDT,Sell,20.2,2.415,ZeroMinusTick,5fa64ca4-a9ba-575d-9ff5-4d6a533f8c21,4.8783e+09,20.2,48.783
1658277667,ALICEUSDT,Sell,20.2,2.415,ZeroMinusTick,9dc730b8-1330-509a-a7b7-1715d8e61d45,4.8783e+09,20.2,48.783
1658277667,ALICEUSDT,Sell,20.2,2.415,ZeroMinusTick,faa44502-a918-5e31-915b-85a829fd35a8,4.8783e+09,20.2,48.783
1658277667,ALICEUSDT,Sell,20.2,2.415,ZeroMinusTick,fd1beeb8-6a53-5858-a130-89962d24c8fa,4.8783e+09,20.2,48.783
1658277667,ALICEUSDT,Sell,423.4,2.415,ZeroMinusTick,57152356-73a5-5a6b-950e-ead815757526,1.022511e+11,423.4,1022.511
1658277667,ALICEUSDT,Sell,30.8,2.415,ZeroMinusTick,aef6e622-a623-5978-b0ec-c8a09884d904,7.438200000000001e+09,30.8,74.382
1658277682,ALICEUSDT,Sell,157.5,2.415,ZeroMinusTick,ce28b14d-b952-5d2a-812e-7786e6a060fc,3.803625e+10,157.5,380.3625
1658277730,ALICEUSDT,Buy,46.7,2.420,PlusTick,20ef942c-07b6-5657-8c19-7414a5debb5b,1.1301400000000002e+10,46.7,113.01400000000001
1658277730,ALICEUSDT,Buy,56.6,2.420,ZeroMinusTick,82a0ff57-03d9-591a-8e4d-596cdefa8f91,1.36972e+10,56.6,136.972
1658277754,ALICEUSDT,Sell,0.5,2.420,ZeroMinusTick,0f48a1fb-dc76-5e3c-961e-92824b6509f9,1.21e+08,0.5,1.21
1658277786,ALICEUSDT,Buy,103.3,2.420,ZeroMinusTick,fd75f609-3a61-543f-a4ef-9789bb0bd73d,2.49986e+10,103.3,249.986
1658277786,ALICEUSDT,Buy,85.1,2.420,ZeroMinusTick,1e744d7b-896d-5ec2-a29b-bc267d0bd3d5,2.0594199999999996e+10,85.1,205.94199999999998
1658277786,ALICEUSDT,Buy,40.4,2.420,ZeroMinusTick,31d8dbe3-46d5-520d-b505-899259579ada,9.7768e+09,40.4,97.768
1658277786,ALICEUSDT,Buy,20.7,2.420,ZeroMinusTick,affa2e44-e0c3-52f8-9632-34639dffddba,5.009399999999999e+09,20.7,50.093999999999994
1658277836,ALICEUSDT,Sell,20.2,2.420,ZeroMinusTick,0ab29076-41c0-5e3e-bc82-4c20afae5b1e,4.8884e+09,20.2,48.884
1658277836,ALICEUSDT,Sell,20.2,2.420,ZeroMinusTick,ddbf139e-0a36-5d57-82f1-c72dbc1af61a,4.8884e+09,20.2,48.884
1658277836,ALICEUSDT,Sell,20.2,2.420,ZeroMinusTick,d6bf8f49-4b81-5d03-a761-fbdf46af7dc9,4.8884e+09,20.2,48.884
1658277836,ALICEUSDT,Sell,20.2,2.420,ZeroMinusTick,08ceca96-38f1-56ab-b1f3-7945873ca43b,4.8884e+09,20.2,48.884
1658277836,ALICEUSDT,Sell,20.2,2.420,ZeroMinusTick,ac4d1685-a4df-5042-9315-4e15adc6c4a6,4.8884e+09,20.2,48.884
1658277836,ALICEUSDT,Sell,20.2,2.420,ZeroMinusTick,fdc0f994-e7fd-505f-8479-589c15b41549,4.8884e+09,20.2,48.884
1658277837,ALICEUSDT,Sell,2.2,2.420,ZeroMinusTick,980f61f5-d9b8-522b-9e2b-617d3a2c0c0f,5.324e+08,2.2,5.324
1658277837,ALICEUSDT,Sell,4.4,2.420,ZeroMinusTick,27046f18-5303-587e-b0b0-1fed4db81bc4,1.0648e+09,4.4,10.648
1658277837,ALICEUSDT,Sell,20.2,2.420,ZeroMinusTick,e61024b2-7f8b-5a8b-a318-398161d9b9a2,4.8884e+09,20.2,48.884
1658277837,ALICEUSDT,Sell,9.5,2.420,ZeroMinusTick,6e3cbeef-2ed9-5a2a-968c-9dfe6596b4b8,2.299e+09,9.5,22.99
1658277837,ALICEUSDT,Sell,10.7,2.420,ZeroMinusTick,34280288-0e95-527a-9570-58dd8567c285,2.5894e+09,10.7,25.894
1658277837,ALICEUSDT,Sell,20.2,2.420,ZeroMinusTick,aca9d082-e03a-58c2-aa2b-64e37602b612,4.8884e+09,20.2,48.884
1658277837,ALICEUSDT,Sell,20.2,2.420,ZeroMinusTick,2c179a00-03a5-51a5-9330-5afe97226e16,4.8884e+09,20.2,48.884
1658277837,ALICEUSDT,Sell,20.2,2.420,ZeroMinusTick,633a6b9a-f846-5b1c-934f-05d6f4d3e097,4.8884e+09,20.2,48.884
1658277843,ALICEUSDT,Sell,34.9,2.415,MinusTick,7b5b56b1-025e-5906-a380-877ff9c42a0e,8.42835e+09,34.9,84.2835
1658277865,ALICEUSDT,Sell,122.6,2.415,ZeroMinusTick,84202538-9e83-5268-912b-2908b7ca1b77,2.96079e+10,122.6,296.079
1658277865,ALICEUSDT,Sell,40.9,2.415,ZeroMinusTick,dd16b3fa-8018-57b0-a7c5-c3e3429d3089,9.87735e+09,40.9,98.7735
1658277865,ALICEUSDT,Sell,911.3,2.415,ZeroMinusTick,9bd936b5-a2b4-5abe-8c0e-e28af95fd9f1,2.2007895e+11,911.3,2200.7895
1658277879,ALICEUSDT,Sell,197.9,2.415,ZeroMinusTick,537228cb-21f3-5933-92f1-f620e86ec72d,4.779285000000001e+10,197.9,477.92850000000004
1658277909,ALICEUSDT,Sell,20.7,2.410,MinusTick,c41bb431-9015-582e-940e-876a08a87096,4.9887e+09,20.7,49.887
1658277909,ALICEUSDT,Sell,672.2,2.410,ZeroMinusTick,3c99bb34-7aeb-58b4-94b5-c773dcec2f5e,1.6200020000000003e+11,672.2,1620.0020000000002
1658277909,ALICEUSDT,Sell,118.8,2.410,ZeroMinusTick,c069dddc-8d39-53d6-acc6-6a6fe25dc7bf,2.86308e+10,118.8,286.308
1658277915,ALICEUSDT,Buy,1250,2.415,PlusTick,b8a42bdc-adda-58b3-8145-92d7f1e1efcf,3.01875e+11,1250,3018.75
1658277915,ALICEUSDT,Buy,40.9,2.415,ZeroMinusTick,688e3624-42ef-5fc3-bc0a-3bcc0dc7b4b5,9.87735e+09,40.9,98.7735
1658277916,ALICEUSDT,Sell,184.7,2.415,ZeroMinusTick,b7989e49-73d4-5d27-a522-62fa01e8e400,4.460505e+10,184.7,446.0505
1658277960,ALICEUSDT,Buy,103.3,2.420,PlusTick,4af4445c-4b2d-5cf6-aacb-98afd1b3993d,2.49986e+10,103.3,249.986
1658277960,ALICEUSDT,Buy,667.2,2.420,ZeroMinusTick,a68ce93a-16a0-5137-917b-5d159dbdac23,1.614624e+11,667.2,1614.624
1658277960,ALICEUSDT,Buy,209.9,2.420,ZeroMinusTick,0f3122dd-9957-57eb-9732-e901361947b5,5.07958e+10,209.9,507.958
1658278004,ALICEUSDT,Sell,0.9,2.420,ZeroMinusTick,305fb45e-b24c-5f76-991c-9939c6f2f7c6,2.178e+08,0.9,2.178
1658278019,ALICEUSDT,Buy,1250,2.425,PlusTick,bcad5f30-3325-5a10-b289-ce8894fc23fa,3.03125e+11,1250,3031.25
1658278019,ALICEUSDT,Sell,182.2,2.425,ZeroMinusTick,41ab4d02-dca5-54f4-ac7d-0dc5bf4b0d0d,4.418349999999999e+10,182.2,441.8349999999999
1658278019,ALICEUSDT,Buy,8.3,2.430,PlusTick,0cd226b7-ad39-5363-a51f-ad5e78b35b5b,2.0169000000000005e+09,8.3,20.169000000000004
1658278104,ALICEUSDT,Sell,1.3,2.420,MinusTick,bdf04750-fef5-5ddc-af69-2dad5997693d,3.146e+08,1.3,3.146
1658278197,ALICEUSDT,Buy,7.8,2.430,PlusTick,ac47e8f7-c3e9-5268-80e9-2abce2d6dd4e,1.8954e+09,7.8,18.954
1658278304,ALICEUSDT,Buy,0.7,2.430,ZeroMinusTick,63f4c6e3-772b-59e3-9211-7ba3f5db8283,1.701e+08,0.7,1.701
1658278323,ALICEUSDT,Sell,353.4,2.425,MinusTick,a6ec31f2-b86e-5446-aac9-17ef97cd23df,8.569949999999998e+10,353.4,856.9949999999999
1658278330,ALICEUSDT,Sell,20.2,2.425,ZeroMinusTick,b18df4de-bbef-5b5f-8466-b9459bf91577,4.898499999999999e+09,20.2,48.98499999999999
1658278351,ALICEUSDT,Buy,6.2,2.425,ZeroMinusTick,a31ab5d5-d997-5327-984a-253436d71bc9,1.5035e+09,6.2,15.035
1658278384,ALICEUSDT,Sell,1.3,2.420,MinusTick,9b1e720d-427c-54e4-b957-69b0cdb8930c,3.146e+08,1.3,3.146
1658278395,ALICEUSDT,Buy,103.3,2.420,ZeroMinusTick,f06bcfdd-94b0-5abd-aff0-a979c3c08d2a,2.49986e+10,103.3,249.986
1658278444,ALICEUSDT,Sell,0.1,2.415,MinusTick,c6d8dba8-86fd-5289-ad10-14627971ff14,2.4150000000000004e+07,0.1,0.24150000000000002
1658278457,ALICEUSDT,Buy,1250,2.415,ZeroMinusTick,eb88581c-498d-52c9-a076-0054e7a0464d,3.01875e+11,1250,3018.75
1658278457,ALICEUSDT,Buy,798.2,2.415,ZeroMinusTick,ca82e37c-c2d8-5467-9032-10ae80ebf3f6,1.9276530000000003e+11,798.2,1927.6530000000002
1658278462,ALICEUSDT,Sell,20.2,2.415,ZeroMinusTick,c1c0367b-9bd2-5264-bd21-e0a876555e12,4.8783e+09,20.2,48.783
1658278462,ALICEUSDT,Sell,20.2,2.415,ZeroMinusTick,7f46e610-4f92-5f6a-99d3-299c78994742,4.8783e+09,20.2,48.783
1658278462,ALICEUSDT,Sell,20.2,2.415,ZeroMinusTick,f9a247de-9810-551d-8b2a-26f0b9cbd0c1,4.8783e+09,20.2,48.783
1658278462,ALICEUSDT,Sell,20.2,2.415,ZeroMinusTick,77b29de2-2773-5753-80df-5aba168eb69b,4.8783e+09,20.2,48.783
1658278462,ALICEUSDT,Sell,20.2,2.415,ZeroMinusTick,488425b5-e6e7-50f7-9c97-332c97d6c90c,4.8783e+09,20.2,48.783
1658278462,ALICEUSDT,Sell,56.5,2.415,ZeroMinusTick,5be3c662-6fb8-58b0-8515-7791c1b6d4c5,1.364475e+10,56.5,136.4475
1658278504,ALICEUSDT,Buy,0.9,2.420,PlusTick,73a46f64-92d9-5261-9050-142fc614c129,2.178e+08,0.9,2.178
1658278519,ALICEUSDT,Buy,40,2.420,ZeroMinusTick,2a3ec36b-cc7c-5855-904e-5c019fa7b4e7,9.68e+09,40,96.8
1658278522,ALICEUSDT,Sell,20.2,2.415,MinusTick,520bb722-161b-559c-b856-1d2296441a2c,4.8783e+09,20.2,48.783
1658278522,ALICEUSDT,Sell,20.2,2.415,ZeroMinusTick,f41ea522-4219-5c6e-861d-38f3b26db2a7,4.8783e+09,20.2,48.783
1658278522,ALICEUSDT,Sell,20.2,2.415,ZeroMinusTick,b477f836-6abd-5332-9784-3fde02642b89,4.8783e+09,20.2,48.783
1658278522,ALICEUSDT,Sell,20.2,2.415,ZeroMinusTick,ab31cdd6-90c7-5675-93a1-7d776c7333e7,4.8783e+09,20.2,48.783
1658278522,ALICEUSDT,Sell,20.2,2.415,ZeroMinusTick,18e567dc-e2bd-56a6-a94b-98bd6f85f662,4.8783e+09,20.2,48.783
1658278522,ALICEUSDT,Sell,2.8,2.415,ZeroMinusTick,31a9c0e7-6006-50f0-83a9-5e8cd6b6bdb3,6.762e+08,2.8,6.762
1658278525,ALICEUSDT,Sell,100,2.410,MinusTick,a3c3703e-8d90-5bee-ba87-7ae333ec200a,2.41e+10,100,241
1658278525,ALICEUSDT,Sell,57.5,2.410,ZeroMinusTick,d163ac7a-e3c7-5681-aa51-ea1b2c433209,1.3857500000000002e+10,57.5,138.57500000000002
1658278525,ALICEUSDT,Sell,103.5,2.410,ZeroMinusTick,a3c5468a-06cd-5396-b12f-9c973daaee5e,2.49435e+10,103.5,249.435
1658278525,ALICEUSDT,Sell,539.5,2.410,ZeroMinusTick,15173f32-570d-54ed-97a0-1c67dc9a85d9,1.3001950000000002e+11,539.5,1300.1950000000002
1658278525,ALICEUSDT,Sell,279.9,2.410,ZeroMinusTick,17f59edc-346f-5275-8f92-1ea3e1a860bd,6.74559e+10,279.9,674.559
1658278533,ALICEUSDT,Sell,338.8,2.410,ZeroMinusTick,4dfdb972-8f85-5d6e-a84c-3dd81e1935c6,8.16508e+10,338.8,816.508
1658278577,ALICEUSDT,Buy,20.7,2.415,PlusTick,b5a99a24-57be-5d1b-907d-b945b585b70e,4.99905e+09,20.7,49.9905
1658278626,ALICEUSDT,Sell,533.6,2.415,ZeroMinusTick,18d1f6f7-abe9-53e4-98c9-d11cfe0e951c,1.288644e+11,533.6,1288.644
1658278635,ALICEUSDT,Buy,62.4,2.420,PlusTick,cb7e3e77-eb8d-5e49-ae0f-dff98c6a8bba,1.5100799999999998e+10,62.4,151.00799999999998
1658278635,ALICEUSDT,Buy,675.9,2.420,ZeroMinusTick,5d97fa55-a120-5a80-941a-8ae1748f409b,1.635678e+11,675.9,1635.6779999999999
1658278664,ALICEUSDT,Sell,10,2.415,MinusTick,52cc39f6-d802-5d05-b8ab-a45f86edb6f8,2.415e+09,10,24.15
1658278742,ALICEUSDT,Buy,26.8,2.415,ZeroMinusTick,f52d36fc-232c-596c-8cb8-433ec5bf4e4a,6.472200000000001e+09,26.8,64.72200000000001
1658278742,ALICEUSDT,Buy,28.5,2.415,ZeroMinusTick,523789ce-b8a6-5783-9456-e8913eba3ffb,6.88275e+09,28.5,68.8275
1658278744,ALICEUSDT,Buy,1,2.420,PlusTick,765a6d2b-77a7-5b55-b6be-e1332befb7bc,2.42e+08,1,2.42
1658278752,ALICEUSDT,Buy,102.3,2.420,ZeroMinusTick,904f77e4-2468-5e0e-8c7e-d94b04acd88f,2.4756599999999996e+10,102.3,247.56599999999997
1658278752,ALICEUSDT,Buy,37.9,2.420,ZeroMinusTick,6ae00cec-0bf7-5b6f-938e-0e87f38b200d,9.171799999999998e+09,37.9,91.71799999999999
1658278752,ALICEUSDT,Buy,604.1,2.420,ZeroMinusTick,86742e30-bccd-5609-b375-5cb84680ae83,1.461922e+11,604.1,1461.922
1658278752,ALICEUSDT,Buy,40.6,2.420,ZeroMinusTick,094103a8-8ebf-5d2b-803a-8a1fa1040173,9.8252e+09,40.6,98.252
1658278752,ALICEUSDT,Buy,3.6,2.420,ZeroMinusTick,655b1190-8103-577c-bd1d-d8a7d6bdd8df,8.712e+08,3.6,8.712
1658278773,ALICEUSDT,Sell,157.5,2.425,PlusTick,33fdf188-7c90-5ffc-82ff-16c407e2debc,3.819375e+10,157.5,381.9375
1658278788,ALICEUSDT,Buy,65.6,2.425,ZeroMinusTick,262b655d-9242-50af-95a9-29edd27b361a,1.5907999999999998e+10,65.6,159.07999999999998
1658278788,ALICEUSDT,Buy,31.2,2.425,ZeroMinusTick,8d8b58c2-73ed-548d-88ef-879a6c55744c,7.566e+09,31.2,75.66
1658278788,ALICEUSDT,Buy,818.8,2.425,ZeroMinusTick,14dbdbc7-ae32-5e73-bcde-d0dade988e3f,1.9855899999999997e+11,818.8,1985.5899999999997
1658278788,ALICEUSDT,Buy,876.8,2.425,ZeroMinusTick,bef80180-7ca7-58e6-9d0c-d8f9d468da20,2.1262399999999997e+11,876.8,2126.24
1658278788,ALICEUSDT,Buy,1250,2.425,ZeroMinusTick,d0ad4278-374f-5797-ab0b-e5350763b6f1,3.03125e+11,1250,3031.25
1658278788,ALICEUSDT,Buy,668,2.425,ZeroMinusTick,4e4fc1ef-1701-56fb-87c7-fef29eb31e80,1.6199e+11,668,1619.8999999999999
1658278788,ALICEUSDT,Buy,541.5,2.425,ZeroMinusTick,4079ab55-77d9-5a1b-9f1e-7139c40fb7d8,1.3131374999999998e+11,541.5,1313.1374999999998
1658278788,ALICEUSDT,Buy,82.9,2.425,ZeroMinusTick,caf86ac5-cdba-5266-b996-3980bcbfbfbc,2.010325e+10,82.9,201.0325
1658278788,ALICEUSDT,Buy,15.9,2.425,ZeroMinusTick,2473a3b3-904c-58cb-a93c-21e1b0016d45,3.8557499999999995e+09,15.9,38.5575
1658278860,ALICEUSDT,Buy,17,2.425,ZeroMinusTick,6e0d578b-96ad-51cd-8585-55c70a82e280,4.1224999999999995e+09,17,41.224999999999994
1658278860,ALICEUSDT,Buy,1250,2.425,ZeroMinusTick,66ab9767-06c6-5fb8-a791-0870f039e42d,3.03125e+11,1250,3031.25
1658278860,ALICEUSDT,Sell,178.5,2.425,ZeroMinusTick,6971e7fd-efa0-5bf5-a69d-efef539b8602,4.328624999999999e+10,178.5,432.86249999999995
1658278913,ALICEUSDT,Buy,927.8,2.425,ZeroMinusTick,c448b615-bbd8-59fb-858d-10eb8107df29,2.2499149999999994e+11,927.8,2249.9149999999995
1658278934,ALICEUSDT,Buy,0.7,2.425,ZeroMinusTick,d3f1293a-13fc-5fac-9594-bcd9e418b154,1.6974999999999997e+08,0.7,1.6974999999999998
1658278994,ALICEUSDT,Buy,1.1,2.430,PlusTick,51f5d4a9-a0a6-5928-9493-c060cb9514d8,2.6730000000000006e+08,1.1,2.6730000000000005
1658279015,ALICEUSDT,Buy,65.4,2.430,ZeroMinusTick,be9a5c49-8040-5f52-82fc-92d8bc98b0cb,1.5892200000000002e+10,65.4,158.92200000000003
1658279015,ALICEUSDT,Buy,0.1,2.430,ZeroMinusTick,3a5d4f58-d7da-5668-acfe-0ae3b5d2c644,2.4300000000000004e+07,0.1,0.24300000000000002
1658279084,ALICEUSDT,Sell,42.7,2.425,MinusTick,900205e1-7aa1-5cf4-804a-f781ef787a9f,1.035475e+10,42.7,103.5475
1658279086,ALICEUSDT,Sell,795.1,2.430,PlusTick,4328c06c-50d3-557b-bc15-bcd554137d1d,1.932093e+11,795.1,1932.093
1658279124,ALICEUSDT,Sell,0.8,2.425,MinusTick,ddc1d0bf-d508-506e-a8f3-e5616b6ca0e9,1.94e+08,0.8,1.94
1658279141,ALICEUSDT,Buy,40.9,2.435,PlusTick,a65cd6b0-ca21-5173-be7f-db310ca083d0,9.95915e+09,40.9,99.5915
1658279141,ALICEUSDT,Buy,81.9,2.435,ZeroMinusTick,33af93ef-ccbf-5d6b-aabe-f6434e9640d5,1.994265e+10,81.9,199.4265
1658279141,ALICEUSDT,Buy,137.6,2.435,ZeroMinusTick,f39a0349-c0ec-5860-ab3c-1fad87f3f01b,3.35056e+10,137.6,335.056
1658279203,ALICEUSDT,Buy,42.7,2.430,MinusTick,0724d58f-418f-5b67-9726-3e131b1ac1a4,1.0376100000000002e+10,42.7,103.76100000000001
1658279214,ALICEUSDT,Sell,0.2,2.425,MinusTick,66e6e5e8-b032-532b-86a3-bfc37ae035a2,4.85e+07,0.2,0.485
1658279225,ALICEUSDT,Sell,667.5,2.425,ZeroMinusTick,e6e16868-2ee4-53da-9b63-7c061ad8fa45,1.6186874999999997e+11,667.5,1618.6874999999998
1658279227,ALICEUSDT,Sell,41.4,2.420,MinusTick,e3b958de-d4a7-579e-924f-3f740a5160dc,1.0018799999999998e+10,41.4,100.18799999999999
1658279304,ALICEUSDT,Buy,1.6,2.425,PlusTick,8d6c117b-a50e-5a6d-83a3-a2d708872efa,3.88e+08,1.6,3.88
1658279334,ALICEUSDT,Sell,66.7,2.420,MinusTick,8dd8f36a-8b66-53f0-9c01-2e70fe6a8b18,1.6141400000000002e+10,66.7,161.41400000000002
1658279334,ALICEUSDT,Sell,103.1,2.420,ZeroMinusTick,c834af6c-db2e-57aa-8d9c-1a69142f637c,2.49502e+10,103.1,249.50199999999998
1658279334,ALICEUSDT,Sell,60,2.420,ZeroMinusTick,f0f2f276-0073-5833-81dc-d5f395b9521c,1.4519999999999998e+10,60,145.2
1658279334,ALICEUSDT,Sell,30,2.420,ZeroMinusTick,aff62557-3112-5002-a296-d8a135b9a174,7.259999999999999e+09,30,72.6
1658279349,ALICEUSDT,Sell,526.3,2.415,MinusTick,ec0b11f6-5467-55da-978c-ef9776d41e7a,1.2710145e+11,526.3,1271.0145
1658279425,ALICEUSDT,Buy,41.2,2.420,PlusTick,dd028d25-59c2-5a2e-ad20-bba82a645ff1,9.9704e+09,41.2,99.70400000000001
1658279470,ALICEUSDT,Buy,1.2,2.420,ZeroMinusTick,6e213a2f-6545-5c06-b6fe-b794d6057905,2.904e+08,1.2,2.904
1658279470,ALICEUSDT,Buy,0.4,2.420,ZeroMinusTick,0116853b-e085-52af-b3a6-80a6de5d1e33,9.68e+07,0.4,0.968
1658279470,ALICEUSDT,Buy,3.9,2.420,ZeroMinusTick,f1eac053-f14b-5324-a841-1c180b908570,9.437999999999999e+08,3.9,9.437999999999999
1658279470,ALICEUSDT,Buy,2.3,2.420,ZeroMinusTick,edcb9e06-a76e-5bf6-90a1-9e7f528c4912,5.566e+08,2.3,5.566
1658279470,ALICEUSDT,Buy,1.5,2.420,ZeroMinusTick,66e79140-23ec-5e44-b3d0-072fef14be45,3.63e+08,1.5,3.63
1658279470,ALICEUSDT,Buy,101.8,2.420,ZeroMinusTick,7c2c226d-1c98-53b5-8508-143c877c2b52,2.46356e+10,101.8,246.356
1658279474,ALICEUSDT,Buy,0.8,2.420,ZeroMinusTick,c3053072-1659-57bd-ab08-9081008a0c04,1.936e+08,0.8,1.936
1658279494,ALICEUSDT,Buy,10,2.420,ZeroMinusTick,5ccff6a7-1c2d-5440-802d-332dabe9c84d,2.42e+09,10,24.2
1658279574,ALICEUSDT,Buy,0.6,2.420,ZeroMinusTick,7b22a006-77c1-58ce-a07f-fc2fec5a0591,1.452e+08,0.6,1.452
1658279579,ALICEUSDT,Buy,102.7,2.420,ZeroMinusTick,381643ae-85a7-5d00-9a7d-6ed50851cbcb,2.48534e+10,102.7,248.534
1658279686,ALICEUSDT,Buy,103.3,2.420,ZeroMinusTick,52be68f2-e199-53c5-a948-3d97b1cefa63,2.49986e+10,103.3,249.986
1658279686,ALICEUSDT,Buy,157.5,2.420,ZeroMinusTick,3f9b4d1c-7c0b-598b-b251-73dddb8fa409,3.8115e+10,157.5,381.15
1658279720,ALICEUSDT,Buy,66.7,2.425,PlusTick,db18f2b5-2ada-5c38-8206-9d193518ffc7,1.617475e+10,66.7,161.7475
1658279720,ALICEUSDT,Buy,157.5,2.425,ZeroMinusTick,859833f6-0193-5831-9373-1e75314a3113,3.819375e+10,157.5,381.9375
1658279720,ALICEUSDT,Buy,0.1,2.425,ZeroMinusTick,2ffcc5ef-a650-5a68-87bf-b6371eeb298c,2.425e+07,0.1,0.2425
1658279730,ALICEUSDT,Sell,931.6,2.425,ZeroMinusTick,875e4773-7696-5ae1-b838-2d2dd6feb6b5,2.25913e+11,931.6,2259.13
1658279774,ALICEUSDT,Buy,0.1,2.425,ZeroMinusTick,9d5a2ef2-a5cb-5bbc-b083-3bdb07fa641a,2.425e+07,0.1,0.2425
1658279774,ALICEUSDT,Buy,0.9,2.425,ZeroMinusTick,8cb2fd83-c2c5-5965-9855-95fc18e066eb,2.1825e+08,0.9,2.1825
1658279819,ALICEUSDT,Buy,0.1,2.430,PlusTick,70a6bde0-c182-5101-bb9e-fe3bba7e5bc2,2.4300000000000004e+07,0.1,0.24300000000000002
1658279844,ALICEUSDT,Sell,0.2,2.430,ZeroMinusTick,3b47f0fe-0cf9-5640-a9d2-ff823af13786,4.860000000000001e+07,0.2,0.48600000000000004
1658279904,ALICEUSDT,Buy,1.8,2.435,PlusTick,ac1e571e-178e-5264-9f8a-f6c3735d9a78,4.383e+08,1.8,4.383
1658279967,ALICEUSDT,Buy,0.1,2.435,ZeroMinusTick,ecf89451-144e-54ab-9c69-22d08d894818,2.4350000000000004e+07,0.1,0.24350000000000002
1658279967,ALICEUSDT,Buy,132.9,2.435,ZeroMinusTick,f0ee0f14-62b5-5d32-9a7f-ce7ffc7e6125,3.2361150000000004e+10,132.9,323.61150000000004
1658280034,ALICEUSDT,Sell,0.5,2.430,MinusTick,d849cdec-519f-5e15-ace2-ed2c93d548bf,1.2150000000000001e+08,0.5,1.215
1658280137,ALICEUSDT,Buy,0.1,2.435,PlusTick,3275d913-9cca-5ea6-bbc5-a71c4286f184,2.4350000000000004e+07,0.1,0.24350000000000002
1658280184,ALICEUSDT,Sell,1.8,2.430,MinusTick,6b18b24d-2e9b-55d0-ad90-26bd38385f68,4.3740000000000006e+08,1.8,4.3740000000000006
1658280307,ALICEUSDT,Sell,297.3,2.430,ZeroMinusTick,7d45a9f0-1e13-5bcd-ba26-0b00f7add428,7.224390000000002e+10,297.3,722.4390000000001
1658280346,ALICEUSDT,Buy,0.1,2.435,PlusTick,5a6ef309-a865-51db-9885-7d2013d19cad,2.4350000000000004e+07,0.1,0.24350000000000002
1658280361,ALICEUSDT,Buy,673.1,2.435,ZeroMinusTick,c59fce51-5b55-56c5-b2cc-560ae042f1d3,1.6389985e+11,673.1,1638.9985000000001
1658280364,ALICEUSDT,Buy,0.1,2.440,PlusTick,27011645-00dd-5dda-90cc-7ea9125e2955,2.44e+07,0.1,0.244
1658280364,ALICEUSDT,Buy,0.3,2.440,ZeroMinusTick,bcc50943-7313-5e77-822e-baed28dd0959,7.32e+07,0.3,0.732
1658280375,ALICEUSDT,Buy,102.6,2.440,ZeroMinusTick,a7468ccc-1f05-5849-8fd5-e0b7eaebfa5e,2.50344e+10,102.6,250.344
1658280375,ALICEUSDT,Buy,0.1,2.440,ZeroMinusTick,14ff7325-fee9-5c36-a274-97727faf5ee6,2.44e+07,0.1,0.244
1658280496,ALICEUSDT,Buy,0.1,2.445,PlusTick,721fb87c-a968-5c76-bbb6-50aa19fb4e0e,2.445e+07,0.1,0.2445
1658280496,ALICEUSDT,Buy,41.3,2.445,ZeroMinusTick,7e6ebec0-9cad-5a50-80f8-47b612abd2be,1.0097849999999998e+10,41.3,100.97849999999998
1658280525,ALICEUSDT,Buy,100,2.445,ZeroMinusTick,76dad695-4378-5edc-bb89-1ea45162fa9c,2.4449999999999996e+10,100,244.49999999999997
1658280544,ALICEUSDT,Buy,37.4,2.445,ZeroMinusTick,cfc57307-7bc0-5515-b3ef-ab6a34118f6a,9.144299999999998e+09,37.4,91.44299999999998
1658280554,ALICEUSDT,Sell,1.7,2.440,MinusTick,62728ad0-db54-552b-8029-fe81d8777701,4.1479999999999994e+08,1.7,4.148
1658280624,ALICEUSDT,Sell,0.6,2.440,ZeroMinusTick,d14d60eb-83b4-5cf9-b4ec-aef699e999a0,1.464e+08,0.6,1.464
1658280724,ALICEUSDT,Buy,157.5,2.445,PlusTick,5b4e919c-256c-55f8-b764-d2b13dc25c80,3.850875e+10,157.5,385.0875
1658280724,ALICEUSDT,Buy,342.5,2.445,ZeroMinusTick,46f3ebef-7e46-5705-89ad-dce926a00e1b,8.374124999999998e+10,342.5,837.4124999999999
1658280784,ALICEUSDT,Buy,1.9,2.445,ZeroMinusTick,c86fced2-69b9-5101-8423-d20f958784ed,4.6454999999999994e+08,1.9,4.645499999999999
1658280854,ALICEUSDT,Sell,1.7,2.440,MinusTick,44b69e12-2355-542a-ae24-9d9fc92b1430,4.1479999999999994e+08,1.7,4.148
1658280868,ALICEUSDT,Buy,157.5,2.445,PlusTick,f11981f9-4d93-5252-8fa8-2623a2b4e78e,3.850875e+10,157.5,385.0875
1658280868,ALICEUSDT,Buy,300,2.445,ZeroMinusTick,1a6c314f-40dd-5c11-a102-959b4afcb39f,7.335e+10,300,733.5
1658280896,ALICEUSDT,Buy,50.6,2.450,PlusTick,43570049-5f0d-503b-92ce-a26e2475fd01,1.2397000000000002e+10,50.6,123.97000000000001
1658280896,ALICEUSDT,Buy,558.2,2.450,ZeroMinusTick,71111bc4-c173-5c28-9e57-0375242410dc,1.3675900000000002e+11,558.2,1367.5900000000001
1658280896,ALICEUSDT,Buy,0.1,2.450,ZeroMinusTick,bc2db8f9-68ff-5522-aa29-100b4b2e6904,2.4500000000000004e+07,0.1,0.24500000000000002
1658280896,ALICEUSDT,Buy,341.4,2.450,ZeroMinusTick,53540fac-e165-5f3a-8f35-ad2a5e553a3f,8.3643e+10,341.4,836.43
1658280905,ALICEUSDT,Buy,97.3,2.450,ZeroMinusTick,d33b7dc6-8d11-5cd5-819d-2253d9f98c8a,2.3838500000000004e+10,97.3,238.38500000000002
1658280935,ALICEUSDT,Sell,31.8,2.445,MinusTick,004a4837-a084-5b7b-9938-34782089192f,7.775099999999999e+09,31.8,77.75099999999999
1658280935,ALICEUSDT,Sell,861.9,2.445,ZeroMinusTick,b7d06f7c-84d6-54aa-942f-ce5f826093f6,2.1073455e+11,861.9,2107.3455
1658280935,ALICEUSDT,Sell,56.6,2.445,ZeroMinusTick,918125c0-31cd-51b5-b38e-3e3269d72f03,1.38387e+10,56.6,138.387
1658280942,ALICEUSDT,Buy,4.9,2.450,PlusTick,ed8f1a51-8b07-53bb-a376-1ba290a883db,1.2005000000000002e+09,4.9,12.005000000000003
1658280942,ALICEUSDT,Buy,157.5,2.450,ZeroMinusTick,7b0e9ed1-b9a7-5942-8c04-bb81ffd349c9,3.85875e+10,157.5,385.875
1658280942,ALICEUSDT,Buy,787.9,2.450,ZeroMinusTick,3caec200-c331-50ed-8645-9a4ad80c2ec3,1.930355e+11,787.9,1930.355
1658280956,ALICEUSDT,Sell,950.3,2.445,MinusTick,9e2774de-2cf1-5232-8cfb-b4350c5de02c,2.3234834999999997e+11,950.3,2323.4835
1658280974,ALICEUSDT,Buy,1.1,2.450,PlusTick,3e18369c-1b95-5d3b-bf4c-2e87f01b9570,2.695e+08,1.1,2.6950000000000003
1658281041,ALICEUSDT,Buy,156.4,2.450,ZeroMinusTick,05af8e3e-77bf-53aa-ac9d-cb4db6935d34,3.831800000000001e+10,156.4,383.18000000000006
1658281064,ALICEUSDT,Buy,1.4,2.455,PlusTick,79aa76ec-5d83-51fa-929d-5b15d145b5b0,3.437e+08,1.4,3.437
1658281099,ALICEUSDT,Sell,67.3,2.450,MinusTick,b890b263-ca9e-5b19-b090-efad43c3effe,1.64885e+10,67.3,164.885
1658281112,ALICEUSDT,Sell,220.9,2.455,PlusTick,065d7aab-c36a-5bda-84a7-228953ca5449,5.423095000000001e+10,220.9,542.3095000000001
1658281124,ALICEUSDT,Sell,1.7,2.455,ZeroMinusTick,8562eda9-3391-513e-95b7-df0e0a4839a8,4.1735e+08,1.7,4.1735
1658281158,ALICEUSDT,Sell,932.4,2.460,PlusTick,2ec063b3-78d4-5294-abb7-2ad823a1f273,2.2937039999999997e+11,932.4,2293.7039999999997
1658281166,ALICEUSDT,Sell,791,2.460,ZeroMinusTick,104ce753-82ad-5342-9554-a196879aa6b0,1.94586e+11,791,1945.86
1658281201,ALICEUSDT,Buy,0.1,2.465,PlusTick,546059df-2648-51f3-b357-d9ef3bbc9b82,2.465e+07,0.1,0.2465
1658281201,ALICEUSDT,Buy,3.2,2.465,ZeroMinusTick,d3982bd6-b193-544a-a28a-449b31e91c83,7.888e+08,3.2,7.888
1658281201,ALICEUSDT,Buy,128.8,2.465,ZeroMinusTick,09987375-a922-5a7c-bcb3-8b3a2428caad,3.17492e+10,128.8,317.492
1658281204,ALICEUSDT,Buy,28.7,2.465,ZeroMinusTick,4f3ce841-1a72-5519-ae66-69ac5f72eb8b,7.074549999999999e+09,28.7,70.74549999999999
1658281204,ALICEUSDT,Buy,93.8,2.465,ZeroMinusTick,177b301b-a1c3-5a85-ba5f-ad3779b40600,2.31217e+10,93.8,231.21699999999998
1658281226,ALICEUSDT,Sell,54.8,2.460,MinusTick,83d5dd5a-ab8c-5f54-98c3-f8cc5872b7b7,1.34808e+10,54.8,134.808
1658281226,ALICEUSDT,Sell,16,2.460,ZeroMinusTick,db31732f-03e9-5ff6-87c4-4d9fe6c676e6,3.936e+09,16,39.36
1658281254,ALICEUSDT,Sell,0.1,2.460,ZeroMinusTick,7982e1f7-491a-54d1-a5c7-804f81067cbd,2.46e+07,0.1,0.246
1658281270,ALICEUSDT,Sell,80.1,2.465,PlusTick,fbffe8a4-3104-5742-890e-b72e608f059f,1.974465e+10,80.1,197.4465
1658281292,ALICEUSDT,Sell,283.2,2.465,ZeroMinusTick,48ba41f5-be93-5dfb-acc7-5ff95ad248ac,6.98088e+10,283.2,698.088
1658281295,ALICEUSDT,Sell,75.7,2.465,ZeroMinusTick,e75be1ad-6102-52c1-a82f-01fd59b2b842,1.866005e+10,75.7,186.60049999999998
1658281340,ALICEUSDT,Sell,36.7,2.470,PlusTick,4b25b7d7-783e-5dfa-b459-15e75887b0a6,9.064900000000002e+09,36.7,90.64900000000002
1658281349,ALICEUSDT,Buy,33.6,2.475,PlusTick,ee879c0c-5733-5a6a-a1a9-17b681d1ac2b,8.316000000000001e+09,33.6,83.16000000000001
1658281349,ALICEUSDT,Sell,110.1,2.470,MinusTick,4564711b-5de3-571c-92fb-7d97d9cd03e3,2.71947e+10,110.1,271.947
1658281358,ALICEUSDT,Buy,10,2.475,PlusTick,c2655336-bfdd-53ee-98df-73ff2f469378,2.475e+09,10,24.75
1658281377,ALICEUSDT,Buy,501.6,2.475,ZeroMinusTick,98253007-235b-5cf3-8a88-5c7750cdabe3,1.24146e+11,501.6,1241.46
1658281377,ALICEUSDT,Buy,90.9,2.475,ZeroMinusTick,0f184082-9e08-5b10-ac7d-910ae888ca14,2.2497750000000004e+10,90.9,224.97750000000002
1658281414,ALICEUSDT,Buy,0.1,2.475,ZeroMinusTick,3d8611ed-6bd1-5713-b309-5cbf41310260,2.4750000000000004e+07,0.1,0.24750000000000003
1658281460,ALICEUSDT,Sell,20.1,2.480,PlusTick,ca32e0f3-a358-56e6-a916-0eac4936eab7,4.984800000000001e+09,20.1,49.848000000000006
1658281460,ALICEUSDT,Sell,861.9,2.480,ZeroMinusTick,6dfb0d78-0213-5c87-bfd4-3bc9d47a2c8a,2.1375119999999997e+11,861.9,2137.5119999999997
1658281460,ALICEUSDT,Sell,1250,2.480,ZeroMinusTick,7b0ddd94-1bb6-5354-9255-a35480184621,3.1e+11,1250,3100
1658281460,ALICEUSDT,Sell,201.6,2.480,ZeroMinusTick,a035e675-aa61-53ea-a9ee-12ba5c84f3bc,4.999679999999999e+10,201.6,499.96799999999996
1658281460,ALICEUSDT,Sell,242.7,2.480,ZeroMinusTick,1151b2fd-8311-5296-a01c-39cfe38ecf3e,6.018959999999999e+10,242.7,601.896
1658281460,ALICEUSDT,Sell,4.6,2.480,ZeroMinusTick,033fadad-a621-555a-8058-d3c61df1dc93,1.1408e+09,4.6,11.408
1658281460,ALICEUSDT,Sell,69.5,2.480,ZeroMinusTick,3b57dce6-e3f5-5a9b-803f-2c9cada47136,1.7236e+10,69.5,172.35999999999999
1658281460,ALICEUSDT,Sell,1,2.480,ZeroMinusTick,1bffac6d-ef4d-516f-aef7-c44f2890a967,2.48e+08,1,2.48
1658281460,ALICEUSDT,Sell,4.3,2.480,ZeroMinusTick,19bbe06d-b535-5ea0-8d58-2b6a4ef85fb6,1.0664e+09,4.3,10.664
1658281460,ALICEUSDT,Sell,322.1,2.480,ZeroMinusTick,df6839de-f11b-5098-b3cd-7fa355fd23bd,7.988080000000002e+10,322.1,798.8080000000001
1658281461,ALICEUSDT,Sell,3.6,2.480,ZeroMinusTick,9f7bd596-6974-5fa9-8e6d-5a95fe32a469,8.928000000000001e+08,3.6,8.928
1658281461,ALICEUSDT,Sell,0.2,2.480,ZeroMinusTick,91eb90d5-9e31-5578-97a8-b7e9add8a16e,4.96e+07,0.2,0.496
1658281461,ALICEUSDT,Sell,16.6,2.480,ZeroMinusTick,08294303-077b-5263-bdbd-dd11ae7fb96b,4.1168000000000005e+09,16.6,41.168000000000006
1658281461,ALICEUSDT,Sell,4.6,2.480,ZeroMinusTick,732d7012-7363-5a38-a3d2-887894297866,1.1408e+09,4.6,11.408
1658281461,ALICEUSDT,Sell,43.7,2.480,ZeroMinusTick,1d499e35-7189-5259-bd53-945d8519cf47,1.08376e+10,43.7,108.376
1658281461,ALICEUSDT,Sell,33.1,2.480,ZeroMinusTick,5f10ba6b-474b-5815-a750-8fb9d3600065,8.208800000000001e+09,33.1,82.08800000000001
1658281461,ALICEUSDT,Sell,4.3,2.480,ZeroMinusTick,1818d7b6-7185-5c6f-a461-e61b62bc6d63,1.0664e+09,4.3,10.664
1658281461,ALICEUSDT,Sell,2.6,2.480,ZeroMinusTick,0d5c8f92-5f5b-5f28-abee-b990bcaadf48,6.448e+08,2.6,6.448
1658281461,ALICEUSDT,Sell,2.5,2.480,ZeroMinusTick,4f2df1f6-1900-5cc0-b523-60e5ab9be084,6.2e+08,2.5,6.2
1658281461,ALICEUSDT,Sell,21.9,2.480,ZeroMinusTick,71e0a211-2099-547b-ab2d-f4093c762e97,5.4312e+09,21.9,54.312
1658281461,ALICEUSDT,Sell,68.5,2.480,ZeroMinusTick,cf23c1c9-688f-530d-9a8c-73f51b34a227,1.6988e+10,68.5,169.88
1658281461,ALICEUSDT,Sell,140.4,2.480,ZeroMinusTick,be3d72e3-17aa-5d2e-9fd5-bb4af5089ff9,3.48192e+10,140.4,348.192
1658281461,ALICEUSDT,Buy,184.8,2.480,ZeroMinusTick,5eec8564-563f-599a-aca9-1d76a882d78b,4.58304e+10,184.8,458.30400000000003
1658281494,ALICEUSDT,Buy,19.6,2.485,PlusTick,22913f82-3302-57cd-a426-461fddcc4c7f,4.8706e+09,19.6,48.706
1658281494,ALICEUSDT,Buy,0.1,2.485,ZeroMinusTick,d3187634-9375-5fc9-9f4c-12c519a9991a,2.485e+07,0.1,0.2485
1658281494,ALICEUSDT,Sell,41.2,2.480,MinusTick,a9016be4-eff9-5ada-a8a0-d8512d98de1e,1.02176e+10,41.2,102.176
1658281494,ALICEUSDT,Sell,9.5,2.480,ZeroMinusTick,8b453059-8d72-5fa3-bef1-86eab480665f,2.356e+09,9.5,23.56
1658281584,ALICEUSDT,Sell,0.1,2.485,PlusTick,1b3eef41-79a2-5c42-997f-044ccb434d54,2.485e+07,0.1,0.2485
1658281590,ALICEUSDT,Buy,3.7,2.490,PlusTick,ff25a7d4-c394-56dc-897a-aa262b098f48,9.213000000000001e+08,3.7,9.213000000000001
1658281590,ALICEUSDT,Buy,234.9,2.490,ZeroMinusTick,570b3745-9b84-52e4-8eef-43834ab5216a,5.849010000000001e+10,234.9,584.9010000000001
1658281590,ALICEUSDT,Buy,300,2.490,ZeroMinusTick,9482102b-a441-50ec-a591-5faf06d77284,7.470000000000002e+10,300,747.0000000000001
1658281602,ALICEUSDT,Buy,61.6,2.490,ZeroMinusTick,56c412a0-1d45-5ae0-8128-7f07e21b5833,1.5338400000000002e+10,61.6,153.38400000000001
1658281604,ALICEUSDT,Sell,41.2,2.485,MinusTick,60d07522-3849-5763-b6c2-47e2b50ac7d2,1.02382e+10,41.2,102.382
1658281627,ALICEUSDT,Buy,78.1,2.490,PlusTick,c23d7a40-9b78-5ef1-b42a-059c55a9b315,1.94469e+10,78.1,194.469
1658281627,ALICEUSDT,Buy,1.9,2.490,ZeroMinusTick,5584850d-3098-5609-9e93-887052c3a2d9,4.731e+08,1.9,4.731
1658281635,ALICEUSDT,Buy,98.7,2.490,ZeroMinusTick,fa9e31e7-cb7f-5937-b0ae-df51eaddc2c4,2.4576300000000004e+10,98.7,245.76300000000003
1658281635,ALICEUSDT,Buy,157.5,2.490,ZeroMinusTick,7bc8f79c-a979-50cb-9540-719371006d40,3.92175e+10,157.5,392.175
1658281635,ALICEUSDT,Buy,322.2,2.490,ZeroMinusTick,bd1d1894-6f5d-531d-8a80-385c6855b0b8,8.02278e+10,322.2,802.278
1658281684,ALICEUSDT,Sell,1.2,2.485,MinusTick,aafb7989-aa07-5e4e-9ff6-4fcc6f81739d,2.982e+08,1.2,2.9819999999999998
1658281744,ALICEUSDT,Buy,199.3,2.485,ZeroMinusTick,db8e696a-9ce9-5409-8b7f-507a795336d1,4.952605e+10,199.3,495.2605
1658281744,ALICEUSDT,Buy,186,2.485,ZeroMinusTick,71859804-af2a-5f3f-a6f0-81ae79ae4487,4.6221e+10,186,462.21
1658281744,ALICEUSDT,Sell,0.1,2.480,MinusTick,05bf56f5-6d52-565c-89c3-39984fc0da43,2.48e+07,0.1,0.248
1658281744,ALICEUSDT,Sell,32,2.480,ZeroMinusTick,47fbf5f4-2f68-5bf2-8990-59e34051cc4b,7.936e+09,32,79.36
1658281761,ALICEUSDT,Buy,508.9,2.485,PlusTick,b28b86a4-603f-52cc-a845-e92fe88b6432,1.2646164999999998e+11,508.9,1264.6164999999999
1658281803,ALICEUSDT,Buy,95.6,2.490,PlusTick,3d5fac10-deac-5f6d-bc00-692de6e66d9b,2.38044e+10,95.6,238.044
1658281845,ALICEUSDT,Sell,180,2.485,MinusTick,80fe3d4b-b629-550b-a6c7-58d7b01e3bf3,4.472999999999999e+10,180,447.29999999999995
1658281914,ALICEUSDT,Buy,0.3,2.490,PlusTick,65f19783-067d-5e29-9108-1865d7883f8e,7.47e+07,0.3,0.747
1658281918,ALICEUSDT,Buy,157.2,2.490,ZeroMinusTick,a4722641-5171-50a6-b17b-57929ea838dc,3.91428e+10,157.2,391.428
1658281918,ALICEUSDT,Buy,828.5,2.490,ZeroMinusTick,d7e4405f-9b77-5bc5-a3af-b2d8d8112898,2.062965e+11,828.5,2062.965
1658281920,ALICEUSDT,Buy,25,2.495,PlusTick,dfcd2191-edc6-56d5-a126-53fad8100a26,6.2375e+09,25,62.375
1658281920,ALICEUSDT,Buy,0.1,2.500,PlusTick,014575bf-874d-58e7-a1ad-70a150d570fc,2.5e+07,0.1,0.25
1658281920,ALICEUSDT,Buy,14.4,2.500,ZeroMinusTick,78d6d7cb-b810-5b7a-9f1e-33777fdf7cc0,3.6e+09,14.4,36
1658281920,ALICEUSDT,Buy,0.3,2.500,ZeroMinusTick,b753d91d-fc63-5516-92f4-a2ef43549b72,7.5e+07,0.3,0.75
1658281920,ALICEUSDT,Buy,31.7,2.500,ZeroMinusTick,ed3cc463-7068-5ca6-853f-49134726e6d6,7.925e+09,31.7,79.25
1658281920,ALICEUSDT,Buy,10.2,2.500,ZeroMinusTick,93c88eff-8381-5fd3-91f2-e34bac9639fa,2.55e+09,10.2,25.5
1658281920,ALICEUSDT,Buy,3,2.500,ZeroMinusTick,ba23ea47-0013-574e-acb0-4b1ae0a4c5c8,7.5e+08,3,7.5
1658281920,ALICEUSDT,Buy,30.8,2.500,ZeroMinusTick,06514ecf-0df7-541d-b75e-52e8e724854d,7.7e+09,30.8,77
1658281920,ALICEUSDT,Buy,0.1,2.500,ZeroMinusTick,6d9b36f2-2c8f-558b-a7a9-9f97801735f2,2.5e+07,0.1,0.25
1658281920,ALICEUSDT,Buy,7.5,2.500,ZeroMinusTick,f3cc9370-8d8c-55d3-bcda-5f8107bc8816,1.875e+09,7.5,18.75
1658281920,ALICEUSDT,Buy,69.7,2.500,ZeroMinusTick,497c96a1-62fd-5932-b5b4-955701b98fee,1.7425e+10,69.7,174.25
1658281920,ALICEUSDT,Buy,12.2,2.500,ZeroMinusTick,09df4f6e-f6ba-5909-a1f2-7bd18b8b2989,3.05e+09,12.2,30.5
1658281920,ALICEUSDT,Buy,75.7,2.500,ZeroMinusTick,91e92736-1b73-5706-9b60-105735e8ac5a,1.8925e+10,75.7,189.25
1658281920,ALICEUSDT,Buy,187.1,2.500,ZeroMinusTick,e1fbfb8d-3d41-5db0-9ff2-00b18df58a70,4.6775e+10,187.1,467.75
1658281920,ALICEUSDT,Buy,441.2,2.500,ZeroMinusTick,a6bac7b4-701a-5ff1-94d0-0494ff1fb88e,1.103e+11,441.2,1103
1658281920,ALICEUSDT,Buy,40.4,2.500,ZeroMinusTick,e07461e3-0b0b-543b-a681-793bca53840a,1.01e+10,40.4,101
1658281920,ALICEUSDT,Buy,7.6,2.500,ZeroMinusTick,ffe21084-3244-5fbe-842c-a8baf9463077,1.9e+09,7.6,19
1658281920,ALICEUSDT,Buy,536.8,2.500,ZeroMinusTick,5bd4affa-8b30-5f83-9ccf-28ae23857b29,1.342e+11,536.8,1342
1658281920,ALICEUSDT,Buy,530.6,2.500,ZeroMinusTick,c3abcbbe-fae7-559d-aa7b-d5c870aef11b,1.3265e+11,530.6,1326.5
1658281920,ALICEUSDT,Buy,1863.9,2.500,ZeroMinusTick,16d18b0e-3a32-55ad-abd8-a3fc18ec02f5,4.65975e+11,1863.9,4659.75
1658281920,ALICEUSDT,Buy,1392.4,2.500,ZeroMinusTick,f66d48e4-fe34-5bef-a4d5-c23df81a11d2,3.481e+11,1392.4,3481
1658281920,ALICEUSDT,Sell,35.1,2.495,MinusTick,463804a2-9e10-5559-9d8c-d1a33a07538d,8.75745e+09,35.1,87.5745
1658281920,ALICEUSDT,Buy,50,2.500,PlusTick,724c5458-ac96-5f5b-882a-d20bd5fea788,1.25e+10,50,125
1658281920,ALICEUSDT,Buy,150,2.500,ZeroMinusTick,9126acc6-cd91-5801-8beb-540034f5aacd,3.75e+10,150,375
1658281920,ALICEUSDT,Sell,44.3,2.495,MinusTick,848cffb9-5fdf-52e3-a3ef-c4617b81f828,1.105285e+10,44.3,110.5285
1658281920,ALICEUSDT,Sell,132.7,2.495,ZeroMinusTick,3e122bcb-df6b-5338-94f4-16c94bdf1e3a,3.310865e+10,132.7,331.0865
1658281920,ALICEUSDT,Buy,320.4,2.500,PlusTick,f308c16a-d64c-54a7-a243-194a60f2fa47,8.01e+10,320.4,801
1658281920,ALICEUSDT,Buy,100.2,2.500,ZeroMinusTick,f5ce7698-1ab9-53b8-b6d3-509eb20064fa,2.505e+10,100.2,250.5
1658281920,ALICEUSDT,Buy,79.4,2.500,ZeroMinusTick,6f2fddca-ff52-5916-889e-26847025cd55,1.985e+10,79.4,198.5
1658281920,ALICEUSDT,Buy,25,2.500,ZeroMinusTick,9a8cdda1-967e-5026-8312-8347b9ac8cd1,6.25e+09,25,62.5
1658281920,ALICEUSDT,Buy,3.5,2.500,ZeroMinusTick,f7a0df47-6f59-5530-bf43-bd6ff26417ef,8.75e+08,3.5,8.75
1658281920,ALICEUSDT,Buy,320.8,2.500,ZeroMinusTick,a20ee1bd-860c-5243-b196-90ae13ac5b22,8.02e+10,320.8,802
1658281920,ALICEUSDT,Buy,157.5,2.500,ZeroMinusTick,dbfa3786-5e2a-5f2f-945f-79d89602f5e0,3.9375e+10,157.5,393.75
1658281920,ALICEUSDT,Buy,300,2.500,ZeroMinusTick,59421c76-bc76-5765-8930-087aae743705,7.5e+10,300,750
1658281920,ALICEUSDT,Buy,200,2.500,ZeroMinusTick,89d92d4e-81be-5acd-aeca-24a42341d538,5e+10,200,500
1658281920,ALICEUSDT,Buy,1093.4,2.505,PlusTick,e9162b47-cf47-55c0-a47f-c305f47600b4,2.738967e+11,1093.4,2738.967
1658281920,ALICEUSDT,Buy,1398.8,2.505,ZeroMinusTick,8038e92b-3a00-50c8-8ef2-02fc8812f67f,3.5039939999999994e+11,1398.8,3503.9939999999997
1658281920,ALICEUSDT,Buy,836.9,2.505,ZeroMinusTick,82e563b4-9346-5018-9650-8ccbca79d1aa,2.0964344999999997e+11,836.9,2096.4345
1658281920,ALICEUSDT,Buy,137,2.505,ZeroMinusTick,52b66c47-4dbe-5d38-bf97-d9789ee54a61,3.43185e+10,137,343.185
1658281920,ALICEUSDT,Buy,477.1,2.505,ZeroMinusTick,bab18776-932d-51d7-82dc-419e6277c64e,1.1951355000000002e+11,477.1,1195.1355
1658281920,ALICEUSDT,Buy,78.5,2.505,ZeroMinusTick,5d8b265f-a08c-59f0-b5fe-23a98f721e04,1.966425e+10,78.5,196.64249999999998
1658281920,ALICEUSDT,Buy,157.5,2.500,MinusTick,685ab6d0-362e-54d8-91bf-cf6d7c24edba,3.9375e+10,157.5,393.75
1658281920,ALICEUSDT,Buy,908.1,2.500,ZeroMinusTick,84bdcccb-5524-57a9-82f3-37e7aa16184a,2.27025e+11,908.1,2270.25
1658281920,ALICEUSDT,Buy,80.2,2.500,ZeroMinusTick,e7d66c0e-3557-548f-81d6-6a1e247e1432,2.005e+10,80.2,200.5
1658281920,ALICEUSDT,Buy,144.6,2.500,ZeroMinusTick,bad16948-7808-5ad2-a8d6-ae6d96034090,3.615e+10,144.6,361.5
1658281920,ALICEUSDT,Buy,453.3,2.505,PlusTick,43332288-4824-54de-8ecc-5ce34fa90380,1.1355165e+11,453.3,1135.5165
1658281920,ALICEUSDT,Buy,557.4,2.505,ZeroMinusTick,6ac9139b-44a4-5267-aa7d-789cacb5d4d6,1.3962869999999997e+11,557.4,1396.2869999999998
1658281920,ALICEUSDT,Buy,419.6,2.505,ZeroMinusTick,fe06630c-a926-5ad5-a665-db16b5aec2d4,1.051098e+11,419.6,1051.098
1658281920,ALICEUSDT,Buy,2047,2.505,ZeroMinusTick,44a249c6-1fa6-5095-9201-1a6926572091,5.1277349999999994e+11,2047,5127.735
1658281920,ALICEUSDT,Buy,232.3,2.505,ZeroMinusTick,1c2afccd-4bcb-539d-8448-d08da4f3eab4,5.819115000000001e+10,232.3,581.9115
1658281920,ALICEUSDT,Buy,157.5,2.500,MinusTick,0c63351f-d6b6-5145-8cf8-33300aaca25f,3.9375e+10,157.5,393.75
1658281920,ALICEUSDT,Buy,557,2.500,ZeroMinusTick,e341be2b-de35-545d-8232-5482858d1ebe,1.3925e+11,557,1392.5
1658281920,ALICEUSDT,Buy,150,2.505,PlusTick,f957bf6d-ae8b-5919-a366-cd9fb8171974,3.7575e+10,150,375.75
1658281920,ALICEUSDT,Buy,835,2.505,ZeroMinusTick,f8d9e2a9-b6f2-5977-a8b5-33a8845d8d9a,2.0916749999999997e+11,835,2091.6749999999997
1658281920,ALICEUSDT,Sell,982.8,2.500,MinusTick,b4c26804-05f1-55eb-80e0-ece4bee4d0c9,2.457e+11,982.8,2457
1658281920,ALICEUSDT,Sell,100,2.500,ZeroMinusTick,57305221-26c6-552d-b1ce-24143716da52,2.5e+10,100,250
1658281920,ALICEUSDT,Sell,837.1,2.500,ZeroMinusTick,ea8b4619-af4a-5c64-b53e-a51de9881aad,2.09275e+11,837.1,2092.75
1658281920,ALICEUSDT,Sell,915.5,2.500,ZeroMinusTick,ae892277-e4c7-5398-ba18-ccbc8a521ca7,2.28875e+11,915.5,2288.75
1658281921,ALICEUSDT,Buy,566.9,2.500,ZeroMinusTick,dd00f80b-d3ac-5994-a818-5434a61a8ba4,1.41725e+11,566.9,1417.25
1658281927,ALICEUSDT,Buy,157.5,2.500,ZeroMinusTick,69b237ca-5e10-5837-9e93-03e169dc8a21,3.9375e+10,157.5,393.75
1658281927,ALICEUSDT,Buy,242.5,2.500,ZeroMinusTick,99097415-0c9b-527b-bacd-7b7623eaae9d,6.0625e+10,242.5,606.25
1658281927,ALICEUSDT,Buy,338.8,2.500,ZeroMinusTick,431c12f4-464f-5fa9-99a9-bfccf83389c9,8.47e+10,338.8,847
1658281927,ALICEUSDT,Buy,461.2,2.500,ZeroMinusTick,fdbf756a-cfef-5dea-aa93-08322286f141,1.153e+11,461.2,1153
1658281927,ALICEUSDT,Sell,750.7,2.500,ZeroMinusTick,a342534a-1826-573d-ab70-1932c622fbce,1.87675e+11,750.7,1876.75
1658281932,ALICEUSDT,Sell,40.3,2.500,ZeroMinusTick,ac5a1528-7a35-54c4-90de-09b25c9020ff,1.0075e+10,40.3,100.75
1658281933,ALICEUSDT,Sell,436.8,2.500,ZeroMinusTick,d42182e8-501f-5c96-b23f-ffd6450c9364,1.092e+11,436.8,1092
1658281938,ALICEUSDT,Sell,46.2,2.500,ZeroMinusTick,38b2152f-1f89-59fd-96bd-34012418306e,1.155e+10,46.2,115.5
1658281953,ALICEUSDT,Sell,529.8,2.500,ZeroMinusTick,eec43c4d-3e08-5373-9706-757360115fa4,1.3245e+11,529.8,1324.5
1658281953,ALICEUSDT,Sell,630,2.500,ZeroMinusTick,266d1146-f862-521b-a93c-8b04717bcdaa,1.575e+11,630,1575
1658281953,ALICEUSDT,Sell,1093.4,2.500,ZeroMinusTick,1ac965a1-388d-53d2-b923-911613311056,2.7335e+11,1093.4,2733.5
1658281983,ALICEUSDT,Sell,288.5,2.495,MinusTick,720fe954-4d54-51fa-ad31-e743de8285fd,7.198075e+10,288.5,719.8075
1658281984,ALICEUSDT,Sell,1.8,2.490,MinusTick,d3c8e89e-c55a-5ef8-87d6-1b2ee159c64c,4.482e+08,1.8,4.482
1658281984,ALICEUSDT,Sell,500.6,2.490,ZeroMinusTick,58e370c3-e7ad-5a37-8d9a-32085e743e5f,1.2464940000000002e+11,500.6,1246.4940000000001
1658281988,ALICEUSDT,Buy,328.4,2.495,PlusTick,923ce60a-5864-5e75-b398-51499f204894,8.19358e+10,328.4,819.358
1658281996,ALICEUSDT,Buy,50,2.495,ZeroMinusTick,8eacc6b8-40ab-5c09-9a6d-12da83b30943,1.2475e+10,50,124.75
1658282031,ALICEUSDT,Sell,30,2.490,MinusTick,cf7605e7-cd6f-5a02-a1c1-5c8b008c6511,7.47e+09,30,74.7
1658282036,ALICEUSDT,Sell,125,2.490,ZeroMinusTick,b9f48434-f9d2-5a44-837f-65312f351266,3.1125e+10,125,311.25
1658282045,ALICEUSDT,Buy,477.2,2.495,PlusTick,3d498d2c-6ffc-5aea-a4ab-16f3ddb08e93,1.190614e+11,477.2,1190.614
1658282047,ALICEUSDT,Sell,516.3,2.490,MinusTick,a8e23524-e637-59d6-a42c-0ad6170a47db,1.285587e+11,516.3,1285.587
1658282047,ALICEUSDT,Sell,82.9,2.490,ZeroMinusTick,28f860d8-3fbd-56c9-9d48-32617a535043,2.0642100000000004e+10,82.9,206.42100000000002
1658282047,ALICEUSDT,Sell,1250,2.490,ZeroMinusTick,cc3e5a0c-8b5d-5494-b39d-69d57254ef09,3.1125000000000006e+11,1250,3112.5000000000005
1658282047,ALICEUSDT,Sell,137,2.490,ZeroMinusTick,008e8b7d-129f-5b39-a6c4-2c65d4cedf30,3.4113000000000004e+10,137,341.13000000000005
1658282047,ALICEUSDT,Sell,157.5,2.490,ZeroMinusTick,56ef244e-ce63-5f4b-a75b-bcd00edf83e9,3.92175e+10,157.5,392.175
1658282047,ALICEUSDT,Sell,200.8,2.490,ZeroMinusTick,bb0091d0-8904-5449-89fd-773f2c1ab4da,4.999920000000001e+10,200.8,499.9920000000001
1658282047,ALICEUSDT,Sell,155.5,2.490,ZeroMinusTick,314bd718-a08e-51a9-816b-efc65040f139,3.871950000000001e+10,155.5,387.19500000000005
1658282051,ALICEUSDT,Buy,479.9,2.495,PlusTick,fb42193a-1f49-51f5-8828-e30df8c4daf3,1.1973505e+11,479.9,1197.3505
1658282051,ALICEUSDT,Buy,74.9,2.495,ZeroMinusTick,5cffe61b-cd9a-5bca-b50f-097ae05a3b13,1.868755e+10,74.9,186.87550000000002
1658282051,ALICEUSDT,Buy,292.8,2.495,ZeroMinusTick,cfa85df0-68ce-5e42-96be-d75b0f249e5c,7.30536e+10,292.8,730.5360000000001
1658282053,ALICEUSDT,Buy,289.2,2.495,ZeroMinusTick,280a39ef-9a56-5e33-a1ae-ba2fb6844c61,7.21554e+10,289.2,721.554
1658282064,ALICEUSDT,Buy,1.7,2.495,ZeroMinusTick,7cc2de92-7e7c-56b5-bdd6-1a4ad2b0ed91,4.2415e+08,1.7,4.2415
1658282069,ALICEUSDT,Buy,456.3,2.495,ZeroMinusTick,cbaeb810-9f44-56b9-8cae-9e2f70d5169b,1.1384685000000002e+11,456.3,1138.4685000000002
1658282136,ALICEUSDT,Buy,500,2.495,ZeroMinusTick,31097db0-f35c-5636-91db-8feb0caf06ee,1.2475e+11,500,1247.5
1658282164,ALICEUSDT,Buy,1.2,2.495,ZeroMinusTick,3177d073-e537-55b8-91b4-12dfaf87c3f5,2.994e+08,1.2,2.994
1658282186,ALICEUSDT,Sell,444.5,2.490,MinusTick,e0013d86-e2a2-5ac0-8fff-916fbe44d616,1.106805e+11,444.5,1106.805
1658282186,ALICEUSDT,Sell,100.2,2.490,ZeroMinusTick,5e6053d3-a1e5-5cf5-9bf9-16f2e13ffa4c,2.49498e+10,100.2,249.49800000000002
1658282186,ALICEUSDT,Sell,50.1,2.490,ZeroMinusTick,678ffd6c-e30c-5925-b350-63941813dd56,1.24749e+10,50.1,124.74900000000001
1658282186,ALICEUSDT,Sell,41.2,2.490,ZeroMinusTick,2dbbca50-88cc-5d55-8f3e-27c2473f72d1,1.0258800000000002e+10,41.2,102.58800000000002
1658282186,ALICEUSDT,Sell,107,2.490,ZeroMinusTick,5d054d31-5530-5004-911b-26f985088a0d,2.6643e+10,107,266.43
1658282186,ALICEUSDT,Sell,82.9,2.490,ZeroMinusTick,96a06c3f-e031-5ee1-8709-a53ae338bc58,2.0642100000000004e+10,82.9,206.42100000000002
1658282186,ALICEUSDT,Sell,320.6,2.490,ZeroMinusTick,dcd76d1f-d569-5c92-b914-5b56e2b98cf9,7.982940000000002e+10,320.6,798.2940000000001
1658282186,ALICEUSDT,Sell,320.6,2.490,ZeroMinusTick,3234b51b-90fc-544b-afa8-606315ef0a9a,7.982940000000002e+10,320.6,798.2940000000001
1658282186,ALICEUSDT,Sell,80,2.490,ZeroMinusTick,3b911d25-67c2-50b1-99be-14785d90fee6,1.992e+10,80,199.20000000000002
1658282186,ALICEUSDT,Sell,320.6,2.490,ZeroMinusTick,c5f4a313-d141-50e6-ad35-678351a84830,7.982940000000002e+10,320.6,798.2940000000001
1658282186,ALICEUSDT,Sell,1188.3,2.490,ZeroMinusTick,75d4497a-cf10-5aa1-b65f-a50a008a30ee,2.958867e+11,1188.3,2958.867
1658282186,ALICEUSDT,Sell,995,2.490,ZeroMinusTick,17c8921b-0017-5578-9430-3cd639766cc9,2.4775500000000003e+11,995,2477.55
1658282186,ALICEUSDT,Buy,20.2,2.490,ZeroMinusTick,57d13408-cc80-5d78-8681-9d1fedef317b,5.0298e+09,20.2,50.298
1658282186,ALICEUSDT,Buy,20.2,2.490,ZeroMinusTick,7c520914-8963-5e15-aaf5-8787474b23ed,5.0298e+09,20.2,50.298
1658282186,ALICEUSDT,Buy,20.2,2.490,ZeroMinusTick,212e9d7b-fd01-54b7-9c23-490773a14d52,5.0298e+09,20.2,50.298
1658282186,ALICEUSDT,Buy,10.1,2.490,ZeroMinusTick,0e20c5b7-30d2-50f5-a5dd-a524d2cbf56f,2.5149e+09,10.1,25.149
1658282191,ALICEUSDT,Buy,853.3,2.490,ZeroMinusTick,361e471b-83aa-5b14-a6d9-68b97b698896,2.124717e+11,853.3,2124.717
1658282192,ALICEUSDT,Buy,156.3,2.495,PlusTick,6073d0dc-46fb-5a23-996e-c5ccccf2226a,3.899685000000001e+10,156.3,389.96850000000006
1658282192,ALICEUSDT,Buy,697,2.495,ZeroMinusTick,19106d05-d6bc-5d01-9ec2-cf5bf9b283af,1.739015e+11,697,1739.015
1658282192,ALICEUSDT,Buy,726.7,2.490,MinusTick,d45e4af3-0cda-5119-b6ca-4e0937853acd,1.8094830000000003e+11,726.7,1809.4830000000002
1658282236,ALICEUSDT,Buy,754.6,2.490,ZeroMinusTick,6c509bdc-c6a5-5477-a46e-7a82f595199d,1.8789540000000003e+11,754.6,1878.9540000000002
1658282236,ALICEUSDT,Buy,245.4,2.495,PlusTick,cb48773c-8f2b-533a-914b-977fe5d5d289,6.12273e+10,245.4,612.273
1658282337,ALICEUSDT,Sell,3.5,2.490,MinusTick,0b742bcc-ba15-58cb-bbd4-bf131be5ba6b,8.715e+08,3.5,8.715
1658282337,ALICEUSDT,Sell,16.4,2.490,ZeroMinusTick,f0801f92-ba9b-59ce-a768-42bc670397fc,4.0836e+09,16.4,40.836
1658282337,ALICEUSDT,Sell,65.1,2.490,ZeroMinusTick,501df3fc-942e-55e1-96fc-6aefd11fa3bc,1.6209899999999998e+10,65.1,162.099
1658282337,ALICEUSDT,Sell,0.9,2.490,ZeroMinusTick,838e9f70-2478-5518-a911-9e5aa1120d12,2.241e+08,0.9,2.241
1658282337,ALICEUSDT,Sell,0.9,2.490,ZeroMinusTick,b23ac7db-cd6a-52ec-8b30-d25d2c22231f,2.241e+08,0.9,2.241
1658282337,ALICEUSDT,Sell,3.4,2.490,ZeroMinusTick,83d946e5-39af-5bb8-856f-87e034e91112,8.466000000000001e+08,3.4,8.466000000000001
1658282337,ALICEUSDT,Sell,1.4,2.490,ZeroMinusTick,6f0b6b9a-8f2b-52be-8290-8f050b37977a,3.486e+08,1.4,3.486
1658282337,ALICEUSDT,Sell,7.1,2.490,ZeroMinusTick,c6bd24e3-bea6-5f3e-9673-c6548e305910,1.7679000000000002e+09,7.1,17.679000000000002
1658282337,ALICEUSDT,Sell,5.9,2.490,ZeroMinusTick,dd97778c-4eed-50bb-84ce-fff9e62474d5,1.4691000000000002e+09,5.9,14.691000000000003
1658282337,ALICEUSDT,Sell,29.1,2.490,ZeroMinusTick,e96cef3a-036c-561a-bb10-976302d28b7d,7.2459e+09,29.1,72.459
1658282357,ALICEUSDT,Sell,8.4,2.490,ZeroMinusTick,3bff7d23-53f9-5445-9ddb-573083f3d5e2,2.0916000000000005e+09,8.4,20.916000000000004
1658282357,ALICEUSDT,Sell,530.5,2.485,MinusTick,bc8c1bb0-c2c1-5072-9fdd-d16392f0afe9,1.3182925e+11,530.5,1318.2925
1658282357,ALICEUSDT,Sell,82.9,2.485,ZeroMinusTick,eac0904d-3d80-540f-b113-721f7e6aa94a,2.060065e+10,82.9,206.00650000000002
1658282357,ALICEUSDT,Sell,41.2,2.485,ZeroMinusTick,5b701588-86e4-54e3-877a-470419b897f5,1.02382e+10,41.2,102.382
1658282357,ALICEUSDT,Sell,641.2,2.485,ZeroMinusTick,d2bea9f4-c7d9-5c8b-9a3a-8cf0d1172d06,1.593382e+11,641.2,1593.382
1658282357,ALICEUSDT,Sell,3.7,2.485,ZeroMinusTick,d0d19d37-5be5-5e8a-8f77-0d3aa4d4bd1d,9.1945e+08,3.7,9.1945
1658282357,ALICEUSDT,Sell,157.5,2.485,ZeroMinusTick,2457cd5b-e114-5048-826c-aaf6958d77bb,3.913875e+10,157.5,391.3875
1658282357,ALICEUSDT,Sell,800,2.485,ZeroMinusTick,b5182544-962c-5754-ba29-e6a548dbf3a5,1.988e+11,800,1988
1658282357,ALICEUSDT,Sell,28.4,2.485,ZeroMinusTick,24bce53c-41d9-5e14-bae3-56c8dfc93caa,7.0574e+09,28.4,70.574
1658282357,ALICEUSDT,Sell,201.2,2.485,ZeroMinusTick,70a96f04-98db-5885-8727-e63be1fc10cc,4.99982e+10,201.2,499.98199999999997
1658282357,ALICEUSDT,Sell,13.4,2.485,ZeroMinusTick,10e1a890-9d84-5825-9706-f255449e3145,3.3299e+09,13.4,33.299
1658282357,ALICEUSDT,Sell,920.9,2.485,ZeroMinusTick,7df48eef-e1d7-5bfb-b255-d82050daf878,2.2884364999999997e+11,920.9,2288.4365
1658282364,ALICEUSDT,Buy,0.8,2.495,PlusTick,3c1fb9e8-e8fa-556b-b4ce-980ee49f55c1,1.9960000000000003e+08,0.8,1.9960000000000002
1658282366,ALICEUSDT,Sell,813.1,2.485,MinusTick,5730bdc9-eff4-5af6-9f03-0f92154aedad,2.0205535e+11,813.1,2020.5535
1658282368,ALICEUSDT,Buy,783.4,2.490,PlusTick,755d8488-42d3-532e-9f1f-ef2df5374b03,1.9506660000000003e+11,783.4,1950.6660000000002
1658282368,ALICEUSDT,Buy,498,2.490,ZeroMinusTick,f4dabf71-4def-5ef9-80f3-664eb54e7d0a,1.2400200000000002e+11,498,1240.0200000000002
1658282452,ALICEUSDT,Buy,157.5,2.495,PlusTick,c42532d1-71e2-5167-bfdc-2efbebb3ea11,3.929625e+10,157.5,392.96250000000003
1658282452,ALICEUSDT,Buy,200.4,2.495,ZeroMinusTick,08320d1e-29c8-5560-bb5b-69d542196d27,4.999980000000001e+10,200.4,499.99800000000005
1658282452,ALICEUSDT,Buy,100.2,2.495,ZeroMinusTick,3188aa5c-946b-58b2-b46a-3cb83559c446,2.4999900000000004e+10,100.2,249.99900000000002
1658282518,ALICEUSDT,Sell,19,2.495,ZeroMinusTick,2a57858e-aa6d-519d-9057-d8bc3d33a5a6,4.7405e+09,19,47.405
1658282518,ALICEUSDT,Sell,306.9,2.495,ZeroMinusTick,c80a7a1f-ded4-5f22-aa29-1f080db449c8,7.657155e+10,306.9,765.7155
1658282538,ALICEUSDT,Buy,10,2.495,ZeroMinusTick,353eadf6-ad6d-5e55-936e-342cfd6997ac,2.4950000000000005e+09,10,24.950000000000003
1658282544,ALICEUSDT,Sell,1.3,2.490,MinusTick,73ff819e-2551-58be-b070-d069e69c8efb,3.2370000000000006e+08,1.3,3.2370000000000005
1658282580,ALICEUSDT,Buy,922.6,2.495,PlusTick,625f3c55-a039-5d97-bfb4-cda5540c4176,2.3018870000000003e+11,922.6,2301.887
1658282580,ALICEUSDT,Buy,93.5,2.495,ZeroMinusTick,fe6aa903-cbee-5c3b-b16f-1716c97984cc,2.332825e+10,93.5,233.2825
1658282647,ALICEUSDT,Sell,742.4,2.495,ZeroMinusTick,a3f8f89f-d317-52ef-871e-4aa50121e8cf,1.852288e+11,742.4,1852.288
1658282647,ALICEUSDT,Sell,157.5,2.495,ZeroMinusTick,6d78c834-e3aa-5ff5-b6a2-4dd6e0f65e24,3.929625e+10,157.5,392.96250000000003
1658282653,ALICEUSDT,Buy,44,2.495,ZeroMinusTick,f4c89835-7ba4-5fd5-ab45-6572b78f0d51,1.0978e+10,44,109.78
1658282654,ALICEUSDT,Buy,0.9,2.495,ZeroMinusTick,3599e609-da0f-580d-be46-02fdd56a7537,2.2455000000000003e+08,0.9,2.2455000000000003
1658282791,ALICEUSDT,Buy,825.9,2.495,ZeroMinusTick,df6dec46-52ff-5f5c-8245-625cb4c774f2,2.0606205e+11,825.9,2060.6205
1658282822,ALICEUSDT,Buy,157.5,2.500,PlusTick,b4f6afae-3e51-55d6-b4aa-57b81aae6d43,3.9375e+10,157.5,393.75
1658282822,ALICEUSDT,Buy,358,2.500,ZeroMinusTick,9a694631-9d1f-51f6-8e12-731f666f9353,8.95e+10,358,895
1658282834,ALICEUSDT,Sell,0.1,2.495,MinusTick,6d152907-811e-50bc-ac82-702e2ab2c9ca,2.4950000000000004e+07,0.1,0.24950000000000003
1658282847,ALICEUSDT,Buy,1193.1,2.500,PlusTick,dda90f7d-b2b0-5921-a3ba-3a28f3719924,2.98275e+11,1193.1,2982.75
1658282868,ALICEUSDT,Buy,3.7,2.505,PlusTick,ef25b10e-4ad9-5b6c-bf2f-16ca284bb44c,9.2685e+08,3.7,9.2685
1658282868,ALICEUSDT,Buy,18,2.505,ZeroMinusTick,47b0526c-604a-5954-9a5a-b33aae5e8bba,4.509e+09,18,45.089999999999996
1658282950,ALICEUSDT,Buy,98.3,2.505,ZeroMinusTick,f210e859-528f-5684-a91d-e9f6fefb7809,2.4624149999999996e+10,98.3,246.24149999999997
1658282956,ALICEUSDT,Buy,250,2.505,ZeroMinusTick,5bfdb2fb-6d2a-5821-a27d-7e038cf89288,6.2625e+10,250,626.25
1658282984,ALICEUSDT,Buy,0.1,2.510,PlusTick,8008861f-f5a2-5f4c-8f12-f5418d66c710,2.51e+07,0.1,0.251
1658282984,ALICEUSDT,Sell,20,2.505,MinusTick,0113dcc0-1c2c-5227-8369-d7ac7dccee05,5.009999999999999e+09,20,50.099999999999994
1658283046,ALICEUSDT,Buy,100,2.510,PlusTick,0d3f971c-8955-5378-930d-332e6b860faa,2.5099999999999996e+10,100,250.99999999999997
1658283048,ALICEUSDT,Buy,5.3,2.515,PlusTick,fa72cd16-8b5a-5e2e-9e69-93bc5eaea282,1.33295e+09,5.3,13.3295
1658283048,ALICEUSDT,Buy,19.6,2.515,ZeroMinusTick,1c4fb4b1-bf4a-5de9-9a2e-2f7f3f81d740,4.9294e+09,19.6,49.294000000000004
1658283048,ALICEUSDT,Sell,697.8,2.510,MinusTick,bdd376b6-6d6a-5501-b37a-4617f7cf8a2a,1.7514779999999997e+11,697.8,1751.4779999999998
1658283054,ALICEUSDT,Sell,1.9,2.510,ZeroMinusTick,6a61adb4-ebf6-5dbe-ba30-954ecdaf61a1,4.7689999999999994e+08,1.9,4.768999999999999
1658283066,ALICEUSDT,Buy,0.1,2.515,PlusTick,9e145205-9f7d-5d8d-8153-77113160e542,2.515e+07,0.1,0.2515
1658283066,ALICEUSDT,Buy,0.1,2.515,ZeroMinusTick,0fea47ff-de10-56f2-85ff-8ea6b8c3f042,2.515e+07,0.1,0.2515
1658283066,ALICEUSDT,Buy,0.1,2.515,ZeroMinusTick,753950da-6561-5d34-bae8-0d6e3821ced4,2.515e+07,0.1,0.2515
1658283066,ALICEUSDT,Buy,898.1,2.515,ZeroMinusTick,cd039eee-44a9-54bb-9b8c-e234a5e5856a,2.2587215e+11,898.1,2258.7215
1658283066,ALICEUSDT,Buy,40.9,2.515,ZeroMinusTick,c3d0c29b-d7cb-52a7-94b6-13506b1dcbc6,1.028635e+10,40.9,102.8635
1658283066,ALICEUSDT,Buy,19.9,2.515,ZeroMinusTick,326f0d8a-62eb-57dc-bf33-2c7c62dea1d8,5.00485e+09,19.9,50.0485
1658283078,ALICEUSDT,Buy,0.1,2.515,ZeroMinusTick,fcc0437d-8e3a-5f39-bb2a-f2d9645c94c2,2.515e+07,0.1,0.2515
1658283078,ALICEUSDT,Buy,45.9,2.515,ZeroMinusTick,148bb5b3-cf8b-5028-b8ae-a811b71c2b3c,1.154385e+10,45.9,115.4385
1658283078,ALICEUSDT,Buy,25.1,2.515,ZeroMinusTick,151935bc-fcd3-5e41-98fe-bd919699c3ac,6.312650000000001e+09,25.1,63.12650000000001
1658283090,ALICEUSDT,Buy,0.1,2.525,PlusTick,a7460289-1b85-5760-81c2-1e21fc807238,2.525e+07,0.1,0.2525
1658283090,ALICEUSDT,Buy,20.3,2.525,ZeroMinusTick,e39ae95f-9326-5e2c-b0f7-431b30234997,5.12575e+09,20.3,51.2575
1658283090,ALICEUSDT,Buy,6,2.525,ZeroMinusTick,1d5a0762-a78d-5557-ba5f-373ccba1d8fb,1.5149999999999998e+09,6,15.149999999999999
1658283090,ALICEUSDT,Buy,87.7,2.525,ZeroMinusTick,bfe4293b-2ce3-5e0e-b4f3-cc39237d89b6,2.214425e+10,87.7,221.4425
1658283090,ALICEUSDT,Buy,28.6,2.525,ZeroMinusTick,2e431f19-3158-5b23-8a43-9e2abab7786d,7.2215e+09,28.6,72.215
1658283090,ALICEUSDT,Buy,40.1,2.525,ZeroMinusTick,ff789688-642b-565d-8216-9f58fb3d0ef8,1.012525e+10,40.1,101.2525
1658283090,ALICEUSDT,Buy,96.5,2.525,ZeroMinusTick,02d655c9-454a-51c3-9074-05725545f72a,2.436625e+10,96.5,243.6625
1658283090,ALICEUSDT,Buy,220.9,2.525,ZeroMinusTick,43c538e9-6470-5532-923e-1a3ce2cc9d1e,5.577725e+10,220.9,557.7725
1658283090,ALICEUSDT,Buy,129.7,2.525,ZeroMinusTick,de41c54c-c90d-50cb-bbd9-6320cdd2359a,3.2749249999999996e+10,129.7,327.49249999999995
1658283090,ALICEUSDT,Buy,41.2,2.525,ZeroMinusTick,4e128fa4-2f6e-5165-8180-e6798de811e0,1.0403e+10,41.2,104.03
1658283090,ALICEUSDT,Buy,80.1,2.525,ZeroMinusTick,59cf9473-dd1e-53de-b9c2-913c9bbf958b,2.0225249999999996e+10,80.1,202.25249999999997
1658283090,ALICEUSDT,Buy,290.1,2.525,ZeroMinusTick,9d7cc4a8-a293-5fcb-bad7-b7ec1d352b9e,7.325025e+10,290.1,732.5025
1658283090,ALICEUSDT,Buy,317.3,2.525,ZeroMinusTick,f5227c7e-9e48-5be1-9f32-b4f60d518f9a,8.011825e+10,317.3,801.1825
1658283090,ALICEUSDT,Buy,29.9,2.530,PlusTick,3180aff8-a0ae-59da-967c-5ecfcaf0d5fb,7.564699999999999e+09,29.9,75.64699999999999
1658283090,ALICEUSDT,Buy,35.8,2.530,ZeroMinusTick,3b90f7be-1605-5930-96a8-f10ffcda0af2,9.057399999999998e+09,35.8,90.57399999999998
1658283090,ALICEUSDT,Buy,15.6,2.530,ZeroMinusTick,763d6f5e-a679-52c6-8394-a3330b94a847,3.9467999999999995e+09,15.6,39.467999999999996
1658283090,ALICEUSDT,Buy,5.9,2.530,ZeroMinusTick,0efb85ff-3f7f-564a-a4e2-961c94a28235,1.4927e+09,5.9,14.927
1658283090,ALICEUSDT,Buy,0.5,2.530,ZeroMinusTick,d3984bec-fea1-5fcc-a4a6-549819f44888,1.2649999999999999e+08,0.5,1.265
1658283090,ALICEUSDT,Buy,27.1,2.530,ZeroMinusTick,8a5bed0d-7de3-5a15-972a-7e09c461ac60,6.8563e+09,27.1,68.563
1658283090,ALICEUSDT,Buy,0.1,2.530,ZeroMinusTick,bca8c554-23b3-50ad-b7e2-a19baabda50e,2.53e+07,0.1,0.253
1658283090,ALICEUSDT,Buy,1250,2.530,ZeroMinusTick,f1792a4f-814d-5fed-b589-8604ebe944b5,3.1624999999999994e+11,1250,3162.4999999999995
1658283090,ALICEUSDT,Buy,79.2,2.530,ZeroMinusTick,48db1a82-b035-5ff0-a3e1-ef9dfc80e422,2.00376e+10,79.2,200.376
1658283090,ALICEUSDT,Buy,316.8,2.530,ZeroMinusTick,7bcfa2f0-4c56-530f-9209-46283e71a9da,8.01504e+10,316.8,801.504
1658283090,ALICEUSDT,Buy,35.8,2.535,PlusTick,0a7bdcbc-1130-5505-b025-3aed375672b6,9.0753e+09,35.8,90.753
1658283090,ALICEUSDT,Buy,15.6,2.535,ZeroMinusTick,0a01514b-1e1e-50b1-a8ab-c1eb71a62563,3.9546e+09,15.6,39.546
1658283090,ALICEUSDT,Buy,72.6,2.535,ZeroMinusTick,d989cf40-e222-5c16-9c4b-f555f2897ec3,1.84041e+10,72.6,184.041
1658283090,ALICEUSDT,Buy,1080.8,2.535,ZeroMinusTick,cbac1720-b457-578d-97eb-bd510935ab64,2.739828e+11,1080.8,2739.828
1658283090,ALICEUSDT,Buy,718,2.535,ZeroMinusTick,59255c47-00f0-5b32-90b8-6d5247df69fe,1.82013e+11,718,1820.13
1658283090,ALICEUSDT,Buy,828.1,2.535,ZeroMinusTick,3b58fddf-f9f3-57fa-b3a2-f3dfea6e3c87,2.0992335000000003e+11,828.1,2099.2335000000003
1658283090,ALICEUSDT,Buy,603,2.535,ZeroMinusTick,c859809d-264c-58f1-a78e-eb31cb9e155b,1.528605e+11,603,1528.605
1658283090,ALICEUSDT,Buy,203.6,2.535,ZeroMinusTick,2172d70e-0879-583c-9580-eb14ea9ccfa3,5.16126e+10,203.6,516.126
1658283090,ALICEUSDT,Buy,825.8,2.530,MinusTick,e08c6224-0f53-570e-98d8-6aed8906bf42,2.089274e+11,825.8,2089.274
1658283091,ALICEUSDT,Buy,24.3,2.530,ZeroMinusTick,9d4ecdf6-2268-58e2-a56b-a15e11a4d90f,6.1479e+09,24.3,61.479
1658283091,ALICEUSDT,Buy,40.1,2.530,ZeroMinusTick,7d992fe5-d7c5-511a-a313-881b1bdce9a4,1.0145299999999998e+10,40.1,101.45299999999999
1658283091,ALICEUSDT,Buy,80.2,2.530,ZeroMinusTick,49da3aa7-e36c-52d5-91dc-b2f8094ae3e5,2.0290599999999996e+10,80.2,202.90599999999998
1658283091,ALICEUSDT,Buy,190.3,2.530,ZeroMinusTick,aa88b511-abf9-5b27-98a3-0fe0f7e08deb,4.81459e+10,190.3,481.459
1658283092,ALICEUSDT,Sell,513,2.525,MinusTick,bf91a6bd-5674-51db-a605-3f410dc90d96,1.295325e+11,513,1295.325
1658283092,ALICEUSDT,Sell,20.2,2.525,ZeroMinusTick,18e062f7-18eb-5ced-a1a8-1b2fb60ee210,5.1005e+09,20.2,51.004999999999995
1658283093,ALICEUSDT,Buy,70.7,2.525,ZeroMinusTick,e645ec57-bea5-5e99-bcf0-95639c330a06,1.785175e+10,70.7,178.5175
1658283093,ALICEUSDT,Buy,480.8,2.525,ZeroMinusTick,b697de7f-0c8f-5a9b-b3c9-296ed1cffd3b,1.21402e+11,480.8,1214.02
1658283094,ALICEUSDT,Buy,826.1,2.525,ZeroMinusTick,b988c91e-9830-5b2d-8249-3dccca968676,2.0859025e+11,826.1,2085.9025
1658283100,ALICEUSDT,Buy,13.7,2.525,ZeroMinusTick,1278ead5-9e21-547a-a99d-ddb14d9a1b7b,3.4592499999999995e+09,13.7,34.592499999999994
1658283114,ALICEUSDT,Sell,0.5,2.520,MinusTick,e9735fcf-0464-5d33-bfc0-494a16bf3395,1.26e+08,0.5,1.26
1658283116,ALICEUSDT,Buy,4.8,2.525,PlusTick,0a72b02d-818e-575f-a4a9-51dea2c51765,1.212e+09,4.8,12.12
1658283130,ALICEUSDT,Sell,9.1,2.520,MinusTick,2b50d2c9-0c53-5f23-a47e-24fc45b11c59,2.2932e+09,9.1,22.932
1658283224,ALICEUSDT,Sell,0.7,2.520,ZeroMinusTick,849859d2-187b-589a-9e45-d8e7c88122cf,1.7639999999999997e+08,0.7,1.7639999999999998
1658283302,ALICEUSDT,Buy,4,2.520,ZeroMinusTick,cba45e74-0843-5435-a2a1-ca1d2ec97fa4,1.008e+09,4,10.08
1658283322,ALICEUSDT,Sell,3.6,2.515,MinusTick,664bb910-d914-5392-833d-4ca0696a60bf,9.054e+08,3.6,9.054
1658283374,ALICEUSDT,Sell,0.1,2.515,ZeroMinusTick,1bd00a19-dca3-5966-a28f-270dba63cb80,2.515e+07,0.1,0.2515
1658283434,ALICEUSDT,Sell,20.2,2.515,ZeroMinusTick,72473eca-b6c6-556b-a264-64b56f381b19,5.0803e+09,20.2,50.803
1658283503,ALICEUSDT,Sell,99.5,2.510,MinusTick,52a3145a-ed68-5fec-9af8-813db847ac5e,2.4974499999999996e+10,99.5,249.74499999999998
1658283503,ALICEUSDT,Sell,527.4,2.510,ZeroMinusTick,46b9da54-e148-5b70-b681-f6a5441b15ca,1.3237739999999998e+11,527.4,1323.774
1658283554,ALICEUSDT,Buy,0.4,2.515,PlusTick,2b17d006-967a-5073-8102-ecb9a66004f3,1.006e+08,0.4,1.006
1658283601,ALICEUSDT,Sell,855,2.510,MinusTick,83dbf8e8-3899-53d6-9038-f113afb366f3,2.1460499999999997e+11,855,2146.0499999999997
1658283601,ALICEUSDT,Sell,157.5,2.510,ZeroMinusTick,7fb2e946-3eb4-58a3-8db7-a8ee1774fce0,3.95325e+10,157.5,395.325
1658283601,ALICEUSDT,Sell,30.1,2.510,ZeroMinusTick,5d4e53a8-40bb-5936-98ed-fe54031b6038,7.5551e+09,30.1,75.551
1658283601,ALICEUSDT,Sell,145.7,2.510,ZeroMinusTick,53668d2e-8908-5dbd-8fd1-f69feed5e5c3,3.657069999999999e+10,145.7,365.70699999999994
1658283654,ALICEUSDT,Sell,1.3,2.510,ZeroMinusTick,a58e8ada-96bd-5530-ae12-ea4d7e7a1ac4,3.263e+08,1.3,3.263
1658283724,ALICEUSDT,Sell,10,2.515,PlusTick,e1a7d5e8-6f92-55cc-b29d-35f484d37f75,2.515e+09,10,25.150000000000002
1658283729,ALICEUSDT,Buy,970.4,2.520,PlusTick,446f3197-8440-562b-8760-06bdf5aaf345,2.445408e+11,970.4,2445.408
1658283729,ALICEUSDT,Buy,99.3,2.520,ZeroMinusTick,36031cd0-f9c3-555e-a927-7853e97a298c,2.50236e+10,99.3,250.236
1658283772,ALICEUSDT,Buy,22.9,2.525,PlusTick,9efed7fd-d862-5e42-ba75-a361d13dd2b1,5.782249999999999e+09,22.9,57.82249999999999
1658283783,ALICEUSDT,Sell,157.5,2.520,MinusTick,61e50199-40fe-522a-b7a0-c04f9a36444a,3.969e+10,157.5,396.9
1658283844,ALICEUSDT,Buy,1.9,2.520,ZeroMinusTick,723058b5-d7d9-509e-96a9-77d25467a5e7,4.7879999999999994e+08,1.9,4.787999999999999
1658283914,ALICEUSDT,Sell,157.5,2.515,MinusTick,41cfd34b-b72f-5426-b97c-f530602b86bf,3.961125e+10,157.5,396.1125
1658283914,ALICEUSDT,Sell,767.9,2.515,ZeroMinusTick,f8519dfa-1bbc-5738-99c9-3969ecb3e0e0,1.9312685e+11,767.9,1931.2685000000001
1658283914,ALICEUSDT,Sell,747.7,2.515,ZeroMinusTick,97fcd208-8e3f-5fc9-ae43-cd0d426d261b,1.8804655000000003e+11,747.7,1880.4655000000002
1658283914,ALICEUSDT,Sell,1250,2.515,ZeroMinusTick,4def93d4-d0b2-5d90-a3b2-b728e89fc847,3.14375e+11,1250,3143.75
1658283914,ALICEUSDT,Sell,371.1,2.515,ZeroMinusTick,b696c743-654f-5359-b85c-7efcf4144d87,9.333165000000002e+10,371.1,933.3165000000001
1658283948,ALICEUSDT,Buy,5,2.520,PlusTick,32217e19-d13b-5f71-a54d-f01127fce9e1,1.26e+09,5,12.6
1658284003,ALICEUSDT,Sell,119.9,2.510,MinusTick,032e0f30-d81b-5f39-8d16-b29f9393f4be,3.00949e+10,119.9,300.949
1658284003,ALICEUSDT,Sell,99.2,2.510,ZeroMinusTick,924cc395-693f-5492-9fae-6b7bacce6b9f,2.48992e+10,99.2,248.992
1658284003,ALICEUSDT,Sell,991.9,2.510,ZeroMinusTick,9ccd4e57-19f5-551f-85d5-7998f8bc3c1c,2.489669e+11,991.9,2489.669
1658284003,ALICEUSDT,Buy,161.8,2.510,ZeroMinusTick,b05b2277-4b4f-5fec-adb2-7183de8e3c8f,4.06118e+10,161.8,406.118
1658284021,ALICEUSDT,Buy,99.6,2.510,ZeroMinusTick,ba5e6171-a84e-5f80-a652-18a7b753a64d,2.4999599999999996e+10,99.6,249.99599999999995
1658284021,ALICEUSDT,Buy,804.5,2.510,ZeroMinusTick,2da77783-1f2d-5624-b2e7-4238e9baef07,2.0192949999999997e+11,804.5,2019.2949999999998
1658284021,ALICEUSDT,Buy,157.5,2.510,ZeroMinusTick,90d82611-95d0-58b6-ade3-354ade9dfc0a,3.95325e+10,157.5,395.325
1658284024,ALICEUSDT,Buy,1.2,2.515,PlusTick,f6a954a7-26d7-576b-9139-93ce426e26cc,3.018e+08,1.2,3.0180000000000002
1658284047,ALICEUSDT,Sell,40.1,2.505,MinusTick,1c3e6ce2-d18d-5a71-a995-6f9b1bac7dd9,1.004505e+10,40.1,100.4505
1658284047,ALICEUSDT,Sell,80.2,2.505,ZeroMinusTick,78a6303f-bfbd-5422-9dfc-3fa54f4e58a2,2.00901e+10,80.2,200.901
1658284047,ALICEUSDT,Sell,12.6,2.505,ZeroMinusTick,6dcd41bf-76b2-533a-a496-edbdc503040a,3.1563e+09,12.6,31.563
1658284081,ALICEUSDT,Buy,738.3,2.510,PlusTick,c9acb1ee-7c7c-5027-8f9a-764e613b1378,1.8531329999999997e+11,738.3,1853.1329999999998
1658284156,ALICEUSDT,Sell,778.9,2.525,PlusTick,2644ac8b-edac-5154-8ba1-41670ffdbaaa,1.9667225e+11,778.9,1966.7224999999999
1658284156,ALICEUSDT,Sell,883.9,2.525,ZeroMinusTick,0d4dc311-f10e-56c6-a552-2f54a6695255,2.2318475e+11,883.9,2231.8475
1658284174,ALICEUSDT,Sell,24,2.530,PlusTick,0ea3f547-72a5-5768-8f32-883f691f0b0d,6.072e+09,24,60.72
1658284182,ALICEUSDT,Buy,3.6,2.535,PlusTick,bd75ccc6-bfca-5bd5-9d5b-36a40ec93ef7,9.126000000000001e+08,3.6,9.126000000000001
1658284182,ALICEUSDT,Buy,12.2,2.535,ZeroMinusTick,d012e8dc-00fc-5d96-9264-be10119c1299,3.0927e+09,12.2,30.927
1658284184,ALICEUSDT,Buy,10,2.535,ZeroMinusTick,8a00795b-e674-51b9-ad99-5629cfbf6bf8,2.535e+09,10,25.35
1658284204,ALICEUSDT,Buy,0.5,2.540,PlusTick,9afb11bc-b23d-5428-9d29-453f3b4259c9,1.27e+08,0.5,1.27
1658284204,ALICEUSDT,Sell,46,2.535,MinusTick,e8e6bd34-e37a-5211-aff8-0ad0da4e5bdc,1.1661000000000002e+10,46,116.61000000000001
1658284204,ALICEUSDT,Buy,0.3,2.540,PlusTick,25b0a744-9990-554a-b5db-5c30c092b397,7.62e+07,0.3,0.762
1658284204,ALICEUSDT,Buy,282.9,2.540,ZeroMinusTick,b492a905-d509-5d8f-94a3-87bfe382b65b,7.185659999999998e+10,282.9,718.5659999999999
1658284208,ALICEUSDT,Sell,76.8,2.535,MinusTick,42e0a874-1416-57a4-ae14-89a5808061ce,1.94688e+10,76.8,194.68800000000002
1658284208,ALICEUSDT,Sell,8,2.530,MinusTick,8736b8de-9e5d-535b-8e19-2bc2a7292d3e,2.0239999999999998e+09,8,20.24
1658284239,ALICEUSDT,Sell,20.2,2.530,ZeroMinusTick,d015d59c-74f9-5547-903a-1f7c32a063c1,5.110599999999999e+09,20.2,51.105999999999995
1658284242,ALICEUSDT,Sell,31.1,2.525,MinusTick,885aa997-e23b-52c2-a02d-faf8af3bef3d,7.85275e+09,31.1,78.5275
1658284242,ALICEUSDT,Sell,5.2,2.525,ZeroMinusTick,baa32d92-09f5-536d-b1fd-697a412b278b,1.313e+09,5.2,13.13
1658284245,ALICEUSDT,Sell,646.4,2.525,ZeroMinusTick,261be6a4-8221-5a4b-b39a-4194d6d5e2f3,1.63216e+11,646.4,1632.1599999999999
1658284245,ALICEUSDT,Sell,157.5,2.525,ZeroMinusTick,ec43f086-532a-5a87-be02-d2e49199ecb5,3.976875e+10,157.5,397.6875
1658284245,ALICEUSDT,Sell,40.1,2.525,ZeroMinusTick,5e1c3d20-be5f-5d73-b92f-713069a20d99,1.012525e+10,40.1,101.2525
1658284245,ALICEUSDT,Sell,150,2.525,ZeroMinusTick,4dd244b0-5ad7-50ad-9731-05a41caabe7b,3.7875e+10,150,378.75
1658284266,ALICEUSDT,Buy,98.8,2.530,PlusTick,dbebad6e-8a0f-5297-b471-1ff6a99e5200,2.4996399999999996e+10,98.8,249.96399999999997
1658284294,ALICEUSDT,Buy,1.8,2.535,PlusTick,c6206992-da17-54f2-8fd8-0204eab85d19,4.5630000000000006e+08,1.8,4.563000000000001
1658284295,ALICEUSDT,Sell,0.5,2.530,MinusTick,ff4bb196-92d5-5318-916f-3d6b38fe1e4b,1.2649999999999999e+08,0.5,1.265
1658284301,ALICEUSDT,Buy,0.5,2.535,PlusTick,090af522-6d36-5229-9c67-338978cab278,1.2675e+08,0.5,1.2675
1658284338,ALICEUSDT,Buy,200,2.545,PlusTick,d1cf7d2e-344a-5727-9caf-8f815f02f307,5.09e+10,200,509
1658284338,ALICEUSDT,Buy,163.4,2.545,ZeroMinusTick,7e5d45f2-4b1c-5868-9dc4-5159e51119e0,4.15853e+10,163.4,415.853
1658284343,ALICEUSDT,Sell,793.6,2.540,MinusTick,36350356-a9ca-51c2-baff-d25614c66005,2.015744e+11,793.6,2015.7440000000001
1658284350,ALICEUSDT,Buy,457.2,2.540,ZeroMinusTick,d481a7a1-419a-587e-9ade-f73f3ba407e6,1.161288e+11,457.2,1161.288
1658284360,ALICEUSDT,Buy,4,2.550,PlusTick,5ea38597-6d95-534c-93f7-911423f13098,1.0199999999999999e+09,4,10.2
1658284360,ALICEUSDT,Buy,12.2,2.550,ZeroMinusTick,41e15f6a-23df-5bed-b654-2d2da3242f81,3.1109999999999995e+09,12.2,31.109999999999996
1658284360,ALICEUSDT,Buy,2.6,2.550,ZeroMinusTick,0c92e27b-9664-56aa-a9a0-95955a1da709,6.63e+08,2.6,6.63
1658284360,ALICEUSDT,Buy,22.7,2.550,ZeroMinusTick,9d1eca1e-4d97-500f-9ca8-75c9ab1db985,5.788499999999999e+09,22.7,57.88499999999999
1658284360,ALICEUSDT,Buy,1.2,2.550,ZeroMinusTick,1ea6b26c-6d30-5bca-9316-bda5295688d4,3.0599999999999994e+08,1.2,3.0599999999999996
1658284360,ALICEUSDT,Sell,127.4,2.545,MinusTick,ec2d15c7-65ed-5e5a-8c1f-dfa69473bc46,3.24233e+10,127.4,324.233
1658284360,ALICEUSDT,Buy,19.3,2.555,PlusTick,cb0022c6-8583-511a-8fb3-fbf748e28e70,4.93115e+09,19.3,49.3115
1658284360,ALICEUSDT,Buy,514.3,2.555,ZeroMinusTick,dc8dc575-2a04-5d25-be8d-1fea77e4c23d,1.3140365e+11,514.3,1314.0365
1658284360,ALICEUSDT,Buy,1276.5,2.555,ZeroMinusTick,e4b4ffe0-6357-5223-ad7d-86c6f87f692d,3.2614575e+11,1276.5,3261.4575
1658284360,ALICEUSDT,Sell,3.3,2.545,MinusTick,5e11e42f-5c8e-5ba1-b18a-f92672db5f52,8.398499999999999e+08,3.3,8.398499999999999
1658284360,ALICEUSDT,Buy,19.6,2.555,PlusTick,1963df94-2ce5-5732-854b-a5ad86c7da6b,5.007800000000001e+09,19.6,50.07800000000001
1658284360,ALICEUSDT,Buy,0.6,2.555,ZeroMinusTick,5f5b5e68-400c-5bac-bbda-5f1012f1b235,1.533e+08,0.6,1.5330000000000001
1658284360,ALICEUSDT,Buy,11.2,2.555,ZeroMinusTick,8fe3f523-36fd-5c89-89cc-960a325054ff,2.8616e+09,11.2,28.616
1658284360,ALICEUSDT,Buy,18.6,2.555,ZeroMinusTick,b3289b78-f693-5614-83db-b8fc990753b6,4.7523e+09,18.6,47.523
1658284360,ALICEUSDT,Buy,0.4,2.555,ZeroMinusTick,3f2c00b3-f80c-56b2-b141-a6dc29ca019c,1.022e+08,0.4,1.022
1658284360,ALICEUSDT,Buy,11.2,2.555,ZeroMinusTick,3c32c602-5f67-546b-9401-404658471cea,2.8616e+09,11.2,28.616
1658284360,ALICEUSDT,Buy,28.1,2.555,ZeroMinusTick,ae2f5031-8882-5ead-bdb4-0abdce8e6634,7.17955e+09,28.1,71.7955
1658284360,ALICEUSDT,Buy,15.3,2.555,ZeroMinusTick,fe79d82b-7460-52ed-baf2-6b23574fd378,3.9091500000000005e+09,15.3,39.0915
1658284364,ALICEUSDT,Sell,1.9,2.555,ZeroMinusTick,e968e758-adbb-5a8c-a356-650fc9b1126a,4.8545e+08,1.9,4.8545
1658284365,ALICEUSDT,Buy,10.6,2.560,PlusTick,d5b26bea-a43c-503f-9d4f-c841bdfbd255,2.7136e+09,10.6,27.136
1658284365,ALICEUSDT,Buy,41.9,2.560,ZeroMinusTick,cbc5d856-4805-51fb-9dae-28ea8da3912b,1.07264e+10,41.9,107.264
1658284365,ALICEUSDT,Buy,93.5,2.560,ZeroMinusTick,7a35e45a-f8e3-5017-b439-0bbfda6f4716,2.3936e+10,93.5,239.36
1658284371,ALICEUSDT,Buy,383.4,2.555,MinusTick,ee9bb46f-8af6-5a2b-af8e-df6a03f6060d,9.79587e+10,383.4,979.587
1658284374,ALICEUSDT,Buy,1.1,2.555,ZeroMinusTick,db4a605a-3aee-5f25-8928-9463a299fb20,2.8105e+08,1.1,2.8105
1658284389,ALICEUSDT,Sell,513,2.555,ZeroMinusTick,40b67f60-7896-5d34-b5a2-6aa11d6d8ea1,1.3107150000000002e+11,513,1310.7150000000001
1658284389,ALICEUSDT,Sell,40.1,2.555,ZeroMinusTick,de8dc4b7-e86c-5973-8bbe-0c892e3cecc3,1.0245550000000002e+10,40.1,102.45550000000001
1658284389,ALICEUSDT,Sell,282.9,2.555,ZeroMinusTick,89830320-9011-5887-bbd8-65369ab8c2d4,7.228095e+10,282.9,722.8095
1658284389,ALICEUSDT,Sell,80.2,2.555,ZeroMinusTick,45ca8115-724b-5b42-b834-20928a953f83,2.0491100000000004e+10,80.2,204.91100000000003
1658284391,ALICEUSDT,Sell,20.2,2.550,MinusTick,f29a1b01-4835-5830-a54a-917f1915d68a,5.151e+09,20.2,51.51
1658284391,ALICEUSDT,Sell,16,2.550,ZeroMinusTick,52201b4f-184a-5b8f-a80b-dd1ae5dea2aa,4.0799999999999995e+09,16,40.8
1658284391,ALICEUSDT,Sell,3.9,2.550,ZeroMinusTick,765176e3-0b29-59c1-92d1-479a8a192f8a,9.944999999999999e+08,3.9,9.944999999999999
1658284391,ALICEUSDT,Sell,16.3,2.550,ZeroMinusTick,a50595b3-9eb5-59b6-9ad4-738f6eba7cdf,4.1565e+09,16.3,41.565
1658284391,ALICEUSDT,Sell,20.2,2.550,ZeroMinusTick,9318ee2b-8242-529b-8e56-65b75d93f93a,5.151e+09,20.2,51.51
1658284457,ALICEUSDT,Sell,142.3,2.545,MinusTick,480b0902-b088-5780-9a8f-672d3a61d2bc,3.621535e+10,142.3,362.1535
1658284471,ALICEUSDT,Sell,4.5,2.550,PlusTick,97cd706d-f4fd-538d-87f6-1fab382303ec,1.1475e+09,4.5,11.475
1658284471,ALICEUSDT,Sell,35.6,2.550,ZeroMinusTick,de77ad2b-2155-5a1d-b6e2-b4f24c170459,9.078e+09,35.6,90.78
1658284476,ALICEUSDT,Buy,868.9,2.550,ZeroMinusTick,5c1fa62d-46d4-588c-b1e9-087bade4a48d,2.2156949999999997e+11,868.9,2215.6949999999997
1658284476,ALICEUSDT,Buy,1250,2.550,ZeroMinusTick,fa113d45-dc27-5b32-af7e-b541143aaeab,3.1875e+11,1250,3187.5
1658284488,ALICEUSDT,Sell,30,2.545,MinusTick,8acd0222-3017-564c-b62a-dbf7117b9a47,7.634999999999999e+09,30,76.35
1658284503,ALICEUSDT,Buy,20,2.550,PlusTick,fdac145a-52cc-52bb-a9ae-335c930f946f,5.1e+09,20,51
1658284512,ALICEUSDT,Sell,18.3,2.545,MinusTick,52fee329-0c67-59d8-a275-cbfa3db56c03,4.65735e+09,18.3,46.5735
1658284516,ALICEUSDT,Sell,1.9,2.545,ZeroMinusTick,3cced1c3-9345-5fbb-abe5-e47cd8aa89f9,4.8354999999999994e+08,1.9,4.8355
1658284516,ALICEUSDT,Sell,18.3,2.545,ZeroMinusTick,0a9fb231-8cbf-5469-a3de-914311c33f41,4.65735e+09,18.3,46.5735
1658284524,ALICEUSDT,Sell,0.1,2.545,ZeroMinusTick,c4ea8536-6a4a-503e-8465-37462a5751e8,2.545e+07,0.1,0.2545
1658284529,ALICEUSDT,Sell,351,2.545,ZeroMinusTick,8c509434-78d3-5019-a690-9a95bda46f6a,8.93295e+10,351,893.295
1658284530,ALICEUSDT,Sell,7.8,2.545,ZeroMinusTick,4441b0eb-a0b9-5914-b979-6430b4a72336,1.9851e+09,7.8,19.851
1658284542,ALICEUSDT,Buy,547,2.550,PlusTick,bf43d28e-0e99-5cf5-b782-c5cd6d35ad30,1.39485e+11,547,1394.85
1658284608,ALICEUSDT,Buy,186.1,2.550,ZeroMinusTick,47e970e9-645e-5b73-be29-dff13b20c598,4.745549999999999e+10,186.1,474.55499999999995
1658284694,ALICEUSDT,Sell,0.9,2.545,MinusTick,025c7411-23f9-53e1-acb6-e2f4eda34ffe,2.2905000000000003e+08,0.9,2.2905
1658284698,ALICEUSDT,Buy,1250,2.550,PlusTick,af6dda27-3301-54a2-b6d1-69b9df4d609b,3.1875e+11,1250,3187.5
1658284698,ALICEUSDT,Buy,157.5,2.550,ZeroMinusTick,937b53cd-7ca0-5a8b-b953-e9b5036ec230,4.01625e+10,157.5,401.625
1658284698,ALICEUSDT,Buy,196,2.550,ZeroMinusTick,9f636fdc-fc51-5a43-a7df-d7c2c0501d9c,4.997999999999999e+10,196,499.79999999999995
1658284698,ALICEUSDT,Buy,98.1,2.550,ZeroMinusTick,973fdbf3-a2e2-561d-9471-bb4e8aff8086,2.5015499999999996e+10,98.1,250.15499999999997
1658284698,ALICEUSDT,Buy,314,2.550,ZeroMinusTick,0b5150d8-e20d-5e8d-8141-fa9c0377d7d7,8.007e+10,314,800.6999999999999
1658284698,ALICEUSDT,Buy,1837.8,2.550,ZeroMinusTick,f4d63f1b-a299-5c8f-8905-7cd251da8ca8,4.6863899999999994e+11,1837.8,4686.389999999999
1658284735,ALICEUSDT,Sell,20.2,2.545,MinusTick,dd3aca93-6ee0-5212-984d-3556614c8223,5.1409e+09,20.2,51.409
1658284756,ALICEUSDT,Buy,1250,2.545,ZeroMinusTick,cd5378b7-e8ac-59d2-aed3-4b4b4bc8ae4d,3.18125e+11,1250,3181.25
1658284756,ALICEUSDT,Buy,670.3,2.545,ZeroMinusTick,4d41998a-b207-576a-8a9b-a366e09adae2,1.7059135e+11,670.3,1705.9134999999999
1658284785,ALICEUSDT,Sell,540,2.540,MinusTick,c1fb68cd-d5bd-5f74-9e01-7dd074f8054f,1.3715999999999998e+11,540,1371.6
1658284785,ALICEUSDT,Sell,635.1,2.540,ZeroMinusTick,2b09e51f-d0a4-5c84-96c4-d6e6f605d9e0,1.613154e+11,635.1,1613.154
1658284785,ALICEUSDT,Sell,3.6,2.540,ZeroMinusTick,4541bd85-5a51-5be7-81b2-cc8c339c30aa,9.144e+08,3.6,9.144
1658284785,ALICEUSDT,Sell,157.5,2.540,ZeroMinusTick,be408f0f-dfbc-5283-8ac1-77d450dd58c0,4.0005e+10,157.5,400.05
1658284785,ALICEUSDT,Sell,98.3,2.540,ZeroMinusTick,5a550245-5feb-5e58-b7a6-65fb4f1508eb,2.49682e+10,98.3,249.682
1658284800,ALICEUSDT,Sell,177,2.540,ZeroMinusTick,1a37e6ac-e868-5e5b-9426-44515c3e195f,4.4958e+10,177,449.58
1658284824,ALICEUSDT,Sell,0.7,2.540,ZeroMinusTick,7b2457f6-1f92-5bea-a3ce-bf23ec4eb82a,1.7779999999999997e+08,0.7,1.7779999999999998
1658284830,ALICEUSDT,Buy,133,2.550,PlusTick,9633d987-6cbf-5bf1-88fa-56c96682c615,3.3914999999999996e+10,133,339.15
1658284843,ALICEUSDT,Buy,382.4,2.550,ZeroMinusTick,bf6eeecd-e5e0-56db-b4a7-192292c6eff5,9.751199999999998e+10,382.4,975.1199999999999
1658284843,ALICEUSDT,Buy,40.1,2.550,ZeroMinusTick,672b8398-0c72-5d3b-a491-9f019304f1a6,1.02255e+10,40.1,102.255
1658284843,ALICEUSDT,Buy,157.5,2.550,ZeroMinusTick,4fe6a424-dd39-5348-b292-627923c36652,4.01625e+10,157.5,401.625
1658284843,ALICEUSDT,Buy,80.2,2.550,ZeroMinusTick,865934d3-3b36-534d-bf27-44ae7fa07ffd,2.0451e+10,80.2,204.51
1658284843,ALICEUSDT,Buy,1912.8,2.550,ZeroMinusTick,ab6480cb-0ec6-5329-80ae-56554bc8095c,4.8776399999999994e+11,1912.8,4877.639999999999
1658284843,ALICEUSDT,Buy,629.4,2.550,ZeroMinusTick,1d1ceadc-b175-5883-8c3e-00d608c4eeed,1.6049699999999997e+11,629.4,1604.9699999999998
1658284843,ALICEUSDT,Buy,47.6,2.550,ZeroMinusTick,842e89b8-f0a4-5308-8695-f9e6c8b6e40a,1.2138e+10,47.6,121.38
1658284843,ALICEUSDT,Buy,98.2,2.550,ZeroMinusTick,16fb6242-4b5d-5ef9-89ff-b03db3939da6,2.5041e+10,98.2,250.41
1658284843,ALICEUSDT,Buy,505.2,2.550,ZeroMinusTick,6624b708-66c6-5534-9fc1-0eba46f43047,1.28826e+11,505.2,1288.26
1658284852,ALICEUSDT,Sell,250,2.545,MinusTick,3bcb1e43-31cb-5587-ae3b-4356423d670d,6.3625e+10,250,636.25
1658284898,ALICEUSDT,Buy,80.2,2.550,PlusTick,0c2ca301-f376-509e-a4f0-0ee7b028388a,2.0451e+10,80.2,204.51
1658284904,ALICEUSDT,Buy,1.5,2.555,PlusTick,c4f29b6e-b24f-540e-a2c8-91fb1766b6f3,3.8325000000000006e+08,1.5,3.8325000000000005
1658284913,ALICEUSDT,Sell,20.2,2.550,MinusTick,aa4f8a5d-e97d-5114-88ef-6ad527c76c80,5.151e+09,20.2,51.51
1658284913,ALICEUSDT,Sell,20.2,2.550,ZeroMinusTick,2382ba66-173a-5aa7-9597-81bcf510ec0b,5.151e+09,20.2,51.51
1658284913,ALICEUSDT,Sell,20.2,2.550,ZeroMinusTick,485c7664-507e-5699-b1ba-4aedd9b311fd,5.151e+09,20.2,51.51
1658284913,ALICEUSDT,Sell,20.2,2.550,ZeroMinusTick,634be0ed-a6dd-50dc-ad0f-aee728418281,5.151e+09,20.2,51.51
1658284913,ALICEUSDT,Sell,20.2,2.550,ZeroMinusTick,49c5964d-059f-579e-a787-ec20a5cb3fa3,5.151e+09,20.2,51.51
1658284913,ALICEUSDT,Sell,20.2,2.550,ZeroMinusTick,f3b1e54d-3153-5f63-991a-3b9cb2118626,5.151e+09,20.2,51.51
1658284913,ALICEUSDT,Sell,20.2,2.550,ZeroMinusTick,e1a55d4e-6388-5f1d-83e7-ba6f49508a06,5.151e+09,20.2,51.51
1658284914,ALICEUSDT,Sell,20.2,2.550,ZeroMinusTick,e4f368ec-70fa-50b5-8685-c4789eece515,5.151e+09,20.2,51.51
1658284914,ALICEUSDT,Buy,133,2.550,ZeroMinusTick,5cac40be-a00a-5db2-99b9-463d043c92fb,3.3914999999999996e+10,133,339.15
1658284920,ALICEUSDT,Buy,2.3,2.550,ZeroMinusTick,5a4299b4-994e-51ff-b51d-545c11dd7d3f,5.864999999999999e+08,2.3,5.864999999999999
1658284956,ALICEUSDT,Sell,639.7,2.545,MinusTick,ebcacf8f-03d3-5cc0-b57a-1819e46b3422,1.6280365000000003e+11,639.7,1628.0365000000002
1658284956,ALICEUSDT,Sell,157.5,2.545,ZeroMinusTick,71d8f681-9c5e-5c66-86c2-e19b68f20d05,4.008375e+10,157.5,400.8375
1658284956,ALICEUSDT,Sell,1106.2,2.545,ZeroMinusTick,73f452cc-5de3-5f59-a12b-2ae2f7a975b1,2.815279e+11,1106.2,2815.279
1658284996,ALICEUSDT,Sell,1.9,2.545,ZeroMinusTick,e9d3f211-06f6-5f45-be93-d547e5b7cdeb,4.8354999999999994e+08,1.9,4.8355
1658285044,ALICEUSDT,Buy,10,2.545,ZeroMinusTick,0f6af192-b525-5b95-9e6f-3199816dc57e,2.545e+09,10,25.45
1658285164,ALICEUSDT,Buy,2,2.550,PlusTick,c4f0b266-8a02-57cd-b142-982f31bf997a,5.0999999999999994e+08,2,5.1
1658285213,ALICEUSDT,Sell,2.1,2.545,MinusTick,2bb15712-ccd9-5d82-a62c-0105e144168b,5.3445e+08,2.1,5.3445
1658285213,ALICEUSDT,Sell,2.1,2.545,ZeroMinusTick,158b6ef8-4457-5525-b8b4-310ab5b97c36,5.3445e+08,2.1,5.3445
1658285213,ALICEUSDT,Sell,2.1,2.545,ZeroMinusTick,b59d195a-82dc-50e7-808b-94b4b5a61354,5.3445e+08,2.1,5.3445
1658285213,ALICEUSDT,Sell,20.2,2.545,ZeroMinusTick,98529e92-16eb-5677-9dd1-2cf7ba825be1,5.1409e+09,20.2,51.409
1658285213,ALICEUSDT,Sell,20.2,2.545,ZeroMinusTick,bbba6447-1036-59c9-9657-7efdf093b8db,5.1409e+09,20.2,51.409
1658285213,ALICEUSDT,Sell,20.2,2.545,ZeroMinusTick,9ba73e13-b582-5ac4-90ca-ab963831f862,5.1409e+09,20.2,51.409
1658285213,ALICEUSDT,Sell,20.2,2.545,ZeroMinusTick,602bdc17-c3e9-56ef-a834-6d6e8c82c464,5.1409e+09,20.2,51.409
1658285213,ALICEUSDT,Sell,20.2,2.545,ZeroMinusTick,3ab2c3ad-bc1d-5940-839a-4eb06b9c6f12,5.1409e+09,20.2,51.409
1658285284,ALICEUSDT,Buy,0.1,2.545,ZeroMinusTick,847d6ba5-5ed3-5b49-b0ed-2b6089ccc96b,2.545e+07,0.1,0.2545
1658285286,ALICEUSDT,Buy,1,2.545,ZeroMinusTick,a3b52953-bd83-5f71-87cd-b090ea04969b,2.545e+08,1,2.545
1658285312,ALICEUSDT,Sell,19.6,2.540,MinusTick,9d547f99-6e73-53dc-bb44-cc70e9aa486a,4.978400000000001e+09,19.6,49.784000000000006
1658285312,ALICEUSDT,Sell,19.6,2.540,ZeroMinusTick,b907e978-7b23-5946-bb05-3edf83832c42,4.978400000000001e+09,19.6,49.784000000000006
1658285312,ALICEUSDT,Sell,19.6,2.540,ZeroMinusTick,5eb76977-7245-595e-83f6-854dc3d09a4e,4.978400000000001e+09,19.6,49.784000000000006
1658285312,ALICEUSDT,Sell,20.2,2.540,ZeroMinusTick,4715c542-35be-56c5-a19f-740edaabaa9a,5.1308e+09,20.2,51.308
1658285312,ALICEUSDT,Sell,19.3,2.540,ZeroMinusTick,d29fbf81-2b52-5c95-be52-77a209fb640c,4.902200000000001e+09,19.3,49.022000000000006
1658285323,ALICEUSDT,Sell,1.9,2.535,MinusTick,27b0f8ce-ac5d-5c4c-8279-77d04f8a3a02,4.8165000000000006e+08,1.9,4.8165000000000004
1658285323,ALICEUSDT,Sell,18.3,2.535,ZeroMinusTick,ea317a20-0a37-5261-bba8-7d957b830839,4.63905e+09,18.3,46.3905
1658285323,ALICEUSDT,Sell,20.2,2.535,ZeroMinusTick,cfa9c03c-0993-5dcb-a1c8-88f270e02f0c,5.1207e+09,20.2,51.207
1658285323,ALICEUSDT,Sell,20.2,2.535,ZeroMinusTick,46b16547-2778-54cc-ab3b-3f9603305fa1,5.1207e+09,20.2,51.207
1658285323,ALICEUSDT,Sell,20.2,2.535,ZeroMinusTick,6d238e26-a5a5-5b2e-ad70-b2d5a4704d83,5.1207e+09,20.2,51.207
1658285323,ALICEUSDT,Sell,20.2,2.535,ZeroMinusTick,67fa36a2-5f6d-5113-871b-b9f11a1f0f26,5.1207e+09,20.2,51.207
1658285323,ALICEUSDT,Sell,20.2,2.535,ZeroMinusTick,37259d0f-8f30-5d06-b211-b7320b055942,5.1207e+09,20.2,51.207
1658285323,ALICEUSDT,Sell,20.2,2.535,ZeroMinusTick,f58aeb7c-b4e9-521d-b7d8-af7d88b55c65,5.1207e+09,20.2,51.207
1658285323,ALICEUSDT,Sell,20.2,2.535,ZeroMinusTick,9d674cb8-e4a5-531d-8ea6-cd5bd0083c14,5.1207e+09,20.2,51.207
1658285354,ALICEUSDT,Buy,843.6,2.535,ZeroMinusTick,71ae5daa-a86c-5e88-91f0-20c8321c6435,2.1385260000000003e+11,843.6,2138.5260000000003
1658285354,ALICEUSDT,Buy,40.1,2.535,ZeroMinusTick,ad3184fe-08ac-5122-adeb-e0ba27fcfdfd,1.016535e+10,40.1,101.65350000000001
1658285354,ALICEUSDT,Buy,80.2,2.535,ZeroMinusTick,aca7e2a6-f733-595e-9100-89d906396ff1,2.03307e+10,80.2,203.30700000000002
1658285364,ALICEUSDT,Sell,0.6,2.535,ZeroMinusTick,495e9123-02ed-59c9-9cdf-d5aaa7b97fd2,1.521e+08,0.6,1.5210000000000001
1658285413,ALICEUSDT,Sell,20.2,2.535,ZeroMinusTick,16efd420-8108-5ece-8fb3-50e2565e060a,5.1207e+09,20.2,51.207
1658285413,ALICEUSDT,Sell,20.2,2.535,ZeroMinusTick,f5cb9e39-df68-5fd7-a81f-93919f6f713b,5.1207e+09,20.2,51.207
1658285413,ALICEUSDT,Sell,20.2,2.535,ZeroMinusTick,0436b623-a1fa-5905-9ee8-8f19853dd2bb,5.1207e+09,20.2,51.207
1658285413,ALICEUSDT,Sell,20.2,2.535,ZeroMinusTick,04b987ac-b937-5042-8e26-224ec810b628,5.1207e+09,20.2,51.207
1658285436,ALICEUSDT,Buy,989.4,2.535,ZeroMinusTick,955c795a-7607-5f56-ab25-c51d960a4408,2.508129e+11,989.4,2508.129
1658285444,ALICEUSDT,Sell,18.2,2.535,ZeroMinusTick,b85f16e7-0772-56c5-8458-ccc509d28963,4.6137e+09,18.2,46.137
1658285463,ALICEUSDT,Buy,98.4,2.540,PlusTick,03ffe6d2-bc98-55c3-abe8-1619f24295e0,2.49936e+10,98.4,249.936
1658285463,ALICEUSDT,Buy,43.9,2.540,ZeroMinusTick,f0a197bc-78c4-5812-9769-2ee774df7b80,1.11506e+10,43.9,111.506
1658285491,ALICEUSDT,Buy,113.6,2.540,ZeroMinusTick,467ca728-6e9c-5808-b8e0-910bf3b68ea3,2.88544e+10,113.6,288.544
1658285491,ALICEUSDT,Buy,40.1,2.540,ZeroMinusTick,82d202e6-6567-5f59-b88e-f8341ff7f541,1.01854e+10,40.1,101.854
1658285491,ALICEUSDT,Buy,90.7,2.540,ZeroMinusTick,935132bb-91fa-5fab-9db9-c9430733fd45,2.30378e+10,90.7,230.37800000000001
1658285575,ALICEUSDT,Sell,7.2,2.530,MinusTick,e6a19600-64c3-56ac-b023-5de05cfe4f85,1.8215999999999998e+09,7.2,18.215999999999998
1658285575,ALICEUSDT,Sell,150,2.530,ZeroMinusTick,20966669-65bb-5b74-84c9-a2b3c82b0ebb,3.794999999999999e+10,150,379.49999999999994
1658285605,ALICEUSDT,Sell,1.2,2.530,ZeroMinusTick,3b0454e3-9fb1-5678-8047-be61d258208e,3.0359999999999994e+08,1.2,3.0359999999999996
1658285619,ALICEUSDT,Sell,20.2,2.530,ZeroMinusTick,858fb018-f535-5d94-83e5-60c4aca952eb,5.110599999999999e+09,20.2,51.105999999999995
1658285619,ALICEUSDT,Sell,20.2,2.530,ZeroMinusTick,08c6c61f-7947-5d5d-ba28-6b144937ff25,5.110599999999999e+09,20.2,51.105999999999995
1658285619,ALICEUSDT,Sell,58.3,2.530,ZeroMinusTick,6c67f80f-ea0d-5306-b95b-0d1c7d9315f6,1.47499e+10,58.3,147.499
1658285657,ALICEUSDT,Buy,98.8,2.530,ZeroMinusTick,49bdb8ec-09db-5299-a0ed-c12afe062fdf,2.4996399999999996e+10,98.8,249.96399999999997
1658285657,ALICEUSDT,Buy,5,2.530,ZeroMinusTick,6b191057-069d-5da9-a5b8-4ffaf59e2c57,1.2649999999999998e+09,5,12.649999999999999
1658285701,ALICEUSDT,Buy,0.1,2.535,PlusTick,34627904-e095-5e57-9967-503cfff58310,2.535e+07,0.1,0.2535
1658285701,ALICEUSDT,Buy,1.4,2.535,ZeroMinusTick,e33640b8-7436-555d-a19c-1faaeee6667b,3.549e+08,1.4,3.549
1658285701,ALICEUSDT,Buy,8.8,2.535,ZeroMinusTick,9cba254c-4581-5bf5-a804-7cc9d4e50f53,2.2308000000000005e+09,8.8,22.308000000000003
1658285701,ALICEUSDT,Buy,2,2.535,ZeroMinusTick,d490b257-b54a-5a35-b868-a55f5aa9817b,5.07e+08,2,5.07
