timestamp,symbol,side,size,price,tickDirection,trdMatchID,grossValue,homeNotional,foreignNotional
1658102433,ALICEUSDT,Sell,83.9,2.175,ZeroMinusTick,d4c228d7-cef8-596d-a9be-6148dd60d6fe,1.824825e+10,83.9,182.4825
1658102433,ALICEUSDT,Sell,1166.1,2.175,ZeroMinusTick,75e760d6-929a-50cb-9a1f-2a6934553e95,2.5362674999999994e+11,1166.1,2536.2674999999995
1658102433,ALICEUSDT,Sell,316.8,2.175,ZeroMinusTick,d67783f6-3d6a-5025-9e38-1af90b013a8f,6.8904e+10,316.8,689.04
1658102433,ALICEUSDT,Sell,54.4,2.175,ZeroMinusTick,ba232b80-75c1-5096-9e66-063294945189,1.1832e+10,54.4,118.32
1658102457,ALICEUSDT,Sell,500,2.170,MinusTick,8b92f7d0-3bf6-54ed-a62b-afe5570a49e5,1.085e+11,500,1085
1658102457,ALICEUSDT,Sell,23,2.170,ZeroMinusTick,cd73a904-906d-5b4f-aa16-4948d8ef57ef,4.991e+09,23,49.91
1658102457,ALICEUSDT,Sell,11.3,2.170,ZeroMinusTick,9f540623-eda8-5c92-a716-fb8d121cab4c,2.4521e+09,11.3,24.521
1658102470,ALICEUSDT,Sell,1.4,2.165,MinusTick,107be610-198e-5eee-aa58-8131da110958,3.0309999999999994e+08,1.4,3.0309999999999997
1658102473,ALICEUSDT,Buy,11.3,2.170,PlusTick,9590c011-e5f8-5f39-a840-054be8c81d81,2.4521e+09,11.3,24.521
1658102473,ALICEUSDT,Buy,170,2.170,ZeroMinusTick,1d37e134-9805-5bc4-a993-4a598c694280,3.689e+10,170,368.9
1658102473,ALICEUSDT,Buy,115.2,2.170,ZeroMinusTick,784725d2-3310-5bb8-aaf6-baab74a2586a,2.49984e+10,115.2,249.984
1658102473,ALICEUSDT,Buy,767,2.170,ZeroMinusTick,131b4398-9b97-5592-9a7a-929a8146b4e5,1.66439e+11,767,1664.3899999999999
1658102473,ALICEUSDT,Buy,841.3,2.170,ZeroMinusTick,d23ef1bc-3347-574a-85d3-70bd91610b75,1.825621e+11,841.3,1825.6209999999999
1658102473,ALICEUSDT,Buy,331.3,2.170,ZeroMinusTick,3b2768b2-4a1d-58f5-8348-08d8956eccc1,7.18921e+10,331.3,718.921
1658102476,ALICEUSDT,Buy,1.3,2.175,PlusTick,f35a7c8c-33bc-581a-a22b-9088c8714b17,2.8274999999999994e+08,1.3,2.8274999999999997
1658102482,ALICEUSDT,Sell,115.1,2.170,MinusTick,f6d10147-4cc0-58ef-a49a-b3541e63d02e,2.4976699999999996e+10,115.1,249.76699999999997
1658102603,ALICEUSDT,Sell,11.3,2.170,ZeroMinusTick,2061e112-3ad4-5248-a6a2-b309ceba6ded,2.4521e+09,11.3,24.521
1658102603,ALICEUSDT,Sell,92.1,2.170,ZeroMinusTick,c5f29c09-b9da-5ce3-95e9-51f95c782991,1.9985699999999996e+10,92.1,199.85699999999997
1658102603,ALICEUSDT,Sell,45.1,2.170,ZeroMinusTick,d61d2e03-e1c1-53a8-b93a-b046d74123eb,9.7867e+09,45.1,97.867
1658102606,ALICEUSDT,Buy,1.8,2.170,ZeroMinusTick,dcbc5875-eda2-5e1a-8077-a5c9ab0cd30f,3.906e+08,1.8,3.906
1658102606,ALICEUSDT,Sell,11.3,2.170,ZeroMinusTick,4dc8c768-f1a7-5fc1-ae9f-46a20a1e54a3,2.4521e+09,11.3,24.521
1658102727,ALICEUSDT,Sell,1250,2.180,PlusTick,55ea5f06-60a2-5074-bdb2-149faa402732,2.725e+11,1250,2725
1658102746,ALICEUSDT,Sell,1.3,2.175,MinusTick,91efcfb7-26e6-5e37-b2b9-2f39395297fb,2.8274999999999994e+08,1.3,2.8274999999999997
1658102755,ALICEUSDT,Buy,735.2,2.180,PlusTick,f3d53927-f9e9-5536-9ce6-9bd8f40a9f13,1.602736e+11,735.2,1602.736
1658102755,ALICEUSDT,Buy,114.6,2.180,ZeroMinusTick,a3581260-e574-5ad5-a00b-77068c6780eb,2.49828e+10,114.6,249.828
1658102755,ALICEUSDT,Buy,975.6,2.180,ZeroMinusTick,bf2bbd05-f9d9-5e23-830b-48c850eb5992,2.126808e+11,975.6,2126.808
1658102755,ALICEUSDT,Sell,161.8,2.180,ZeroMinusTick,ab0c6865-858e-5eee-9e2f-16573e1c3f38,3.527240000000001e+10,161.8,352.72400000000005
1658102807,ALICEUSDT,Buy,44.8,2.185,PlusTick,9d4de6bc-fa05-5f87-9c17-67d67e29f44f,9.7888e+09,44.8,97.88799999999999
1658102807,ALICEUSDT,Buy,55.3,2.185,ZeroMinusTick,687e441f-3808-5358-ab82-046cb327ee6e,1.208305e+10,55.3,120.8305
1658102807,ALICEUSDT,Buy,78.8,2.185,ZeroMinusTick,c723712f-5c9d-5545-9b99-58760442a77a,1.72178e+10,78.8,172.178
1658102807,ALICEUSDT,Buy,7.1,2.185,ZeroMinusTick,0647524d-34ec-5e54-8602-52f1a0a570e3,1.5513499999999998e+09,7.1,15.513499999999999
1658102807,ALICEUSDT,Buy,7.9,2.185,ZeroMinusTick,f4624629-aec7-565f-8a17-440d4a67fc81,1.7261500000000002e+09,7.9,17.2615
1658102807,ALICEUSDT,Buy,19.8,2.185,ZeroMinusTick,8daed4d4-dc32-54ae-a4ee-2affbe896e10,4.326300000000001e+09,19.8,43.263000000000005
1658102807,ALICEUSDT,Buy,26.7,2.185,ZeroMinusTick,0a0a8957-eaf2-5ac8-964d-a7b4e4836424,5.83395e+09,26.7,58.3395
1658102807,ALICEUSDT,Buy,11.4,2.185,ZeroMinusTick,cf1679be-c122-53f9-accc-9ffb926355a8,2.4909000000000005e+09,11.4,24.909000000000002
1658102807,ALICEUSDT,Buy,21,2.185,ZeroMinusTick,812d2f0f-2068-5950-8346-cbfd0dfdb61c,4.5885e+09,21,45.885
1658102807,ALICEUSDT,Buy,22.4,2.185,ZeroMinusTick,e4af7eea-002b-5190-9693-e6a60e8fd4e1,4.8944e+09,22.4,48.943999999999996
1658102807,ALICEUSDT,Buy,632.5,2.185,ZeroMinusTick,df86703a-1609-53f7-9c28-46c9f60a0431,1.3820125e+11,632.5,1382.0125
1658102807,ALICEUSDT,Buy,6,2.185,ZeroMinusTick,cca9ee64-495b-50cf-86fb-47860076632c,1.311e+09,6,13.11
1658102807,ALICEUSDT,Buy,2.6,2.185,ZeroMinusTick,db8c47e3-e9f2-5af7-b90a-ea461c65a041,5.681e+08,2.6,5.681
1658102807,ALICEUSDT,Buy,0.7,2.185,ZeroMinusTick,03ec18b9-96e5-5355-a499-3e428375a125,1.5295e+08,0.7,1.5294999999999999
1658102807,ALICEUSDT,Buy,3.5,2.185,ZeroMinusTick,d2c1ceb2-924b-578e-b60d-3e3c9af7e15d,7.6475e+08,3.5,7.6475
1658102807,ALICEUSDT,Buy,1.6,2.185,ZeroMinusTick,255c310b-85ac-5ecb-9198-06057426c456,3.4960000000000006e+08,1.6,3.4960000000000004
1658102807,ALICEUSDT,Buy,9.3,2.185,ZeroMinusTick,2c83b5b8-b19a-57fe-9b09-8733a332a2da,2.0320500000000002e+09,9.3,20.320500000000003
1658102807,ALICEUSDT,Buy,1,2.185,ZeroMinusTick,c9e8c88b-d00e-589c-89b3-040a5fd004c2,2.185e+08,1,2.185
1658102807,ALICEUSDT,Buy,2.3,2.185,ZeroMinusTick,aa4762fc-e0dc-523f-83be-302dcb3c61fd,5.0255e+08,2.3,5.0255
1658102807,ALICEUSDT,Buy,1.2,2.185,ZeroMinusTick,5c570666-9f0e-5761-93bc-ddca2a28e838,2.622e+08,1.2,2.622
1658102807,ALICEUSDT,Buy,7.6,2.185,ZeroMinusTick,a467d91c-72c5-5384-8e21-7c6f91bc77ba,1.6605999999999998e+09,7.6,16.605999999999998
1658102807,ALICEUSDT,Buy,1,2.185,ZeroMinusTick,e4b23cb8-2141-5341-a7e3-4403c7575dcc,2.185e+08,1,2.185
1658102807,ALICEUSDT,Buy,0.9,2.185,ZeroMinusTick,2117a090-81a1-5123-bacb-64d79d19d4c6,1.9665e+08,0.9,1.9665000000000001
1658102807,ALICEUSDT,Buy,37.8,2.185,ZeroMinusTick,b5dce5ec-60ab-52db-ad70-57cbd61707d1,8.259299999999999e+09,37.8,82.59299999999999
1658102807,ALICEUSDT,Buy,2.1,2.185,ZeroMinusTick,863c7b23-f405-590f-8dcd-a715d359d69e,4.5885000000000006e+08,2.1,4.588500000000001
1658102807,ALICEUSDT,Buy,3.3,2.185,ZeroMinusTick,b7d3e2a0-b4f5-59c2-8b67-2fbbfe6ddba8,7.2105e+08,3.3,7.2105
1658102807,ALICEUSDT,Buy,0.9,2.185,ZeroMinusTick,8f74c02b-898f-543b-aa60-ec420617fa31,1.9665e+08,0.9,1.9665000000000001
1658102807,ALICEUSDT,Buy,9.2,2.185,ZeroMinusTick,64032158-a6e8-5dab-b878-82ff88d0cdb3,2.0102e+09,9.2,20.102
1658102807,ALICEUSDT,Buy,6.4,2.185,ZeroMinusTick,db2fa071-969c-5e2d-a49a-da60d202e9c3,1.3984000000000002e+09,6.4,13.984000000000002
1658102807,ALICEUSDT,Buy,0.2,2.185,ZeroMinusTick,9e1b2534-ee83-5556-97dd-2db5a8bb690a,4.370000000000001e+07,0.2,0.43700000000000006
1658102807,ALICEUSDT,Buy,1.4,2.185,ZeroMinusTick,b20ab5f3-1b95-5afc-893f-66542b227abe,3.059e+08,1.4,3.0589999999999997
1658102807,ALICEUSDT,Buy,0.4,2.185,ZeroMinusTick,507b531f-bbce-52a3-9efb-9c75a8f47451,8.740000000000001e+07,0.4,0.8740000000000001
1658102807,ALICEUSDT,Buy,0.7,2.185,ZeroMinusTick,4c0de2c4-6cb9-5204-8fa6-b9ab31837a30,1.5295e+08,0.7,1.5294999999999999
1658102807,ALICEUSDT,Buy,180.1,2.185,ZeroMinusTick,ec45d8ee-8431-5b8d-b692-77a67eae14a7,3.935185e+10,180.1,393.5185
1658102916,ALICEUSDT,Sell,1.7,2.185,ZeroMinusTick,3a8aba96-3413-5eb9-9613-2faa8750a3e3,3.7145e+08,1.7,3.7145
1658102996,ALICEUSDT,Buy,0.5,2.185,ZeroMinusTick,bbe4eacb-888a-5aff-b3d7-aab8cb9d2824,1.0925e+08,0.5,1.0925
1658103000,ALICEUSDT,Sell,364.3,2.180,MinusTick,e4a0391b-3b50-5107-aac0-792448e94695,7.941740000000002e+10,364.3,794.1740000000001
1658103106,ALICEUSDT,Buy,1.3,2.190,PlusTick,472b1bee-b2f7-5490-99a2-05b40f6d10af,2.847e+08,1.3,2.847
1658103122,ALICEUSDT,Buy,11.4,2.190,ZeroMinusTick,0590d6b6-a128-5a3a-81fe-d172507e0c1d,2.4966e+09,11.4,24.966
1658103126,ALICEUSDT,Buy,4.9,2.195,PlusTick,57d85d0d-0491-5333-b65c-7caf4b40cb14,1.07555e+09,4.9,10.7555
1658103226,ALICEUSDT,Buy,2,2.185,MinusTick,3694aa2d-520e-5648-9987-98e6c0007121,4.37e+08,2,4.37
1658103296,ALICEUSDT,Buy,1,2.190,PlusTick,d3ea8cb1-3418-56a2-8356-5fd6313dc3c0,2.19e+08,1,2.19
1658103342,ALICEUSDT,Buy,50,2.190,ZeroMinusTick,8f326a41-4014-53e9-b6d4-0e441e647941,1.095e+10,50,109.5
1658103346,ALICEUSDT,Sell,24.4,2.185,MinusTick,d8734cc3-0da5-5967-b543-3a466a492554,5.3314e+09,24.4,53.314
1658103374,ALICEUSDT,Sell,170,2.185,ZeroMinusTick,86eb6daa-9147-5d26-90fa-11f1a956c165,3.7145e+10,170,371.45
1658103374,ALICEUSDT,Sell,10.9,2.185,ZeroMinusTick,4bbb5699-8226-5a19-9a18-9b779b4b4cb6,2.38165e+09,10.9,23.8165
1658103404,ALICEUSDT,Buy,10.9,2.185,ZeroMinusTick,ebb80a84-034f-5b7c-92ce-a6009a69c5da,2.38165e+09,10.9,23.8165
1658103426,ALICEUSDT,Buy,0.1,2.190,PlusTick,557c4a38-6d07-5791-bd18-9ef8d708aee6,2.19e+07,0.1,0.219
1658103483,ALICEUSDT,Buy,187.3,2.190,ZeroMinusTick,18af6d75-d9e4-567f-9b52-2d667d8ae65e,4.10187e+10,187.3,410.187
1658103483,ALICEUSDT,Buy,885.9,2.190,ZeroMinusTick,4ece0e2f-e606-560c-a8ab-fdb8ccc5a94d,1.940121e+11,885.9,1940.1209999999999
1658103483,ALICEUSDT,Buy,114.1,2.190,ZeroMinusTick,e6660376-550f-55d1-adb2-a199db865a42,2.49879e+10,114.1,249.879
1658103483,ALICEUSDT,Buy,665.1,2.190,ZeroMinusTick,a399b21a-4902-56b0-85ee-3b3a9668e294,1.456569e+11,665.1,1456.569
1658103483,ALICEUSDT,Buy,245.9,2.190,ZeroMinusTick,c67bff37-46dd-526f-a650-b36c5b820ec5,5.385209999999999e+10,245.9,538.521
1658103546,ALICEUSDT,Buy,1,2.190,ZeroMinusTick,b38b37ee-441d-58c1-bff1-577207141b54,2.19e+08,1,2.19
1658103634,ALICEUSDT,Sell,214.6,2.185,MinusTick,e28b4997-f8de-54c9-9e55-d0f43ee99042,4.68901e+10,214.6,468.901
1658103656,ALICEUSDT,Sell,1.8,2.180,MinusTick,cf1079c4-c545-516a-8cfd-f20dca45a21a,3.9240000000000006e+08,1.8,3.9240000000000004
1658103736,ALICEUSDT,Sell,0.1,2.185,PlusTick,ce3ad195-e7ae-5244-9502-878c24ea1c59,2.1850000000000004e+07,0.1,0.21850000000000003
1658103772,ALICEUSDT,Buy,55,2.190,PlusTick,368f4b99-a065-56b8-bb83-e131f31a95de,1.2045e+10,55,120.45
1658103781,ALICEUSDT,Buy,170,2.195,PlusTick,30411aa9-33ac-5c5a-b1f0-ebb4b48d20f5,3.7315e+10,170,373.15
1658103781,ALICEUSDT,Buy,238.4,2.195,ZeroMinusTick,e8998824-c88c-590d-8fb6-070d2830cc6e,5.23288e+10,238.4,523.288
1658103786,ALICEUSDT,Sell,238.4,2.195,ZeroMinusTick,de1e2fc4-aa33-59c4-909e-5ace9a7fbfd2,5.23288e+10,238.4,523.288
1658103856,ALICEUSDT,Sell,1.8,2.190,MinusTick,15528f33-68d2-575f-a82a-cf946ed4b641,3.942e+08,1.8,3.942
1658103856,ALICEUSDT,Buy,0.6,2.195,PlusTick,81e987ce-998a-580e-8fa7-0d7740b90944,1.317e+08,0.6,1.317
1658103916,ALICEUSDT,Buy,0.1,2.195,ZeroMinusTick,42482288-0037-5377-bfc2-3888ebebd042,2.195e+07,0.1,0.2195
1658103955,ALICEUSDT,Sell,22.7,2.195,ZeroMinusTick,4fa90b3a-5c4f-548d-9bb9-26ba173fc33f,4.98265e+09,22.7,49.826499999999996
1658103955,ALICEUSDT,Sell,55.7,2.195,ZeroMinusTick,2593bb27-4b23-5113-99f6-582dec74f86a,1.222615e+10,55.7,122.2615
1658104036,ALICEUSDT,Buy,1.9,2.195,ZeroMinusTick,8ef1f5f4-1b0c-513b-835a-c78c800a7001,4.1704999999999994e+08,1.9,4.1705
1658104043,ALICEUSDT,Sell,10.8,2.190,MinusTick,68187f12-de36-5973-8410-dfd1a8c0f184,2.3652e+09,10.8,23.652
1658104107,ALICEUSDT,Buy,10.8,2.190,ZeroMinusTick,5bf4cd72-f92d-5f30-b4d9-0fd0d6200d25,2.3652e+09,10.8,23.652
1658104153,ALICEUSDT,Sell,136,2.190,ZeroMinusTick,753bc247-33b7-5e41-9a00-4ecac51d0578,2.9783999999999996e+10,136,297.84
1658104216,ALICEUSDT,Sell,0.6,2.185,MinusTick,542dcdcd-f4b5-5c62-b0e4-ec1f5a612061,1.311e+08,0.6,1.311
1658104236,ALICEUSDT,Sell,0.1,2.190,PlusTick,edc62938-f12a-5039-a433-5db6b8440de9,2.19e+07,0.1,0.219
1658104272,ALICEUSDT,Sell,53.5,2.190,ZeroMinusTick,520d644d-9d83-5eda-9dc1-9c2520afe085,1.17165e+10,53.5,117.16499999999999
1658104326,ALICEUSDT,Sell,1.3,2.185,MinusTick,d63a62f9-4826-5cbe-b5f4-446f51688a76,2.8405e+08,1.3,2.8405
1658104414,ALICEUSDT,Buy,236.5,2.195,PlusTick,2e8fd157-bc34-5276-97e6-b8d99bab22dc,5.191174999999999e+10,236.5,519.1175
1658104435,ALICEUSDT,Buy,238.4,2.195,ZeroMinusTick,8f1d91cc-f76f-5b2c-9f1b-7b07005ce32c,5.23288e+10,238.4,523.288
1658104461,ALICEUSDT,Sell,18.5,2.195,ZeroMinusTick,9593e2e7-3cfd-56fa-b485-4c89d8ea418c,4.0607499999999995e+09,18.5,40.607499999999995
1658104461,ALICEUSDT,Sell,219.9,2.195,ZeroMinusTick,1261923c-8475-5603-9fbf-503330a5820c,4.826805e+10,219.9,482.6805
1658104461,ALICEUSDT,Sell,238.4,2.195,ZeroMinusTick,c9367490-0edf-5351-9daa-5d5094f6223e,5.23288e+10,238.4,523.288
1658104461,ALICEUSDT,Sell,238.4,2.190,MinusTick,2e134da0-88f9-5423-8e1e-ed4614b40115,5.22096e+10,238.4,522.096
1658104465,ALICEUSDT,Buy,238.4,2.195,PlusTick,f467c0ff-1182-5a48-a027-c290195bb8f1,5.23288e+10,238.4,523.288
1658104486,ALICEUSDT,Sell,0.4,2.195,ZeroMinusTick,da871755-6481-5ac2-aad8-f84d15e30185,8.78e+07,0.4,0.878
1658104596,ALICEUSDT,Buy,1.9,2.195,ZeroMinusTick,486b0bf2-8ba0-502f-903f-b39d3d81dfb9,4.1704999999999994e+08,1.9,4.1705
1658104609,ALICEUSDT,Sell,238.4,2.190,MinusTick,aca74b04-9182-5755-8e99-68b1820eb42b,5.22096e+10,238.4,522.096
1658104709,ALICEUSDT,Buy,45.9,2.185,MinusTick,832187d6-7eea-57a3-a8d8-e12778d4d7c6,1.002915e+10,45.9,100.2915
1658104718,ALICEUSDT,Buy,172.1,2.185,ZeroMinusTick,b08e304c-f5b1-5d66-b233-dea09b18729d,3.760385e+10,172.1,376.0385
1658104726,ALICEUSDT,Sell,0.3,2.180,MinusTick,ef100bc7-a575-5a11-a5e1-e346461e1c70,6.54e+07,0.3,0.654
1658104816,ALICEUSDT,Buy,1.1,2.185,PlusTick,68fc97c8-b5ab-5ae8-ae21-ac4119f3da70,2.4035000000000003e+08,1.1,2.4035
1658104828,ALICEUSDT,Sell,114.5,2.180,MinusTick,9ca16d70-b7ad-55d9-ac46-fb5d8c567aa9,2.4961e+10,114.5,249.61
1658104873,ALICEUSDT,Buy,114.6,2.180,ZeroMinusTick,ffaad477-af9a-5252-a2a0-34318735d5fd,2.49828e+10,114.6,249.828
1658104873,ALICEUSDT,Buy,114.6,2.185,PlusTick,ae32d2cb-5cef-5d9c-8104-13bd11bc17bd,2.50401e+10,114.6,250.40099999999998
1658104906,ALICEUSDT,Buy,114.7,2.180,MinusTick,68096b69-f9eb-518c-8aa0-bcb39e72f2d9,2.5004600000000004e+10,114.7,250.04600000000002
1658105016,ALICEUSDT,Buy,1.9,2.180,ZeroMinusTick,f5d53751-e0c8-5849-b350-321547612fe4,4.1420000000000006e+08,1.9,4.142
1658105218,ALICEUSDT,Sell,198.9,2.180,ZeroMinusTick,11f6de25-a26e-51e2-9daa-7876ef61136e,4.33602e+10,198.9,433.60200000000003
1658105266,ALICEUSDT,Buy,1.3,2.180,ZeroMinusTick,997a417d-b7ab-5fb9-b5d8-a22db177d29b,2.8340000000000006e+08,1.3,2.8340000000000005
1658105426,ALICEUSDT,Buy,1.1,2.180,ZeroMinusTick,14fcdc96-f806-58c9-b11e-61ac9a5139b7,2.3980000000000006e+08,1.1,2.3980000000000006
1658105427,ALICEUSDT,Buy,11.4,2.180,ZeroMinusTick,94f6f348-0ad3-5355-9488-ee87ce9b3614,2.4852000000000005e+09,11.4,24.852000000000004
1658105606,ALICEUSDT,Buy,1.1,2.180,ZeroMinusTick,92fad8c0-5337-5ab3-8943-7fc648a16399,2.3980000000000006e+08,1.1,2.3980000000000006
1658105836,ALICEUSDT,Buy,1.4,2.185,PlusTick,e0d79e18-206b-538f-94d1-450053e7c2a7,3.059e+08,1.4,3.0589999999999997
1658106006,ALICEUSDT,Sell,1.3,2.180,MinusTick,c7413fc4-d593-53b1-95c9-da2138f762ab,2.8340000000000006e+08,1.3,2.8340000000000005
1658106070,ALICEUSDT,Buy,297.7,2.185,PlusTick,4fbba0fb-b889-5ad9-a74d-de7292a92dff,6.504745e+10,297.7,650.4745
1658106079,ALICEUSDT,Buy,0.5,2.185,ZeroMinusTick,ee62bf92-14dc-5e53-8125-3546c854f793,1.0925e+08,0.5,1.0925
1658106086,ALICEUSDT,Buy,0.1,2.190,PlusTick,60aa5fea-3930-5ba9-a017-427354995fde,2.19e+07,0.1,0.219
1658106126,ALICEUSDT,Sell,196.8,2.190,ZeroMinusTick,dc385f81-e152-57d7-8378-ee40c8b40fe2,4.30992e+10,196.8,430.992
1658106276,ALICEUSDT,Buy,1.5,2.190,ZeroMinusTick,63d71063-761e-5e37-b902-851bf94eb921,3.285e+08,1.5,3.285
1658106363,ALICEUSDT,Sell,20.1,2.185,MinusTick,4f55e07f-1118-5bf4-b1cc-2d6e7a543341,4.39185e+09,20.1,43.9185
1658106416,ALICEUSDT,Buy,2,2.190,PlusTick,bc42abb6-917a-5ed2-b31e-1dfc117f9166,4.38e+08,2,4.38
1658106450,ALICEUSDT,Sell,183.6,2.190,ZeroMinusTick,750f5e1b-49ec-50ad-84d5-95e148a336a6,4.02084e+10,183.6,402.084
1658106567,ALICEUSDT,Buy,236.5,2.195,PlusTick,fc42d2bd-c2a0-5193-8e69-3652bfffde0c,5.191174999999999e+10,236.5,519.1175
1658106596,ALICEUSDT,Sell,0.1,2.195,ZeroMinusTick,70f4360e-d949-520a-a0cb-08ad966ae906,2.195e+07,0.1,0.2195
1658106609,ALICEUSDT,Buy,152.7,2.195,ZeroMinusTick,01e4a254-9f8a-5be9-aa62-99a9a3e41a54,3.3517649999999996e+10,152.7,335.1765
1658106643,ALICEUSDT,Buy,85.7,2.195,ZeroMinusTick,f51f5f2c-ecda-5f3b-b704-e8c2c028d6b5,1.881115e+10,85.7,188.1115
1658106643,ALICEUSDT,Buy,170,2.195,ZeroMinusTick,7a894e86-25d1-5602-8d16-bd696ac5e0bc,3.7315e+10,170,373.15
1658106643,ALICEUSDT,Buy,189.3,2.200,PlusTick,5827ece6-b217-5d62-a00f-4c5b97d1fa87,4.1646e+10,189.3,416.46000000000004
1658106643,ALICEUSDT,Sell,181.6,2.195,MinusTick,7596998b-9c5b-569c-b84a-ae7a00660eff,3.98612e+10,181.6,398.61199999999997
1658106676,ALICEUSDT,Sell,1.1,2.195,ZeroMinusTick,4920da36-9935-5ae7-9132-bb0c640000b3,2.4145e+08,1.1,2.4145
1658106689,ALICEUSDT,Buy,45.7,2.205,PlusTick,9d5e21b9-c0e8-5ad2-b90d-422811e69364,1.007685e+10,45.7,100.7685
1658106689,ALICEUSDT,Buy,24.4,2.210,PlusTick,69e75022-a245-55c5-8780-d9f8c7751b8c,5.3924e+09,24.4,53.924
1658106695,ALICEUSDT,Sell,238.4,2.205,MinusTick,9060b9be-5729-53d1-bc08-11c2cac0d0a0,5.25672e+10,238.4,525.672
1658106695,ALICEUSDT,Sell,45.7,2.205,ZeroMinusTick,e36179f0-e79a-5320-99b8-ee97d8bda83b,1.007685e+10,45.7,100.7685
1658106757,ALICEUSDT,Sell,236.8,2.205,ZeroMinusTick,6f4ff17e-1807-5ce0-abee-8b38dbba7bed,5.22144e+10,236.8,522.144
1658106757,ALICEUSDT,Sell,10.6,2.205,ZeroMinusTick,2a34e9c2-882b-56f6-9ce0-0dc8e6a52b47,2.3373e+09,10.6,23.373
1658106758,ALICEUSDT,Buy,1.5,2.205,ZeroMinusTick,7dd06526-630c-5dec-a7e6-3ae460515555,3.3075e+08,1.5,3.3075
1658106760,ALICEUSDT,Buy,10.6,2.205,ZeroMinusTick,3276518c-2233-5b1c-b2a3-dc95df1c689b,2.3373e+09,10.6,23.373
1658106796,ALICEUSDT,Sell,1.6,2.205,ZeroMinusTick,6c9a1aa0-cabb-52e4-8e7e-244439b00d5e,3.5280000000000006e+08,1.6,3.5280000000000005
1658106860,ALICEUSDT,Buy,238.4,2.210,PlusTick,83ce1567-7d9a-57fc-8956-7644fb152892,5.26864e+10,238.4,526.864
1658106901,ALICEUSDT,Buy,238.4,2.210,ZeroMinusTick,90d2507d-45ac-5863-9e30-091d0d3a8dd6,5.26864e+10,238.4,526.864
1658106903,ALICEUSDT,Buy,737.2,2.215,PlusTick,4b06992c-247e-5191-b90c-ba88631e4e15,1.632898e+11,737.2,1632.898
1658106903,ALICEUSDT,Buy,80.8,2.215,ZeroMinusTick,413e07b4-8906-5cf3-bbdc-feba389d6b3a,1.7897199999999996e+10,80.8,178.97199999999998
1658106903,ALICEUSDT,Buy,67.9,2.215,ZeroMinusTick,c723f11c-d156-5cf1-865a-b12cf16bb3ec,1.5039850000000002e+10,67.9,150.3985
1658106903,ALICEUSDT,Buy,36.3,2.215,ZeroMinusTick,a5824298-8f9a-53b2-9ff1-e34823c51d12,8.040449999999998e+09,36.3,80.40449999999998
1658106928,ALICEUSDT,Sell,0.7,2.210,MinusTick,d1603d29-8e24-5c9b-abaa-063ca426a734,1.547e+08,0.7,1.547
1658106996,ALICEUSDT,Sell,1.8,2.210,ZeroMinusTick,4dd13a01-200c-5989-8011-48f4ff9beb54,3.978e+08,1.8,3.978
1658107030,ALICEUSDT,Sell,91.8,2.210,ZeroMinusTick,b271e108-f235-5d86-b1a9-f8ba128bb796,2.02878e+10,91.8,202.878
1658107030,ALICEUSDT,Sell,45.7,2.210,ZeroMinusTick,ce38cc93-2ea8-5153-8b43-c75b7f2fce4c,1.00997e+10,45.7,100.997
1658107030,ALICEUSDT,Sell,10.4,2.210,ZeroMinusTick,68965432-f901-5be3-8f50-eb47b838e82b,2.2984e+09,10.4,22.984
1658107033,ALICEUSDT,Buy,10.4,2.210,ZeroMinusTick,7a372eb4-c251-5f7f-99ae-2eebdf2b118e,2.2984e+09,10.4,22.984
1658107089,ALICEUSDT,Sell,238.4,2.210,ZeroMinusTick,192aaa77-1ac9-5587-8230-3430b472a2c1,5.26864e+10,238.4,526.864
1658107090,ALICEUSDT,Buy,165.8,2.210,ZeroMinusTick,a0fb64af-edaf-5597-816f-8e9b333a4857,3.66418e+10,165.8,366.418
1658107090,ALICEUSDT,Buy,72.6,2.210,ZeroMinusTick,a597bc41-870a-563f-9017-2b2d7b288227,1.60446e+10,72.6,160.446
1658107126,ALICEUSDT,Buy,1.9,2.215,PlusTick,6caec08f-a3d6-5605-bce0-d8dc452ed932,4.2085e+08,1.9,4.2085
1658107226,ALICEUSDT,Buy,1.8,2.220,PlusTick,816fc2ee-afd1-5216-9ccb-2c87ed388df3,3.9960000000000006e+08,1.8,3.9960000000000004
1658107342,ALICEUSDT,Sell,21.2,2.210,MinusTick,24cc80f5-c2a9-5468-ae0e-3ea2530f2cb6,4.6852e+09,21.2,46.852
1658107396,ALICEUSDT,Buy,0.3,2.215,PlusTick,d1d11900-0f5d-5016-a0ad-2dd50eab6387,6.645e+07,0.3,0.6645
1658107426,ALICEUSDT,Sell,0.1,2.215,ZeroMinusTick,c00c1e46-cc2a-5897-bd9e-78434949b44a,2.215e+07,0.1,0.2215
1658107440,ALICEUSDT,Sell,712.3,2.215,ZeroMinusTick,ce8be7c9-98fa-56c4-ab40-d6a72fc5687a,1.5777444999999997e+11,712.3,1577.7444999999998
1658107440,ALICEUSDT,Sell,964.4,2.215,ZeroMinusTick,46b5c5b0-4fdd-59e7-9c82-f24bb6bfe7d6,2.1361459999999997e+11,964.4,2136.1459999999997
1658107440,ALICEUSDT,Sell,1250,2.215,ZeroMinusTick,0db2b7f8-641c-5e31-8334-cdd5db4357f5,2.76875e+11,1250,2768.75
1658107440,ALICEUSDT,Sell,217.2,2.210,MinusTick,21bbe16a-aca3-5d7c-a9e8-592ee73d8ad0,4.800119999999999e+10,217.2,480.01199999999994
1658107440,ALICEUSDT,Sell,885.9,2.210,ZeroMinusTick,b211a13c-f6a2-5b43-8548-0bcb48ce2545,1.957839e+11,885.9,1957.839
1658107440,ALICEUSDT,Sell,654.6,2.210,ZeroMinusTick,be888fb2-973c-5f73-b7fb-f239d2592b7b,1.446666e+11,654.6,1446.666
1658107440,ALICEUSDT,Sell,170,2.210,ZeroMinusTick,2ea29625-8777-5431-83cf-93536edba53f,3.757e+10,170,375.7
1658107440,ALICEUSDT,Sell,145.6,2.210,ZeroMinusTick,066f45be-e71c-5bdf-9a1a-2096fb872483,3.21776e+10,145.6,321.776
1658107440,ALICEUSDT,Buy,171.4,2.215,PlusTick,05ef8dcf-f2f9-5c56-9b3e-201342ddbab2,3.79651e+10,171.4,379.651
1658107508,ALICEUSDT,Buy,34.9,2.220,PlusTick,c7dbbcea-74c9-5e1d-b24e-58cff73a786c,7.747800000000001e+09,34.9,77.47800000000001
1658107509,ALICEUSDT,Buy,0.8,2.220,ZeroMinusTick,1a9174ea-f483-5487-aaea-2054a6ba50a6,1.7760000000000003e+08,0.8,1.7760000000000002
1658107509,ALICEUSDT,Buy,2.2,2.220,ZeroMinusTick,7c083eda-f4f4-53c0-923f-920ff78e88e9,4.884000000000001e+08,2.2,4.884000000000001
1658107510,ALICEUSDT,Buy,109.5,2.220,ZeroMinusTick,69aa2bf9-12b8-563a-a164-209ca12930dd,2.4309000000000004e+10,109.5,243.09000000000003
1658107510,ALICEUSDT,Buy,57.7,2.220,ZeroMinusTick,6771eeda-7233-5368-be01-4125f956675f,1.2809400000000002e+10,57.7,128.09400000000002
1658107511,ALICEUSDT,Buy,0.1,2.220,ZeroMinusTick,fff8fd13-270e-5a8b-9cc5-ce6690a726ef,2.2200000000000004e+07,0.1,0.22200000000000003
1658107512,ALICEUSDT,Buy,9.2,2.220,ZeroMinusTick,e36f0ead-5c59-512c-9c86-8840ef350bae,2.0424e+09,9.2,20.424
1658107526,ALICEUSDT,Sell,2,2.220,ZeroMinusTick,db0817dd-1b6f-5db9-83e4-57c65718902c,4.4400000000000006e+08,2,4.44
1658107528,ALICEUSDT,Sell,10.6,2.220,ZeroMinusTick,b0eb3def-417a-50d5-8c7a-19735b527811,2.3532e+09,10.6,23.532
1658107528,ALICEUSDT,Sell,15.6,2.220,ZeroMinusTick,7f1c8e0e-016d-5ba0-a9cc-94f7deb8fb34,3.4632000000000005e+09,15.6,34.632000000000005
1658107528,ALICEUSDT,Sell,2.2,2.220,ZeroMinusTick,219df638-a66d-5249-a723-9cf13e8c2a27,4.884000000000001e+08,2.2,4.884000000000001
1658107528,ALICEUSDT,Sell,53.9,2.220,ZeroMinusTick,200c026a-f9f0-505d-9d3c-bb6d60a86244,1.19658e+10,53.9,119.658
1658107528,ALICEUSDT,Sell,19.3,2.220,ZeroMinusTick,50d2b1a7-4cc3-5083-8e9d-32244396f9b6,4.2846000000000005e+09,19.3,42.846000000000004
1658107528,ALICEUSDT,Sell,32.1,2.220,ZeroMinusTick,41431691-4fa6-58b7-b06b-7851bca4ca26,7.126200000000002e+09,32.1,71.26200000000001
1658107528,ALICEUSDT,Sell,5.1,2.220,ZeroMinusTick,2856baac-d270-5472-9ce0-6e7aeb175e21,1.1322e+09,5.1,11.322000000000001
1658107528,ALICEUSDT,Sell,18.7,2.220,ZeroMinusTick,a24a00a8-bda9-5ce3-982b-c815c3221b10,4.1514000000000005e+09,18.7,41.514
1658107528,ALICEUSDT,Sell,4.3,2.220,ZeroMinusTick,166ab420-e172-5b94-ae4a-bc92113db489,9.546000000000001e+08,4.3,9.546000000000001
1658107528,ALICEUSDT,Sell,3.6,2.220,ZeroMinusTick,358b7cbc-9f36-5acc-a857-6d5ef73a0176,7.992000000000001e+08,3.6,7.992000000000001
1658107528,ALICEUSDT,Sell,218.1,2.220,ZeroMinusTick,3ac4b2f0-5237-5a4d-97de-69f864eb170b,4.84182e+10,218.1,484.182
1658107528,ALICEUSDT,Sell,64.7,2.220,ZeroMinusTick,0c49bc07-5699-52ba-bdd1-a6154dfeaa51,1.4363400000000002e+10,64.7,143.63400000000001
1658107608,ALICEUSDT,Buy,336.5,2.225,PlusTick,ea4ea49b-2db7-5887-8df8-777ebf928dd1,7.487125e+10,336.5,748.7125
1658107608,ALICEUSDT,Buy,161.7,2.225,ZeroMinusTick,931b9c16-dfcb-5a92-8a8a-e10e5d3ed439,3.597825e+10,161.7,359.78249999999997
1658107646,ALICEUSDT,Buy,0.2,2.225,ZeroMinusTick,d61f02a6-afc7-55d1-a9a7-fd8d57c017a6,4.450000000000001e+07,0.2,0.44500000000000006
1658107681,ALICEUSDT,Buy,78.8,2.230,PlusTick,69e336a2-da3f-57e7-8e8a-1e5ab4efa7f6,1.75724e+10,78.8,175.724
1658107681,ALICEUSDT,Buy,19.8,2.230,ZeroMinusTick,55de5d7c-b476-5966-8793-482e6f674ec7,4.4154e+09,19.8,44.154
1658107681,ALICEUSDT,Buy,44.8,2.230,ZeroMinusTick,02af41f3-c15f-5e9d-848c-bf30368765bb,9.9904e+09,44.8,99.904
1658107681,ALICEUSDT,Buy,26.7,2.230,ZeroMinusTick,e2ac1629-c764-53f0-a1fc-d5c54284a55f,5.9541e+09,26.7,59.541
1658107681,ALICEUSDT,Buy,11.4,2.230,ZeroMinusTick,10f5d96d-4095-5501-a80a-705108c6e0c3,2.5422e+09,11.4,25.422
1658107681,ALICEUSDT,Buy,22.4,2.230,ZeroMinusTick,df7069a9-bf4f-50bf-ade1-82cd1439d35d,4.9952e+09,22.4,49.952
1658107681,ALICEUSDT,Buy,21,2.230,ZeroMinusTick,78cfabf7-4301-5bec-84db-490f2ff16474,4.683e+09,21,46.83
1658107681,ALICEUSDT,Buy,7.9,2.230,ZeroMinusTick,c9540bd2-8029-5d24-81b4-b27b5a1d145a,1.7617e+09,7.9,17.617
1658107681,ALICEUSDT,Buy,3.4,2.230,ZeroMinusTick,37d53ed9-027d-50bd-a725-02b26c4308ee,7.582e+08,3.4,7.582
1658107681,ALICEUSDT,Buy,3.7,2.230,ZeroMinusTick,e198fe0a-67eb-5122-8b9d-3861c25864ae,8.251e+08,3.7,8.251
1658107681,ALICEUSDT,Buy,55.3,2.230,ZeroMinusTick,1cebac26-07a3-53eb-bc4a-ae35ec85fde4,1.2331899999999998e+10,55.3,123.31899999999999
1658107688,ALICEUSDT,Sell,463.8,2.225,MinusTick,87486f8b-299e-50cd-bf87-4d4f6e6d1252,1.0319550000000002e+11,463.8,1031.9550000000002
1658107688,ALICEUSDT,Sell,161.7,2.225,ZeroMinusTick,7381b83d-f44f-502d-bd92-eb334692461a,3.597825e+10,161.7,359.78249999999997
1658107688,ALICEUSDT,Sell,340.4,2.225,ZeroMinusTick,c4fe68b9-bc2a-5add-9476-29c0aa416e6d,7.5739e+10,340.4,757.39
1658107688,ALICEUSDT,Sell,888.5,2.225,ZeroMinusTick,22c8a396-77c3-516e-8794-7175b5bc39fb,1.9769125e+11,888.5,1976.9125000000001
1658107722,ALICEUSDT,Buy,100,2.225,ZeroMinusTick,3449803f-a215-551e-bcaa-41a4ca6b4ff8,2.225e+10,100,222.5
1658107766,ALICEUSDT,Buy,10,2.225,ZeroMinusTick,18b29515-e133-5a7b-8a77-22b0871c8d51,2.225e+09,10,22.25
1658107804,ALICEUSDT,Buy,85.6,2.225,ZeroMinusTick,b99da00f-ae97-5ee2-99e8-885497803a7d,1.9046e+10,85.6,190.46
1658107866,ALICEUSDT,Sell,0.6,2.220,MinusTick,505e5198-b21e-5d3e-8dff-be8616ea6c32,1.332e+08,0.6,1.332
1658107943,ALICEUSDT,Sell,30.5,2.220,ZeroMinusTick,17b0f055-8f8d-5304-831e-8f6bb7830c85,6.771000000000001e+09,30.5,67.71000000000001
1658107943,ALICEUSDT,Sell,33.3,2.220,ZeroMinusTick,5174a639-0a61-5157-a607-733aed906964,7.3926e+09,33.3,73.926
1658107946,ALICEUSDT,Buy,1.8,2.220,ZeroMinusTick,fe499409-fd05-5af6-9e89-531cf9032c01,3.9960000000000006e+08,1.8,3.9960000000000004
1658107951,ALICEUSDT,Sell,168.2,2.220,ZeroMinusTick,075c70e3-b569-5593-867e-9cbe9427d00e,3.73404e+10,168.2,373.404
1658108034,ALICEUSDT,Buy,17.2,2.225,PlusTick,390f562e-729b-5a50-b619-05e2623c9266,3.8270000000000005e+09,17.2,38.27
1658108034,ALICEUSDT,Buy,13.8,2.225,ZeroMinusTick,73848fd3-ff1f-5b9d-960f-56c1be65d9ae,3.0705e+09,13.8,30.705000000000002
1658108106,ALICEUSDT,Buy,1.6,2.230,PlusTick,1e68c96f-41dd-54df-af84-7e611f7db5aa,3.568e+08,1.6,3.568
1658108176,ALICEUSDT,Sell,0.7,2.225,MinusTick,a09725ff-6360-5de4-afb4-daa469cfa809,1.5575e+08,0.7,1.5574999999999999
1658108236,ALICEUSDT,Buy,0.4,2.225,ZeroMinusTick,dc522053-473f-5c22-a46c-2a543985df37,8.900000000000001e+07,0.4,0.8900000000000001
1658108306,ALICEUSDT,Buy,0.7,2.225,ZeroMinusTick,58947114-efda-5011-805d-0ccb6771fd7c,1.5575e+08,0.7,1.5574999999999999
1658108426,ALICEUSDT,Sell,0.6,2.220,MinusTick,dbc44926-7743-5a91-a882-aff69649e706,1.332e+08,0.6,1.332
1658108466,ALICEUSDT,Buy,53.9,2.225,PlusTick,155fae58-370f-5a6a-ab03-45f63f69a822,1.199275e+10,53.9,119.9275
1658108496,ALICEUSDT,Sell,0.2,2.220,MinusTick,e589718d-c36f-55f0-b10b-d9906bdf413f,4.440000000000001e+07,0.2,0.44400000000000006
1658108536,ALICEUSDT,Buy,50,2.230,PlusTick,707075bd-ce74-5c24-851a-b672eced1cdc,1.115e+10,50,111.5
1658108556,ALICEUSDT,Sell,0.1,2.225,MinusTick,0b29f3a6-6a13-5797-a213-cf6ac4234bce,2.2250000000000004e+07,0.1,0.22250000000000003
1658108708,ALICEUSDT,Buy,221.1,2.235,PlusTick,e00df4dd-2e65-580a-90af-03cb87b8f688,4.941584999999999e+10,221.1,494.15849999999995
1658108708,ALICEUSDT,Buy,2.2,2.235,ZeroMinusTick,a710739d-25bb-5e3d-962b-95679ab74f63,4.917e+08,2.2,4.917
1658108708,ALICEUSDT,Buy,0.1,2.235,ZeroMinusTick,1bc78344-19a1-52e4-8526-12283a4c6cef,2.235e+07,0.1,0.2235
1658108708,ALICEUSDT,Buy,0.4,2.235,ZeroMinusTick,d1fdfe1e-a21a-5fe5-9f92-05a3af94f40c,8.94e+07,0.4,0.894
1658108708,ALICEUSDT,Buy,20.9,2.235,ZeroMinusTick,949ef031-3c6f-59ea-ae85-d90b6a462217,4.671149999999999e+09,20.9,46.711499999999994
1658108708,ALICEUSDT,Buy,4.8,2.235,ZeroMinusTick,699cbd4d-26fc-58bb-bdb6-6f8c33d43317,1.0728e+09,4.8,10.728
1658108708,ALICEUSDT,Buy,7.9,2.235,ZeroMinusTick,f58f4b49-a78d-5ad4-9363-d8d5b56049c2,1.7656500000000002e+09,7.9,17.6565
1658108708,ALICEUSDT,Buy,109.1,2.235,ZeroMinusTick,20d17288-8f84-5fe6-84f4-e7811d27b5d0,2.438385e+10,109.1,243.83849999999998
1658108708,ALICEUSDT,Buy,2.6,2.235,ZeroMinusTick,20f0474d-920c-5286-9f6f-fad3b0fd4438,5.811e+08,2.6,5.811
1658108708,ALICEUSDT,Buy,12.9,2.235,ZeroMinusTick,daff3c9b-07e3-544b-bcb5-8625d4bce934,2.88315e+09,12.9,28.8315
1658108708,ALICEUSDT,Buy,2.3,2.235,ZeroMinusTick,b266b11e-ec5d-5a1a-b803-e1a367b0aeb9,5.1404999999999994e+08,2.3,5.140499999999999
1658108708,ALICEUSDT,Buy,0.9,2.235,ZeroMinusTick,6445bd48-9dd8-5b16-b39a-a29552dd9022,2.0114999999999997e+08,0.9,2.0115
1658108708,ALICEUSDT,Buy,16.1,2.235,ZeroMinusTick,79cb6bbb-25d8-545c-a976-5c26bcc154f5,3.59835e+09,16.1,35.9835
1658108708,ALICEUSDT,Buy,0.5,2.235,ZeroMinusTick,02ab5fcf-43c9-5cf9-ad5c-8938ce823d6d,1.1175e+08,0.5,1.1175
1658108708,ALICEUSDT,Buy,168.3,2.235,ZeroMinusTick,9326f3d0-9720-59f4-9e0e-ead8812d926b,3.761505e+10,168.3,376.1505
1658108708,ALICEUSDT,Buy,9.4,2.235,ZeroMinusTick,dd806863-81d8-50ce-a6f5-d6c685e23ee9,2.1009e+09,9.4,21.009
1658108708,ALICEUSDT,Buy,168.2,2.235,ZeroMinusTick,5c75610e-7331-508f-9b8e-ad0cb5727e83,3.75927e+10,168.2,375.92699999999996
1658108756,ALICEUSDT,Sell,0.1,2.235,ZeroMinusTick,067f661a-a5d8-5b29-9ffe-6dfc587d0d66,2.235e+07,0.1,0.2235
1658108794,ALICEUSDT,Sell,16,2.230,MinusTick,5c2bbf77-df8c-5be1-a59d-462a9a855062,3.568e+09,16,35.68
1658108794,ALICEUSDT,Sell,2.3,2.230,ZeroMinusTick,c9085aac-f46f-52c1-b00c-79b6af6f20a1,5.1289999999999994e+08,2.3,5.129
1658108794,ALICEUSDT,Sell,7,2.230,ZeroMinusTick,2a363006-758d-5e31-9eb9-1f8f8a852398,1.561e+09,7,15.61
1658108826,ALICEUSDT,Buy,1.6,2.235,PlusTick,9f0a103d-455f-5d58-8f49-2ff9f1dc16cf,3.576e+08,1.6,3.576
1658108877,ALICEUSDT,Buy,51.2,2.235,ZeroMinusTick,d9e33ce3-9f35-599c-a5ce-b59ca8c850c4,1.14432e+10,51.2,114.432
1658108921,ALICEUSDT,Sell,51.2,2.230,MinusTick,3face58b-3af9-5976-b6c2-662b06fa7ed7,1.14176e+10,51.2,114.176
1658109036,ALICEUSDT,Sell,1.9,2.235,PlusTick,2fd371b2-0ca1-50f2-95a5-ad85654ad290,4.2464999999999994e+08,1.9,4.246499999999999
1658109111,ALICEUSDT,Buy,683.8,2.235,ZeroMinusTick,4b6a1606-5cc8-5c72-ad87-67d03ffa8510,1.528293e+11,683.8,1528.293
1658109111,ALICEUSDT,Buy,398.6,2.235,ZeroMinusTick,a33e7296-7b05-5fc6-ab87-961850abe78f,8.90871e+10,398.6,890.871
1658109111,ALICEUSDT,Buy,1794.9,2.235,ZeroMinusTick,27eb6227-4538-5362-b3e8-6d0d3961fabf,4.0116015e+11,1794.9,4011.6014999999998
1658109111,ALICEUSDT,Buy,468.5,2.235,ZeroMinusTick,13a9cc16-4b1d-506e-954e-0ec470d83274,1.0470974999999998e+11,468.5,1047.0974999999999
1658109111,ALICEUSDT,Buy,8.4,2.240,PlusTick,eef31b3f-4472-5777-b58a-329b3ff17e6b,1.8816000000000002e+09,8.4,18.816000000000003
1658109111,ALICEUSDT,Buy,275.1,2.240,ZeroMinusTick,48a42081-35b3-5541-9963-62615e99f60a,6.1622400000000015e+10,275.1,616.2240000000002
1658109111,ALICEUSDT,Buy,21.2,2.240,ZeroMinusTick,6fe6ca08-18bd-5a05-820a-fc072d826146,4.7488e+09,21.2,47.488
1658109173,ALICEUSDT,Sell,53.9,2.230,MinusTick,639c7c8b-4160-59d8-9c55-dce02e5a34d4,1.20197e+10,53.9,120.197
1658109246,ALICEUSDT,Sell,0.6,2.230,ZeroMinusTick,e81baa52-ba17-5dc9-84b1-2e94f49a9d72,1.3379999999999999e+08,0.6,1.3379999999999999
1658109352,ALICEUSDT,Sell,4.1,2.230,ZeroMinusTick,a38738e0-5a77-5f7b-ad9a-dd1630581871,9.142999999999999e+08,4.1,9.142999999999999
1658109352,ALICEUSDT,Sell,6.2,2.230,ZeroMinusTick,ba338a34-0de2-5e6b-a86f-6da311150b02,1.3826e+09,6.2,13.826
1658109373,ALICEUSDT,Buy,749.7,2.235,PlusTick,729349c6-3b51-517d-90e0-6e30c9a2b991,1.6755795e+11,749.7,1675.5795
1658109373,ALICEUSDT,Buy,170,2.235,ZeroMinusTick,de9993ff-085d-5810-a061-1edf6e93c54d,3.7995e+10,170,379.95
1658109377,ALICEUSDT,Sell,45.7,2.235,ZeroMinusTick,7479e8fe-8bba-5b2e-b0da-0c0521113afd,1.021395e+10,45.7,102.1395
1658109406,ALICEUSDT,Sell,2,2.230,MinusTick,278f4990-d1fd-5d2d-8902-ce0a63fcdc1a,4.46e+08,2,4.46
1658109466,ALICEUSDT,Sell,1.4,2.230,ZeroMinusTick,56aa6af6-5a51-58cc-abef-401737dd9954,3.122e+08,1.4,3.122
1658109606,ALICEUSDT,Sell,0.8,2.230,ZeroMinusTick,7dfd5adb-abef-5f87-a826-2a26bb43fbae,1.784e+08,0.8,1.784
1658109696,ALICEUSDT,Sell,0.1,2.235,PlusTick,2f3a7e29-fdfa-564a-84f8-ef979901e332,2.235e+07,0.1,0.2235
1658109873,ALICEUSDT,Sell,50,2.240,PlusTick,07a55ae2-83a1-5a1c-86ac-b413189d9931,1.1200000000000002e+10,50,112.00000000000001
1658109873,ALICEUSDT,Sell,45.7,2.240,ZeroMinusTick,09eb4e72-a2e7-5581-b340-72d744057cb7,1.02368e+10,45.7,102.36800000000001
1658109873,ALICEUSDT,Sell,89.6,2.240,ZeroMinusTick,e040432b-598b-5f7c-b325-6355f9bad16c,2.00704e+10,89.6,200.704
1658109906,ALICEUSDT,Sell,1.1,2.235,MinusTick,3fb02435-1bed-54b1-a521-194fdde03e52,2.4585e+08,1.1,2.4585
1658109915,ALICEUSDT,Buy,22.4,2.240,PlusTick,fdd9a55b-1e6f-560e-8a7c-1f096fb37dfe,5.0176e+09,22.4,50.176
1658110053,ALICEUSDT,Buy,170,2.240,ZeroMinusTick,d3ea418e-8948-545b-9e9a-6dbb731d5d6e,3.808e+10,170,380.8
1658110059,ALICEUSDT,Buy,174.6,2.240,ZeroMinusTick,1a126487-cc6e-5861-bff6-73795344ae19,3.911040000000001e+10,174.6,391.10400000000004
1658110076,ALICEUSDT,Buy,1.6,2.240,ZeroMinusTick,8371df11-35e3-56d7-9010-ffbbe9ca68e0,3.5840000000000006e+08,1.6,3.5840000000000005
1658110158,ALICEUSDT,Buy,0.2,2.245,PlusTick,0a06c11c-22c3-5554-b1aa-5d74bec62e6c,4.490000000000001e+07,0.2,0.44900000000000007
1658110158,ALICEUSDT,Buy,20.9,2.245,ZeroMinusTick,8541829f-3bc9-59de-94ad-45aef326b1c9,4.69205e+09,20.9,46.9205
1658110158,ALICEUSDT,Buy,4.3,2.245,ZeroMinusTick,e91c3b39-d166-50d9-82aa-50189e8565ba,9.653499999999999e+08,4.3,9.6535
1658110158,ALICEUSDT,Buy,5.7,2.245,ZeroMinusTick,cae6c286-38df-54ab-8978-b63d276c9321,1.2796500000000002e+09,5.7,12.796500000000002
1658110158,ALICEUSDT,Buy,43.6,2.245,ZeroMinusTick,f75c194e-4b5c-54d7-8cf2-c866467bd226,9.7882e+09,43.6,97.882
1658110158,ALICEUSDT,Buy,2.3,2.245,ZeroMinusTick,8881a181-7b80-586b-b09f-4857d7260325,5.1635e+08,2.3,5.1635
1658110158,ALICEUSDT,Buy,0.6,2.245,ZeroMinusTick,c9f0b216-9aa9-5ec6-a7b1-cd452563cbfc,1.347e+08,0.6,1.347
1658110158,ALICEUSDT,Buy,32.5,2.245,ZeroMinusTick,ee671a42-3098-5569-9236-e69ba3dfd7a0,7.296250000000001e+09,32.5,72.9625
1658110158,ALICEUSDT,Buy,0.5,2.245,ZeroMinusTick,8c7bfb76-d0a2-536a-91a0-13f70c3aaf0d,1.1225e+08,0.5,1.1225
1658110158,ALICEUSDT,Buy,1.2,2.245,ZeroMinusTick,cf669e8a-7b41-58ea-aeb8-fedd25666bc7,2.694e+08,1.2,2.694
1658110158,ALICEUSDT,Buy,9.1,2.245,ZeroMinusTick,a793bcd7-52db-5cb6-8d63-673b70f9a14f,2.04295e+09,9.1,20.4295
1658110158,ALICEUSDT,Buy,4.1,2.245,ZeroMinusTick,d7cbf67f-630f-5e16-95c5-32641ccbb1be,9.2045e+08,4.1,9.2045
1658110158,ALICEUSDT,Buy,50,2.245,ZeroMinusTick,ef3d2914-82ee-5339-8251-5adeaa34e02f,1.1225e+10,50,112.25
1658110160,ALICEUSDT,Sell,123.5,2.245,ZeroMinusTick,5eeae187-fb0c-51f6-8d89-164d4cac65cd,2.772575e+10,123.5,277.2575
1658110166,ALICEUSDT,Sell,0.9,2.240,MinusTick,0fbc9230-af4d-5ac2-a8cd-33043f70faba,2.0160000000000006e+08,0.9,2.0160000000000005
1658110166,ALICEUSDT,Sell,6.7,2.240,ZeroMinusTick,b2f17473-fea0-5f5f-ab59-20b76c64c819,1.5008000000000002e+09,6.7,15.008000000000003
1658110166,ALICEUSDT,Sell,1.9,2.240,ZeroMinusTick,35675334-2590-5b27-8abc-76116eb13c34,4.256e+08,1.9,4.256
1658110198,ALICEUSDT,Buy,5.5,2.250,PlusTick,3b4e45c8-9bb9-57c2-8405-be3c28eb6604,1.2375e+09,5.5,12.375
1658110313,ALICEUSDT,Sell,170,2.240,MinusTick,3a634a53-4603-5a3c-b748-2ff9064a9d28,3.808e+10,170,380.8
1658110313,ALICEUSDT,Sell,514.1,2.240,ZeroMinusTick,4ff577a1-ebea-5959-8f77-9d178ba53c44,1.151584e+11,514.1,1151.584
1658110316,ALICEUSDT,Sell,1.8,2.240,ZeroMinusTick,79dcddc5-e45b-5f97-8ec6-eab999ad44ed,4.032000000000001e+08,1.8,4.032000000000001
1658110346,ALICEUSDT,Sell,10,2.245,PlusTick,f1215c81-0837-5bf4-87c4-3a3cdfcd6367,2.2450000000000005e+09,10,22.450000000000003
1658110347,ALICEUSDT,Buy,163.1,2.245,ZeroMinusTick,b2788daf-13ac-58c4-804f-ee3ee86359ef,3.661595e+10,163.1,366.1595
1658110406,ALICEUSDT,Buy,0.5,2.250,PlusTick,2b7b43f6-9f55-5ead-ac30-50dea344366f,1.125e+08,0.5,1.125
1658110546,ALICEUSDT,Sell,0.1,2.245,MinusTick,702ac8c7-82c8-5610-b9e1-136b27d0b832,2.2450000000000004e+07,0.1,0.22450000000000003
1658110656,ALICEUSDT,Buy,0.1,2.250,PlusTick,8ae8340d-aa2c-5816-9933-ed8869bb88ce,2.25e+07,0.1,0.225
1658110695,ALICEUSDT,Buy,45.7,2.250,ZeroMinusTick,6616921b-9838-5c92-b00f-a7671181282e,1.02825e+10,45.7,102.825
1658110695,ALICEUSDT,Buy,45.7,2.250,ZeroMinusTick,ed3989c8-94cd-5589-a71d-6ba0f9cb8496,1.02825e+10,45.7,102.825
1658110695,ALICEUSDT,Buy,45.7,2.250,ZeroMinusTick,11b4e49c-71ac-52f6-8097-e95d92b6a825,1.02825e+10,45.7,102.825
1658110695,ALICEUSDT,Buy,45.7,2.250,ZeroMinusTick,b3a3dc32-36b8-562f-98b3-a3cf8ff85414,1.02825e+10,45.7,102.825
1658110695,ALICEUSDT,Buy,45.7,2.250,ZeroMinusTick,a6478cd3-7e11-5667-a9fe-a2b45c57e322,1.02825e+10,45.7,102.825
1658110695,ALICEUSDT,Buy,45.7,2.250,ZeroMinusTick,940672cd-6fe6-5118-b51b-0c46e67d559a,1.02825e+10,45.7,102.825
1658110695,ALICEUSDT,Buy,45.7,2.250,ZeroMinusTick,d012f990-d791-5737-8e0b-3ac377ad4a47,1.02825e+10,45.7,102.825
1658110695,ALICEUSDT,Buy,42.7,2.250,ZeroMinusTick,be5e5e23-1429-5bf3-9e91-722f22c656ae,9.6075e+09,42.7,96.075
1658110695,ALICEUSDT,Buy,3,2.250,ZeroMinusTick,1444444a-38e7-5df0-8ec0-05d542921823,6.75e+08,3,6.75
1658110695,ALICEUSDT,Buy,27,2.250,ZeroMinusTick,8a93b3ac-414a-5872-892b-48fcbf0ce312,6.075e+09,27,60.75
1658110695,ALICEUSDT,Buy,2.8,2.250,ZeroMinusTick,7676e1a9-4df8-56bb-97cb-f34cdd25abac,6.3e+08,2.8,6.3
1658110695,ALICEUSDT,Buy,15.9,2.250,ZeroMinusTick,37448ed5-fb9a-50ab-a312-aac559579452,3.5775e+09,15.9,35.775
1658110695,ALICEUSDT,Buy,6.6,2.250,ZeroMinusTick,3585d08a-5657-5d75-82a8-6413b00471ae,1.485e+09,6.6,14.85
1658110736,ALICEUSDT,Buy,0.4,2.255,PlusTick,e0f1c792-6736-5c5a-8690-6bc81b7fc2b6,9.02e+07,0.4,0.902
1658110736,ALICEUSDT,Sell,839.7,2.250,MinusTick,cde447d9-ed44-5c22-8a1d-c59672b86f7e,1.889325e+11,839.7,1889.325
1658110736,ALICEUSDT,Sell,1000.7,2.250,ZeroMinusTick,b872cb72-aa46-531d-b3d8-cadee2b59d2d,2.2515750000000003e+11,1000.7,2251.5750000000003
1658110736,ALICEUSDT,Sell,1250,2.250,ZeroMinusTick,8f72ba34-a676-56dd-a2e5-6b24119beb88,2.8125e+11,1250,2812.5
1658110736,ALICEUSDT,Sell,355.1,2.250,ZeroMinusTick,1f3f6ffd-da4f-51ae-83a0-cfb109ff3ba6,7.98975e+10,355.1,798.975
1658110736,ALICEUSDT,Sell,885.9,2.250,ZeroMinusTick,ae5a99e0-036a-521e-b1a7-bfa305455045,1.993275e+11,885.9,1993.2749999999999
1658110736,ALICEUSDT,Sell,59.3,2.245,MinusTick,2179a7f0-cb53-5b86-bd69-ef48b3b670cf,1.331285e+10,59.3,133.1285
1658110736,ALICEUSDT,Sell,33.3,2.245,ZeroMinusTick,37ad3b1c-715e-530c-8418-e41281696492,7.47585e+09,33.3,74.7585
1658110772,ALICEUSDT,Buy,66.5,2.250,PlusTick,81b8debd-8b9b-503c-a15e-e9912cf4ae48,1.49625e+10,66.5,149.625
1658110772,ALICEUSDT,Buy,31.9,2.250,ZeroMinusTick,ce4b8055-fcf6-5060-8b3c-d371f0e967a7,7.177499999999999e+09,31.9,71.77499999999999
1658110772,ALICEUSDT,Buy,316,2.250,ZeroMinusTick,15ad4230-9d5e-55e7-8825-9c9865577eea,7.11e+10,316,711
1658110866,ALICEUSDT,Sell,0.1,2.250,ZeroMinusTick,923503aa-7a2f-5cc5-b64e-db7aaae1a1c8,2.25e+07,0.1,0.225
1658110960,ALICEUSDT,Buy,176.7,2.250,ZeroMinusTick,9694a41b-543e-513c-b6e0-e53ac8832de0,3.97575e+10,176.7,397.575
1658110960,ALICEUSDT,Buy,164.9,2.250,ZeroMinusTick,83e9c194-e30c-5c7a-a28c-a621cc3ce56b,3.71025e+10,164.9,371.02500000000003
1658110966,ALICEUSDT,Sell,1,2.245,MinusTick,33f56304-fa74-54f1-a0b3-565e3a34e719,2.245e+08,1,2.245
1658111036,ALICEUSDT,Buy,1.2,2.250,PlusTick,9c22c277-884c-57cf-bdad-9c78f4cc635c,2.7e+08,1.2,2.6999999999999997
1658111156,ALICEUSDT,Buy,1.9,2.250,ZeroMinusTick,0ccaa37e-e3b7-503a-bc13-40eb23c16672,4.2749999999999994e+08,1.9,4.2749999999999995
1658111234,ALICEUSDT,Sell,543.6,2.245,MinusTick,ee1c232c-7514-50e7-8c1f-177f4ff6af0a,1.220382e+11,543.6,1220.382
1658111234,ALICEUSDT,Sell,898,2.245,ZeroMinusTick,079dd16d-e11a-5710-9189-0285e4182e7b,2.01601e+11,898,2016.01
1658111296,ALICEUSDT,Sell,1.4,2.240,MinusTick,976cd426-496e-5d6d-9e5b-2b0ffc5f5d02,3.136e+08,1.4,3.136
1658111365,ALICEUSDT,Buy,162.7,2.245,PlusTick,4a267da0-3de5-53ec-8d9c-24d975afeb1c,3.652615e+10,162.7,365.2615
1658111436,ALICEUSDT,Sell,1.3,2.240,MinusTick,34f0473c-7b3c-5466-845b-f13df6d6d467,2.9120000000000006e+08,1.3,2.9120000000000004
1658111439,ALICEUSDT,Buy,22.5,2.245,PlusTick,fed9f2f1-9eb6-5ce7-ac36-e13e6bcf05f1,5.05125e+09,22.5,50.5125
1658111523,ALICEUSDT,Buy,170,2.250,PlusTick,4a7ce70e-e06c-5ede-b8bb-c261a7856339,3.825e+10,170,382.5
1658111523,ALICEUSDT,Buy,190,2.250,ZeroMinusTick,163a7df3-4c5b-59d4-ae56-aa58820337df,4.275e+10,190,427.5
1658111556,ALICEUSDT,Sell,1.7,2.245,MinusTick,5604baf9-8948-5cae-bcc7-6eb6f64c646e,3.8165e+08,1.7,3.8165
1658111607,ALICEUSDT,Buy,176.9,2.245,ZeroMinusTick,b2b774c5-1946-5150-b1d4-7d5a954917db,3.971405e+10,176.9,397.14050000000003
1658111607,ALICEUSDT,Buy,165.1,2.245,ZeroMinusTick,98772b6d-eb6b-5f82-aee4-f2dadbe1abb1,3.706495e+10,165.1,370.6495
1658111716,ALICEUSDT,Sell,2.8,2.240,MinusTick,0e8b85c9-e174-57ad-b317-e3d2b06d2365,6.272e+08,2.8,6.272
1658111716,ALICEUSDT,Sell,111.4,2.240,ZeroMinusTick,5cea421c-ed93-56b4-ac32-fe13e569617f,2.4953600000000004e+10,111.4,249.53600000000003
1658111726,ALICEUSDT,Sell,0.1,2.235,MinusTick,9bc7fb05-dd81-59d0-ae3d-2c61eab17165,2.235e+07,0.1,0.2235
1658111726,ALICEUSDT,Sell,65.4,2.235,ZeroMinusTick,7863dfb9-74e0-5eb5-b010-75fe6e4dfcec,1.4616900000000002e+10,65.4,146.169
1658111729,ALICEUSDT,Sell,24.1,2.235,ZeroMinusTick,3381b64a-c57d-5f97-9950-27f3b195a07f,5.38635e+09,24.1,53.8635
1658111729,ALICEUSDT,Sell,44.7,2.235,ZeroMinusTick,2908cba4-515d-5a4e-9646-072184e0f653,9.99045e+09,44.7,99.9045
1658111729,ALICEUSDT,Sell,67.2,2.235,ZeroMinusTick,9d1fbd16-8830-5bb1-9510-4fe3f53cf6a6,1.50192e+10,67.2,150.192
1658111738,ALICEUSDT,Buy,26.4,2.240,PlusTick,ff90146b-80dc-53f4-b881-5ce3ee996f10,5.9136e+09,26.4,59.136
1658111906,ALICEUSDT,Sell,0.3,2.235,MinusTick,95dfd44e-8eca-50c0-8575-1604fd0cd2ad,6.705e+07,0.3,0.6705
1658111981,ALICEUSDT,Sell,13.8,2.235,ZeroMinusTick,fbda298f-dba8-57b4-ae3c-b805c5e078ff,3.0843e+09,13.8,30.843
1658111986,ALICEUSDT,Buy,1.5,2.245,PlusTick,4f961d34-a8f4-5515-8ee3-31056135d92c,3.3675e+08,1.5,3.3675
1658112166,ALICEUSDT,Buy,0.3,2.245,ZeroMinusTick,20d01d83-23d0-5744-9546-d5e6ed050028,6.735e+07,0.3,0.6735
1658112202,ALICEUSDT,Buy,476.4,2.255,PlusTick,2e7ce122-2f71-5816-9ba9-25ebe3cc469b,1.074282e+11,476.4,1074.282
1658112202,ALICEUSDT,Buy,4.1,2.255,ZeroMinusTick,2c34360c-aa44-5f61-a5e5-fe895f9f42b0,9.245499999999998e+08,4.1,9.245499999999998
1658112204,ALICEUSDT,Buy,4.8,2.260,PlusTick,546a248b-23c1-5e22-86b6-720d922d7baa,1.0848e+09,4.8,10.847999999999999
1658112204,ALICEUSDT,Buy,2.5,2.260,ZeroMinusTick,d29e8bf2-e6bb-5e6b-80bd-894f8f41dbb3,5.65e+08,2.5,5.6499999999999995
1658112204,ALICEUSDT,Buy,3,2.260,ZeroMinusTick,fbe3772b-fb82-5edf-90a3-01bddabd2641,6.779999999999999e+08,3,6.779999999999999
1658112219,ALICEUSDT,Buy,980,2.255,MinusTick,51d7790b-eb97-5506-ab0a-118180006f82,2.2099e+11,980,2209.9
1658112219,ALICEUSDT,Buy,850.7,2.255,ZeroMinusTick,e11dc912-9d0a-5896-865f-75ae6fc61427,1.9183285e+11,850.7,1918.3285
1658112219,ALICEUSDT,Buy,752.8,2.255,ZeroMinusTick,99325f65-9bc5-5683-9272-61a73794f094,1.697564e+11,752.8,1697.5639999999999
1658112237,ALICEUSDT,Buy,123.2,2.260,PlusTick,3ea75d71-5db6-579a-af3f-4b1de007274e,2.7843199999999996e+10,123.2,278.43199999999996
1658112237,ALICEUSDT,Buy,46.8,2.260,ZeroMinusTick,1074063b-c663-5752-946b-ba6bdc92051e,1.0576799999999998e+10,46.8,105.76799999999999
1658112237,ALICEUSDT,Buy,13.8,2.260,ZeroMinusTick,5f023f79-4e62-5980-81d8-a2b65756576b,3.1188e+09,13.8,31.188
1658112237,ALICEUSDT,Buy,2.3,2.260,ZeroMinusTick,5892595d-6f42-5c85-aaa2-0bb28a69cfe1,5.1979999999999994e+08,2.3,5.1979999999999995
1658112237,ALICEUSDT,Buy,1.4,2.260,ZeroMinusTick,f092d67d-d607-5f36-8b86-79055d56215b,3.1639999999999994e+08,1.4,3.1639999999999997
1658112237,ALICEUSDT,Buy,0.9,2.260,ZeroMinusTick,b7225049-70ce-5fe7-9636-d7bb75d97e6a,2.0339999999999997e+08,0.9,2.034
1658112237,ALICEUSDT,Buy,1.6,2.260,ZeroMinusTick,923c4246-d586-5afa-9b6d-bebd7efa0f82,3.6159999999999994e+08,1.6,3.6159999999999997
1658112237,ALICEUSDT,Buy,0.8,2.260,ZeroMinusTick,21bcc186-3106-5b6f-8cd9-65e78deab871,1.8079999999999997e+08,0.8,1.8079999999999998
1658112237,ALICEUSDT,Buy,2.1,2.260,ZeroMinusTick,24a8c678-1730-5cc5-ba03-dbae5f167cdd,4.7459999999999994e+08,2.1,4.7459999999999996
1658112237,ALICEUSDT,Buy,0.4,2.260,ZeroMinusTick,f71696e1-fada-510d-8a4e-589e16b3745f,9.039999999999999e+07,0.4,0.9039999999999999
1658112237,ALICEUSDT,Buy,2.6,2.260,ZeroMinusTick,aacb2cb1-39a9-5177-bc23-469a6ca71ede,5.876e+08,2.6,5.8759999999999994
1658112237,ALICEUSDT,Buy,9.5,2.260,ZeroMinusTick,dfa8b062-2286-5a74-8bbb-1c21813866c8,2.147e+09,9.5,21.47
1658112237,ALICEUSDT,Buy,23.1,2.260,ZeroMinusTick,c89f4ea1-c090-5b35-9bf1-33a6cb5334cd,5.2206e+09,23.1,52.205999999999996
1658112237,ALICEUSDT,Buy,2.5,2.260,ZeroMinusTick,0cfed1ae-cb49-518d-9a2d-bff3b0622cde,5.65e+08,2.5,5.6499999999999995
1658112237,ALICEUSDT,Buy,2.4,2.260,ZeroMinusTick,e786301e-6f6e-5a1f-b8cd-384bc151e36f,5.424e+08,2.4,5.4239999999999995
1658112240,ALICEUSDT,Sell,110.5,2.260,ZeroMinusTick,b4642d3d-c513-5a5a-b127-5e9248245709,2.4973e+10,110.5,249.73
1658112250,ALICEUSDT,Buy,315.6,2.260,ZeroMinusTick,572101b3-c712-522b-a90a-e1ce87306c54,7.13256e+10,315.6,713.256
1658112264,ALICEUSDT,Sell,110.5,2.260,ZeroMinusTick,83a2790c-4a66-539d-90fe-9d4467903b46,2.4973e+10,110.5,249.73
1658112264,ALICEUSDT,Sell,89.6,2.260,ZeroMinusTick,cb0ac555-44d6-5871-b068-9997ab189233,2.0249599999999996e+10,89.6,202.49599999999998
1658112277,ALICEUSDT,Buy,427.1,2.260,ZeroMinusTick,04511aa8-cea0-5d60-8e4e-7b99898ca901,9.65246e+10,427.1,965.246
1658112285,ALICEUSDT,Sell,110.5,2.260,ZeroMinusTick,6970b5b2-82a1-557d-85da-e77fb9af63bf,2.4973e+10,110.5,249.73
1658112287,ALICEUSDT,Buy,496.7,2.260,ZeroMinusTick,87e939a9-316c-5e4c-a7ce-f155d3c843cf,1.1225419999999998e+11,496.7,1122.542
1658112287,ALICEUSDT,Buy,449.5,2.260,ZeroMinusTick,ce89a6d9-f123-5a9f-bad4-356319b03311,1.0158699999999998e+11,449.5,1015.8699999999999
1658112304,ALICEUSDT,Buy,1,2.265,PlusTick,b25ebc96-9f93-5479-a0b2-9c4947a15214,2.265e+08,1,2.265
1658112304,ALICEUSDT,Buy,0.2,2.265,ZeroMinusTick,4f520a63-4f3f-5dd3-a540-523b0448eae2,4.530000000000001e+07,0.2,0.45300000000000007
1658112304,ALICEUSDT,Buy,2.2,2.265,ZeroMinusTick,0a9cdbd0-975c-5cb6-85d9-1acd2a259575,4.9830000000000006e+08,2.2,4.9830000000000005
1658112304,ALICEUSDT,Buy,18.7,2.265,ZeroMinusTick,86dd1096-5d6b-5573-b0bb-3672d05c95f4,4.23555e+09,18.7,42.3555
1658112304,ALICEUSDT,Buy,4.3,2.265,ZeroMinusTick,e600e700-026a-5b30-a860-0b719e5748ab,9.7395e+08,4.3,9.7395
1658112304,ALICEUSDT,Buy,5.7,2.265,ZeroMinusTick,4780aa05-c688-551c-91dc-65d80514d4e4,1.29105e+09,5.7,12.9105
1658112304,ALICEUSDT,Buy,12.9,2.265,ZeroMinusTick,86546a0d-3674-5dbb-8596-9c6a282578e2,2.92185e+09,12.9,29.218500000000002
1658112304,ALICEUSDT,Buy,0.3,2.265,ZeroMinusTick,6b74b178-d3c1-5968-a900-8d940342731b,6.795e+07,0.3,0.6795
1658112304,ALICEUSDT,Buy,0.6,2.265,ZeroMinusTick,b106e6c3-8270-5259-99b2-09fbbae9a348,1.359e+08,0.6,1.359
1658112304,ALICEUSDT,Buy,0.5,2.265,ZeroMinusTick,2d95bb8c-7063-51e7-beb7-ec18b059b1ba,1.1325e+08,0.5,1.1325
1658112304,ALICEUSDT,Buy,4.5,2.265,ZeroMinusTick,59101fa0-6caf-5d48-979d-f6da326435fd,1.0192500000000001e+09,4.5,10.1925
1658112338,ALICEUSDT,Sell,89.6,2.260,MinusTick,532d6739-13b3-5f32-95ba-814d1c436935,2.0249599999999996e+10,89.6,202.49599999999998
1658112338,ALICEUSDT,Sell,44.7,2.260,ZeroMinusTick,e8f24a90-a695-5aaf-87d6-b0270f1d6df4,1.01022e+10,44.7,101.02199999999999
1658112338,ALICEUSDT,Sell,760.1,2.260,ZeroMinusTick,9ba1cfba-7229-5c83-bac9-97b039a38ecc,1.7178259999999997e+11,760.1,1717.8259999999998
1658112347,ALICEUSDT,Buy,0.2,2.260,ZeroMinusTick,d5fa53ed-19e0-5695-9c09-f308769cbd15,4.519999999999999e+07,0.2,0.45199999999999996
1658112347,ALICEUSDT,Buy,1.2,2.260,ZeroMinusTick,0fdf081d-0ac9-5dec-9e48-33290e028421,2.712e+08,1.2,2.7119999999999997
1658112347,ALICEUSDT,Buy,0.1,2.260,ZeroMinusTick,c877cd33-b0cc-5ae9-a6df-6c9ba0629852,2.2599999999999996e+07,0.1,0.22599999999999998
1658112347,ALICEUSDT,Buy,3.9,2.260,ZeroMinusTick,34149808-f90e-5dfc-8e12-9714a47e48db,8.813999999999999e+08,3.9,8.813999999999998
1658112347,ALICEUSDT,Buy,5.9,2.260,ZeroMinusTick,18b7bf71-5fbf-5cf6-9f4c-759a959eb80d,1.3334e+09,5.9,13.334
1658112347,ALICEUSDT,Buy,6.3,2.260,ZeroMinusTick,75d97c5e-d24e-5874-992d-347d7d90732c,1.4237999999999998e+09,6.3,14.237999999999998
1658112347,ALICEUSDT,Buy,0.1,2.260,ZeroMinusTick,524d82e9-6a9a-5875-b016-789fbf584542,2.2599999999999996e+07,0.1,0.22599999999999998
1658112347,ALICEUSDT,Buy,297.4,2.260,ZeroMinusTick,cb3b127b-1c01-5f7e-996b-e2c1660672f6,6.721239999999999e+10,297.4,672.1239999999999
1658112366,ALICEUSDT,Sell,0.7,2.260,ZeroMinusTick,095b5804-ebfe-5750-80e8-72437bba7451,1.5819999999999997e+08,0.7,1.5819999999999999
1658112426,ALICEUSDT,Buy,0.4,2.270,PlusTick,81357bc8-7ea0-5169-aaa6-0f725c65644d,9.08e+07,0.4,0.908
1658112426,ALICEUSDT,Sell,238.4,2.265,MinusTick,f311a3bf-d95d-528f-822e-ef283cf4c7d0,5.39976e+10,238.4,539.976
1658112426,ALICEUSDT,Sell,40.8,2.265,ZeroMinusTick,d4fae3bb-cf05-530b-aba4-3234ea24403c,9.2412e+09,40.8,92.41199999999999
1658112426,ALICEUSDT,Buy,1.7,2.270,PlusTick,acf152d5-82d2-5845-9055-fc121b82214d,3.859e+08,1.7,3.859
1658112426,ALICEUSDT,Buy,29.4,2.270,ZeroMinusTick,523bef2a-dd0b-5384-8ada-9b245c97bdab,6.6738e+09,29.4,66.738
1658112434,ALICEUSDT,Sell,238.4,2.265,MinusTick,d7e65333-4aac-5833-84bd-edadef8ab591,5.39976e+10,238.4,539.976
1658112434,ALICEUSDT,Sell,6.7,2.260,MinusTick,7f7e80f1-dd1b-5542-860f-2142e6c3ba43,1.5142e+09,6.7,15.142
1658112434,ALICEUSDT,Sell,1.9,2.260,ZeroMinusTick,fc2684fa-b144-50ca-8cf7-33ab2d4c35eb,4.2939999999999994e+08,1.9,4.294
1658112434,ALICEUSDT,Sell,236.2,2.265,PlusTick,a20e5b29-22fc-569c-92d1-5265a30a0cec,5.349930000000001e+10,236.2,534.993
1658112578,ALICEUSDT,Sell,1.5,2.260,MinusTick,613118df-9252-5c02-89e3-bd00e6ca0e0b,3.3899999999999994e+08,1.5,3.3899999999999997
1658112596,ALICEUSDT,Sell,1.1,2.260,ZeroMinusTick,1ad616a9-1337-517f-b763-5e56248f4aa0,2.4859999999999997e+08,1.1,2.4859999999999998
1658112601,ALICEUSDT,Buy,44.1,2.265,PlusTick,bbe0e5d8-fe2a-58fc-aa62-0753dea55740,9.988650000000002e+09,44.1,99.88650000000001
1658112601,ALICEUSDT,Buy,26.4,2.265,ZeroMinusTick,258870d3-3dda-5aa0-8dd4-867babe75823,5.9796e+09,26.4,59.796
1658112601,ALICEUSDT,Buy,17.7,2.265,ZeroMinusTick,cfcc6bb5-e8e4-500b-bed7-7b56a18cffa0,4.00905e+09,17.7,40.0905
1658112601,ALICEUSDT,Buy,19.7,2.265,ZeroMinusTick,12ecdf24-eaa7-59cf-9bb7-ed84961104d1,4.46205e+09,19.7,44.6205
1658112601,ALICEUSDT,Buy,24.4,2.265,ZeroMinusTick,a81ca0d4-a417-59b5-8c01-2633a79e58d4,5.5266e+09,24.4,55.266
1658112601,ALICEUSDT,Buy,44.1,2.265,ZeroMinusTick,c506546d-f3f6-53aa-9e23-d3ddc1e1fec2,9.988650000000002e+09,44.1,99.88650000000001
1658112601,ALICEUSDT,Buy,9.8,2.265,ZeroMinusTick,dca24a90-f425-5495-96ce-bac8dba2c070,2.2197000000000005e+09,9.8,22.197000000000003
1658112601,ALICEUSDT,Buy,44.1,2.265,ZeroMinusTick,ca6e7e67-6b28-5c2c-818e-d92c499958fc,9.988650000000002e+09,44.1,99.88650000000001
1658112601,ALICEUSDT,Buy,44.1,2.265,ZeroMinusTick,d21c654b-4d39-5080-86c3-72b99463f57b,9.988650000000002e+09,44.1,99.88650000000001
1658112601,ALICEUSDT,Buy,44.1,2.265,ZeroMinusTick,871764b2-3d5f-5675-a25f-0e2520235008,9.988650000000002e+09,44.1,99.88650000000001
1658112601,ALICEUSDT,Buy,44.1,2.265,ZeroMinusTick,76b3229a-9a64-5c4d-89b9-861e1907969e,9.988650000000002e+09,44.1,99.88650000000001
1658112601,ALICEUSDT,Buy,44.1,2.265,ZeroMinusTick,ab9f28b6-26d3-5cd6-9f4e-666b9501f279,9.988650000000002e+09,44.1,99.88650000000001
1658112601,ALICEUSDT,Buy,17.9,2.265,ZeroMinusTick,4b22e451-61e8-56ba-a21c-c14a08069065,4.05435e+09,17.9,40.5435
1658112615,ALICEUSDT,Sell,19.6,2.265,ZeroMinusTick,23066c46-dfb9-58ad-9de7-5d5907ebf059,4.439400000000001e+09,19.6,44.394000000000005
1658112692,ALICEUSDT,Buy,213.9,2.265,ZeroMinusTick,1da134c4-76bd-57d9-ab83-798ba3cd88ba,4.844835000000001e+10,213.9,484.48350000000005
1658112692,ALICEUSDT,Buy,127.2,2.265,ZeroMinusTick,9a349952-d502-538f-aaff-0b0ef2b53fc7,2.88108e+10,127.2,288.108
1658112692,ALICEUSDT,Buy,1.8,2.265,ZeroMinusTick,7b01081b-14a8-5605-a203-37ebd1bb4ec1,4.077e+08,1.8,4.077
1658112697,ALICEUSDT,Buy,77.8,2.265,ZeroMinusTick,ccb486f5-f68e-53a0-b264-be4ad1695fa2,1.76217e+10,77.8,176.217
1658112697,ALICEUSDT,Buy,38.1,2.265,ZeroMinusTick,93e74744-66b0-5ecb-98b1-339ae3556778,8.62965e+09,38.1,86.29650000000001
1658112736,ALICEUSDT,Sell,0.9,2.265,ZeroMinusTick,5aa8b4f5-14a5-5fdc-92ca-a3ee5b5754d5,2.0385e+08,0.9,2.0385
1658112775,ALICEUSDT,Buy,26.4,2.270,PlusTick,62e87c49-d924-51c4-9cee-93097af6e0ee,5.9928e+09,26.4,59.928
1658112800,ALICEUSDT,Sell,237.5,2.265,MinusTick,c80f0125-8a8e-50d4-b07c-35b162caebeb,5.379375e+10,237.5,537.9375
1658112800,ALICEUSDT,Buy,139.9,2.265,ZeroMinusTick,f9662a85-6b6d-5868-94e3-c9f4a0fc080e,3.1687350000000004e+10,139.9,316.87350000000004
1658112800,ALICEUSDT,Buy,2.3,2.265,ZeroMinusTick,a5f3b913-7ea3-5c44-91ce-272f5c6a63ae,5.2095e+08,2.3,5.2095
1658112800,ALICEUSDT,Buy,96.2,2.265,ZeroMinusTick,f1d37463-e93a-57d6-8ae4-2f43839ceab2,2.1789300000000004e+10,96.2,217.89300000000003
1658112813,ALICEUSDT,Sell,89.6,2.260,MinusTick,f6a24404-9cc6-5967-8b09-d3455a5b574d,2.0249599999999996e+10,89.6,202.49599999999998
1658112813,ALICEUSDT,Sell,44.7,2.260,ZeroMinusTick,05a6980c-eb4a-5471-b4d7-e98a256981de,1.01022e+10,44.7,101.02199999999999
1658112813,ALICEUSDT,Sell,110.4,2.260,ZeroMinusTick,a14ecf16-8226-58ef-9ce2-e26867791844,2.49504e+10,110.4,249.504
1658112813,ALICEUSDT,Sell,238.4,2.260,ZeroMinusTick,e939e55c-c7c4-5f05-97b6-2c2b21b645db,5.38784e+10,238.4,538.784
1658112822,ALICEUSDT,Buy,238.4,2.260,ZeroMinusTick,18ddc80a-d529-5b18-9d56-842679b22670,5.38784e+10,238.4,538.784
1658112823,ALICEUSDT,Sell,238.4,2.260,ZeroMinusTick,5bd0244a-d43d-54a7-99db-b3590fe7d0e5,5.38784e+10,238.4,538.784
1658112872,ALICEUSDT,Buy,238.4,2.260,ZeroMinusTick,0edd18bd-d6e4-57df-bc43-a907b03399b7,5.38784e+10,238.4,538.784
1658112886,ALICEUSDT,Sell,0.7,2.260,ZeroMinusTick,5e783eff-f019-5e0d-a50f-70d97902ff99,1.5819999999999997e+08,0.7,1.5819999999999999
1658112914,ALICEUSDT,Sell,237.7,2.260,ZeroMinusTick,e30ff0ac-4d22-5530-a44b-c0a17b575efb,5.3720199999999985e+10,237.7,537.2019999999999
1658112934,ALICEUSDT,Buy,238.4,2.260,ZeroMinusTick,f83e76dc-9940-5e29-879a-377809c2aff0,5.38784e+10,238.4,538.784
1658112934,ALICEUSDT,Buy,170,2.260,ZeroMinusTick,a5418857-9e91-58ef-ac22-55f81ad6d372,3.842e+10,170,384.2
1658112953,ALICEUSDT,Sell,238.4,2.260,ZeroMinusTick,c28e34a3-6d95-5bda-9d5d-87a8f20aaf2a,5.38784e+10,238.4,538.784
1658112953,ALICEUSDT,Sell,874.8,2.260,ZeroMinusTick,06b1f940-ea33-54b4-b5af-94ad25c3cdd5,1.9770479999999997e+11,874.8,1977.0479999999998
1658113040,ALICEUSDT,Buy,238.4,2.260,ZeroMinusTick,8e9a1db5-aaef-59bf-bd30-4493b2b03342,5.38784e+10,238.4,538.784
1658113040,ALICEUSDT,Buy,170,2.260,ZeroMinusTick,f5d81e3f-34d2-5b5e-a16b-07b623b9bb43,3.842e+10,170,384.2
1658113040,ALICEUSDT,Buy,173.5,2.260,ZeroMinusTick,58f33084-f694-59d7-8e54-3b27c45257ed,3.921099999999999e+10,173.5,392.10999999999996
1658113074,ALICEUSDT,Buy,885.9,2.265,PlusTick,fd806ca4-9d40-5fd2-ac3f-0a3d93daad5e,2.0065635e+11,885.9,2006.5635
1658113074,ALICEUSDT,Buy,170,2.265,ZeroMinusTick,b896c4bb-482b-5c90-8ae8-51959368473d,3.8505e+10,170,385.05
1658113074,ALICEUSDT,Buy,532.4,2.265,ZeroMinusTick,9cd260c0-305d-55fc-9042-8bfa05bbeb41,1.205886e+11,532.4,1205.886
1658113074,ALICEUSDT,Buy,351.6,2.265,ZeroMinusTick,e8473c5c-c173-5cc7-b5f3-76b8ada26492,7.963740000000002e+10,351.6,796.3740000000001
1658113076,ALICEUSDT,Buy,0.6,2.265,ZeroMinusTick,fa73fc0a-bbcf-5e69-bbf1-8817662c0d9a,1.359e+08,0.6,1.359
1658113094,ALICEUSDT,Buy,1250,2.265,ZeroMinusTick,01ea1bd7-9245-5690-8548-bb173ca9d1dd,2.83125e+11,1250,2831.25
1658113094,ALICEUSDT,Buy,687.5,2.265,ZeroMinusTick,ccf6c55d-74df-5f58-86f1-6382c9510d64,1.5571875e+11,687.5,1557.1875
1658113126,ALICEUSDT,Sell,0.1,2.265,ZeroMinusTick,5368e2fb-aa51-59b3-8f93-b525f1060102,2.2650000000000004e+07,0.1,0.22650000000000003
1658113131,ALICEUSDT,Sell,850,2.265,ZeroMinusTick,8fd51a8a-bcf5-53e8-8c81-85ce9055d188,1.92525e+11,850,1925.25
1658113131,ALICEUSDT,Sell,238.4,2.265,ZeroMinusTick,39a14175-2bd4-5ba0-9176-85571f12252c,5.39976e+10,238.4,539.976
1658113160,ALICEUSDT,Sell,238.4,2.260,MinusTick,dd484b5a-79ec-5832-86ef-a4b7e47c0f9a,5.38784e+10,238.4,538.784
1658113160,ALICEUSDT,Sell,88.6,2.260,ZeroMinusTick,d2f9ddbb-8518-5fc9-bc73-e285cd7d25e8,2.0023599999999996e+10,88.6,200.23599999999996
1658113162,ALICEUSDT,Buy,238.4,2.260,ZeroMinusTick,5426ae5a-3878-5d81-a837-1e2cb28cec73,5.38784e+10,238.4,538.784
1658113246,ALICEUSDT,Buy,238.4,2.265,PlusTick,b13dc59e-0eba-5002-88a0-894f14e4f541,5.39976e+10,238.4,539.976
1658113246,ALICEUSDT,Buy,128.2,2.265,ZeroMinusTick,5175ad3b-5d98-5a92-b30a-ddda99ca3522,2.90373e+10,128.2,290.373
1658113263,ALICEUSDT,Buy,3,2.270,PlusTick,3a7047d6-f93a-5d7b-9e49-9624ff7f7094,6.81e+08,3,6.8100000000000005
1658113266,ALICEUSDT,Buy,0.4,2.270,ZeroMinusTick,a86cc369-c5ce-5d7e-92de-886b4fdc04eb,9.08e+07,0.4,0.908
1658113326,ALICEUSDT,Sell,238.4,2.265,MinusTick,4a86810e-0186-519d-b3eb-3d7b14f548a6,5.39976e+10,238.4,539.976
1658113332,ALICEUSDT,Sell,238.4,2.265,ZeroMinusTick,7f2f9b6b-fd21-581d-850e-12861a7eb6ce,5.39976e+10,238.4,539.976
1658113336,ALICEUSDT,Buy,0.7,2.265,ZeroMinusTick,ee05910c-0ea3-5f32-8ff8-3be0ff986f49,1.5855e+08,0.7,1.5855
1658113401,ALICEUSDT,Buy,5.8,2.265,ZeroMinusTick,58678d5d-7583-5e70-8a90-f1b256d3bbf4,1.3137e+09,5.8,13.137
1658113496,ALICEUSDT,Buy,0.9,2.265,ZeroMinusTick,4b6540b3-10f5-5b53-a278-f46171331136,2.0385e+08,0.9,2.0385
1658113573,ALICEUSDT,Buy,231,2.265,ZeroMinusTick,86056dab-12a0-53ac-98b4-9bbe2ca038c6,5.23215e+10,231,523.215
1658113573,ALICEUSDT,Buy,89,2.265,ZeroMinusTick,926e9ea1-0470-504a-8016-7a23614452ab,2.01585e+10,89,201.585
1658113606,ALICEUSDT,Buy,1.9,2.265,ZeroMinusTick,b70f56a7-583c-5bcf-bde3-beff337a7363,4.3034999999999994e+08,1.9,4.3035
1658113627,ALICEUSDT,Buy,44.1,2.265,ZeroMinusTick,af3aef52-fe1c-5431-ad65-c16595aa2e0c,9.988650000000002e+09,44.1,99.88650000000001
1658113627,ALICEUSDT,Buy,44.1,2.265,ZeroMinusTick,d1512887-048f-5b4a-b8fc-195ec38cb5ca,9.988650000000002e+09,44.1,99.88650000000001
1658113627,ALICEUSDT,Buy,44.1,2.265,ZeroMinusTick,f07dcf11-d81b-5a57-a049-1affccf85f93,9.988650000000002e+09,44.1,99.88650000000001
1658113627,ALICEUSDT,Buy,44.1,2.265,ZeroMinusTick,ef084af8-afee-5894-9fc2-9155537c4c06,9.988650000000002e+09,44.1,99.88650000000001
1658113627,ALICEUSDT,Buy,44.1,2.265,ZeroMinusTick,e480a731-297d-504c-be88-f3c5a1e6f66c,9.988650000000002e+09,44.1,99.88650000000001
1658113627,ALICEUSDT,Buy,16,2.265,ZeroMinusTick,b189404a-8b1e-5b3d-9f91-5d1143b83b86,3.624e+09,16,36.24
1658113687,ALICEUSDT,Sell,42.7,2.265,ZeroMinusTick,37ae6a1b-335d-5764-8767-1ff7cc17f94d,9.67155e+09,42.7,96.7155
1658113687,ALICEUSDT,Sell,935.4,2.265,ZeroMinusTick,70c2f8ee-21a4-5c50-bac6-59b8786622c2,2.118681e+11,935.4,2118.681
1658113726,ALICEUSDT,Buy,1.4,2.270,PlusTick,ee19b87e-afe9-5b74-a7cf-7421726774b0,3.178e+08,1.4,3.178
1658113763,ALICEUSDT,Sell,238.4,2.265,MinusTick,4ccfcf65-3969-5d98-aed6-3160d3bacba2,5.39976e+10,238.4,539.976
1658113763,ALICEUSDT,Sell,170,2.265,ZeroMinusTick,f287125f-b3b8-5c83-90ec-a06f7f9f2e9c,3.8505e+10,170,385.05
1658113767,ALICEUSDT,Buy,238.4,2.265,ZeroMinusTick,11d321f6-c578-5731-9293-87de8851192e,5.39976e+10,238.4,539.976
1658113854,ALICEUSDT,Sell,170,2.260,MinusTick,8846405c-11f1-5616-9442-afa774b72013,3.842e+10,170,384.2
1658113854,ALICEUSDT,Sell,238.4,2.260,ZeroMinusTick,ddf3c0dc-fc71-5a6f-bde3-a956b38c13c6,5.38784e+10,238.4,538.784
1658113854,ALICEUSDT,Sell,679.3,2.260,ZeroMinusTick,2cb608c7-cbd0-5e28-b7f6-36d41a56806f,1.5352179999999997e+11,679.3,1535.2179999999998
1658113854,ALICEUSDT,Sell,542.4,2.260,ZeroMinusTick,11defcff-d99b-5531-9eef-d0b4b79cc629,1.2258239999999998e+11,542.4,1225.8239999999998
1658113854,ALICEUSDT,Sell,65.9,2.260,ZeroMinusTick,c4bde803-f7cb-50bd-a54a-37bc8820369d,1.48934e+10,65.9,148.934
1658113854,ALICEUSDT,Sell,985.7,2.260,ZeroMinusTick,b8664dee-7b3f-5be1-b0d3-61ed5a54283b,2.2276819999999997e+11,985.7,2227.682
1658113854,ALICEUSDT,Sell,135.4,2.260,ZeroMinusTick,bfbc62c2-adea-5710-b53b-6794e829a5f0,3.0600399999999996e+10,135.4,306.00399999999996
1658113876,ALICEUSDT,Buy,1.6,2.265,PlusTick,6b25c21a-bf3f-5741-a22c-eab89402c641,3.6240000000000006e+08,1.6,3.6240000000000006
1658113894,ALICEUSDT,Sell,5.7,2.260,MinusTick,084ebfa9-f4d3-514c-a339-6a89696abea2,1.2882e+09,5.7,12.882
1658113900,ALICEUSDT,Buy,339.7,2.265,PlusTick,2677f04a-5eae-561e-8068-a19b64314088,7.694205e+10,339.7,769.4205000000001
1658113922,ALICEUSDT,Sell,78.1,2.260,MinusTick,255a47e4-aec9-5d94-830e-d67f2725ee83,1.7650599999999996e+10,78.1,176.50599999999997
1658114001,ALICEUSDT,Buy,90.9,2.265,PlusTick,639758b2-02ad-5be5-b0a9-27a6af037393,2.0588850000000004e+10,90.9,205.88850000000002
1658114036,ALICEUSDT,Sell,1.9,2.260,MinusTick,67752b68-7551-550e-81b9-b012d55a324c,4.2939999999999994e+08,1.9,4.294
1658114050,ALICEUSDT,Sell,0.9,2.260,ZeroMinusTick,7acaa70d-0d90-5209-ad57-d24dabc2a3f3,2.0339999999999997e+08,0.9,2.034
1658114063,ALICEUSDT,Sell,151.8,2.260,ZeroMinusTick,dc7bcdaa-7883-5842-89d3-efacfb862dd0,3.43068e+10,151.8,343.068
1658114063,ALICEUSDT,Sell,786.1,2.260,ZeroMinusTick,895870f3-d0c1-5300-9923-08416b402f32,1.7765859999999997e+11,786.1,1776.5859999999998
1658114063,ALICEUSDT,Sell,347.7,2.255,MinusTick,44193e17-20c4-57ca-a357-deef79c135b6,7.840635e+10,347.7,784.0635
1658114063,ALICEUSDT,Sell,188.2,2.255,ZeroMinusTick,a8062de5-9f3c-5c40-9ad3-0704cfd59015,4.24391e+10,188.2,424.39099999999996
1658114063,ALICEUSDT,Sell,402,2.255,ZeroMinusTick,633b3dcf-dcdc-5f17-9cbe-a0427ebfc472,9.0651e+10,402,906.51
1658114166,ALICEUSDT,Sell,1.3,2.255,ZeroMinusTick,f71bd23f-a211-5659-91a6-6ffafb9f2aa3,2.9315e+08,1.3,2.9314999999999998
1658114296,ALICEUSDT,Buy,1,2.260,PlusTick,1a561833-8d09-5735-8546-ebc4d6b1b703,2.2599999999999997e+08,1,2.26
1658114327,ALICEUSDT,Buy,237.4,2.260,ZeroMinusTick,2f5275ae-53f6-5903-85d9-a7066cac4761,5.36524e+10,237.4,536.524
1658114327,ALICEUSDT,Buy,6.2,2.260,ZeroMinusTick,2719664a-569d-5413-81d4-97279c643703,1.4011999999999998e+09,6.2,14.011999999999999
1658114336,ALICEUSDT,Buy,4219.5,2.260,ZeroMinusTick,28db4608-3aad-5dda-b8d5-7c7f4f69e417,9.53607e+11,4219.5,9536.07
1658114356,ALICEUSDT,Sell,0.1,2.265,PlusTick,e8149100-30d7-5c1f-9053-e06a28eb850a,2.2650000000000004e+07,0.1,0.22650000000000003
1658114396,ALICEUSDT,Sell,0.1,2.265,ZeroMinusTick,a9e790f5-464b-5754-b950-27ac29d725ae,2.2650000000000004e+07,0.1,0.22650000000000003
1658114468,ALICEUSDT,Buy,20,2.270,PlusTick,ded68c22-699c-5781-837d-4c85002da3df,4.54e+09,20,45.4
1658114468,ALICEUSDT,Buy,150,2.270,ZeroMinusTick,0b6f096a-018e-5e40-a15e-feca02be51f8,3.405e+10,150,340.5
1658114468,ALICEUSDT,Buy,748,2.270,ZeroMinusTick,df51502e-94ff-5295-81ac-6ba71b9cc089,1.69796e+11,748,1697.96
1658114468,ALICEUSDT,Buy,23.1,2.270,ZeroMinusTick,ed53d5b0-0f1a-5e70-abeb-7c7a6761abde,5.2437e+09,23.1,52.437000000000005
1658114468,ALICEUSDT,Buy,5.4,2.270,ZeroMinusTick,82038b7c-98e4-5d85-a472-3041f18386ac,1.2258e+09,5.4,12.258000000000001
1658114468,ALICEUSDT,Buy,1.4,2.270,ZeroMinusTick,40038a88-e271-5983-88b3-436eb32b8784,3.178e+08,1.4,3.178
1658114468,ALICEUSDT,Buy,0.2,2.270,ZeroMinusTick,33ae1869-6a96-5e74-bd72-cf2b0e23756a,4.54e+07,0.2,0.454
1658114468,ALICEUSDT,Buy,0.3,2.270,ZeroMinusTick,bc6482d1-61d5-5065-a0f8-5897daafb288,6.81e+07,0.3,0.6809999999999999
1658114469,ALICEUSDT,Buy,245.1,2.270,ZeroMinusTick,eb4c2402-c8dd-5a69-adcc-a20355560643,5.563769999999999e+10,245.1,556.377
1658114469,ALICEUSDT,Buy,1.5,2.270,ZeroMinusTick,687b2011-84f8-5b9d-8ab2-0f2402b94624,3.405e+08,1.5,3.4050000000000002
1658114469,ALICEUSDT,Buy,24.7,2.270,ZeroMinusTick,0796a615-3d54-5857-8e1b-685f0278f437,5.6069e+09,24.7,56.068999999999996
1658114469,ALICEUSDT,Buy,25,2.270,ZeroMinusTick,e77fc5f1-44ae-57e0-80e2-c4c48dc5713e,5.675e+09,25,56.75
1658114469,ALICEUSDT,Buy,12.5,2.270,ZeroMinusTick,90ef7cbe-2beb-5d4f-9eed-8398f5495646,2.8375e+09,12.5,28.375
1658114469,ALICEUSDT,Buy,5.3,2.270,ZeroMinusTick,205133dd-cf4c-5bfb-b806-de35cfc85e8b,1.2030999999999998e+09,5.3,12.030999999999999
1658114469,ALICEUSDT,Buy,0.2,2.270,ZeroMinusTick,6e43978b-42c9-5208-951a-ad558aa8b460,4.54e+07,0.2,0.454
1658114469,ALICEUSDT,Buy,80.9,2.270,ZeroMinusTick,9c7ea2f9-2813-538e-846c-2f2b3b711e71,1.83643e+10,80.9,183.643
1658114469,ALICEUSDT,Buy,203.4,2.270,ZeroMinusTick,6b609ec6-2f48-5242-aab2-2d27de400aca,4.61718e+10,203.4,461.718
1658114469,ALICEUSDT,Buy,6.5,2.270,ZeroMinusTick,5ea38767-f9d4-57f2-b89a-3c8c73a055da,1.4755e+09,6.5,14.755
1658114469,ALICEUSDT,Buy,238.4,2.270,ZeroMinusTick,eabff5d8-dc0a-58f5-8a82-6784fd768c79,5.41168e+10,238.4,541.168
1658114526,ALICEUSDT,Buy,0.8,2.275,PlusTick,a3845302-0a35-59d0-b5b0-9b5cec50edd5,1.82e+08,0.8,1.82
1658114526,ALICEUSDT,Buy,1,2.275,ZeroMinusTick,bbe83357-e7f6-5aff-af11-af312247a8e0,2.275e+08,1,2.275
1658114526,ALICEUSDT,Sell,32.4,2.270,MinusTick,942da9e4-4184-51c4-bb72-49ba916450e1,7.3548e+09,32.4,73.548
1658114609,ALICEUSDT,Buy,0.4,2.270,ZeroMinusTick,8f950401-bebd-5696-badf-5e62ee4590ba,9.08e+07,0.4,0.908
1658114609,ALICEUSDT,Buy,0.2,2.270,ZeroMinusTick,91d2fd93-bf7d-53cb-bbd6-0886e35a759c,4.54e+07,0.2,0.454
1658114609,ALICEUSDT,Buy,1.4,2.270,ZeroMinusTick,e41b5d69-bc3c-56d0-8f82-6bce52cb16f9,3.178e+08,1.4,3.178
1658114609,ALICEUSDT,Buy,40.8,2.270,ZeroMinusTick,ab85f494-0ae7-59a8-967a-cb451108850a,9.2616e+09,40.8,92.616
1658114609,ALICEUSDT,Buy,1.2,2.270,ZeroMinusTick,df97ee2a-840a-563b-bc1f-4f07db25fd4d,2.724e+08,1.2,2.7239999999999998
1658114609,ALICEUSDT,Buy,3.5,2.270,ZeroMinusTick,fb5f0511-75a9-5d52-bec5-8e0b216196d8,7.945e+08,3.5,7.945
1658114609,ALICEUSDT,Buy,12.8,2.270,ZeroMinusTick,69a97f56-b07c-5bdd-bec1-6517f078d28f,2.9056e+09,12.8,29.056
1658114609,ALICEUSDT,Buy,0.7,2.270,ZeroMinusTick,0c61dc32-608f-5bdf-b084-47c528b74b3d,1.589e+08,0.7,1.589
1658114609,ALICEUSDT,Buy,3,2.270,ZeroMinusTick,376bfb35-9a06-581e-ac33-03d43c7922cf,6.81e+08,3,6.8100000000000005
1658114610,ALICEUSDT,Sell,219.7,2.270,ZeroMinusTick,0b1c4c4f-9971-56cc-a1d9-e890d295c542,4.98719e+10,219.7,498.719
1658114616,ALICEUSDT,Sell,1.9,2.270,ZeroMinusTick,67804edf-fe34-5fbb-9a68-becbb8984e00,4.313e+08,1.9,4.313
1658114739,ALICEUSDT,Buy,30.4,2.275,PlusTick,afb48548-8d1e-5593-9eee-20f561228e7f,6.916e+09,30.4,69.16
1658114739,ALICEUSDT,Buy,40.3,2.275,ZeroMinusTick,79d07e17-3c9e-53ae-bc86-0cb0c9ec6dc1,9.168249999999998e+09,40.3,91.68249999999999
1658114739,ALICEUSDT,Buy,17.7,2.275,ZeroMinusTick,f95476d8-5f21-56ec-b29c-023c6d10f5b8,4.02675e+09,17.7,40.2675
1658114739,ALICEUSDT,Buy,26.4,2.275,ZeroMinusTick,b00e41fb-13a7-5ae8-adc9-7c1ba3c1944f,6.005999999999999e+09,26.4,60.059999999999995
1658114739,ALICEUSDT,Buy,44.1,2.275,ZeroMinusTick,271729df-46c1-5e4b-8015-a5990424c52d,1.003275e+10,44.1,100.3275
1658114739,ALICEUSDT,Buy,50.8,2.275,ZeroMinusTick,5dcbb83e-a92d-5922-ad3c-f3ef859eaf7c,1.1557e+10,50.8,115.57
1658114756,ALICEUSDT,Buy,0.3,2.280,PlusTick,fbb3aa52-59f0-5379-97a1-8ebf701d64bf,6.84e+07,0.3,0.6839999999999999
1658114876,ALICEUSDT,Sell,238.4,2.275,MinusTick,6782f623-edbe-5dd1-9649-bc824fa503b7,5.4236e+10,238.4,542.36
1658114926,ALICEUSDT,Sell,1.5,2.270,MinusTick,ab919649-f45b-5667-8e3e-2a4daa429efb,3.405e+08,1.5,3.4050000000000002
1658115106,ALICEUSDT,Sell,0.6,2.270,ZeroMinusTick,4afe7e28-8ed2-5de7-ac06-12561646c4bb,1.362e+08,0.6,1.3619999999999999
1658115186,ALICEUSDT,Sell,1.7,2.270,ZeroMinusTick,68655723-b28d-5799-8018-00d28c6917b6,3.859e+08,1.7,3.859
1658115286,ALICEUSDT,Sell,1.7,2.270,ZeroMinusTick,8b17fa2f-06e5-5573-927a-64284f863a10,3.859e+08,1.7,3.859
1658115287,ALICEUSDT,Sell,12.6,2.270,ZeroMinusTick,bc450b07-7163-56ae-9d0d-612465c28ba1,2.8602e+09,12.6,28.602
1658115446,ALICEUSDT,Buy,0.3,2.275,PlusTick,70cb97e9-407a-5393-b62f-cb12d3d0865f,6.825e+07,0.3,0.6825
1658115457,ALICEUSDT,Sell,1.6,2.270,MinusTick,cfdbb8e2-af17-5cab-8303-df74f352b543,3.632e+08,1.6,3.632
1658115457,ALICEUSDT,Sell,238.4,2.270,ZeroMinusTick,2bfcf62e-b185-5cb4-bf6f-4caf0e600bbf,5.41168e+10,238.4,541.168
1658115457,ALICEUSDT,Sell,750.3,2.270,ZeroMinusTick,9abc6c87-05ad-55a6-8e94-df68a1b52b62,1.7031809999999997e+11,750.3,1703.1809999999998
1658115457,ALICEUSDT,Sell,885.9,2.270,ZeroMinusTick,6b565836-01bf-50a3-96fa-c3434517f6a9,2.010993e+11,885.9,2010.993
1658115457,ALICEUSDT,Sell,170,2.270,ZeroMinusTick,4de6daae-8366-52a4-b106-60c1661b1018,3.859e+10,170,385.9
1658115457,ALICEUSDT,Sell,910.2,2.270,ZeroMinusTick,e5e45fa3-dbfd-50e8-bc7d-28330303605f,2.066154e+11,910.2,2066.154
1658115457,ALICEUSDT,Sell,110,2.270,ZeroMinusTick,11bcfce1-b0d4-5cdf-a85c-33c73e74371a,2.497e+10,110,249.7
1658115457,ALICEUSDT,Sell,665.6,2.270,ZeroMinusTick,f6f0970e-5e32-552d-b8bb-82bdbcda071d,1.510912e+11,665.6,1510.912
1658115457,ALICEUSDT,Sell,1250,2.270,ZeroMinusTick,09392093-443a-58fd-867f-11baed454af3,2.8375e+11,1250,2837.5
1658115457,ALICEUSDT,Sell,18,2.265,MinusTick,2297c472-ca3b-5b3a-a767-ddc1d7e65131,4.0770000000000005e+09,18,40.77
1658115457,ALICEUSDT,Sell,835.6,2.270,PlusTick,6dfba903-eff6-5494-b5ad-3031f26583ad,1.896812e+11,835.6,1896.8120000000001
1658115457,ALICEUSDT,Sell,908.4,2.270,ZeroMinusTick,4203273a-73e4-5370-8c7c-e0bda97c1503,2.0620679999999997e+11,908.4,2062.0679999999998
1658115457,ALICEUSDT,Sell,170,2.270,ZeroMinusTick,fcaf1ea9-3710-5148-8f6a-9d3b6c219120,3.859e+10,170,385.9
1658115457,ALICEUSDT,Sell,220.4,2.265,MinusTick,6e96b1d3-6eed-50cc-bfcb-0ee5f4c8f1a2,4.99206e+10,220.4,499.206
1658115457,ALICEUSDT,Sell,885.9,2.265,ZeroMinusTick,4a6170e2-0dbb-5f5e-a7bf-4f31ebef94a5,2.0065635e+11,885.9,2006.5635
1658115457,ALICEUSDT,Sell,647.7,2.265,ZeroMinusTick,7a0ebceb-e8e2-5480-bdba-d728fd1a818d,1.4670405000000003e+11,647.7,1467.0405000000003
1658115457,ALICEUSDT,Sell,44.2,2.265,ZeroMinusTick,a9073ba3-aab5-5a58-be78-7c71ebde53e9,1.0011300000000002e+10,44.2,100.11300000000001
1658115457,ALICEUSDT,Sell,88.6,2.265,ZeroMinusTick,9f2330a4-5de8-549b-86dd-2d4d2b2b4b9e,2.00679e+10,88.6,200.679
1658115457,ALICEUSDT,Sell,513.6,2.265,ZeroMinusTick,e0b432ab-a255-588f-a554-99ff7a549c03,1.1633040000000002e+11,513.6,1163.304
1658115457,ALICEUSDT,Sell,504,2.265,ZeroMinusTick,b1a0bb61-51c7-57b1-a5aa-673ff186520b,1.1415600000000002e+11,504,1141.5600000000002
1658115457,ALICEUSDT,Sell,181.6,2.265,ZeroMinusTick,cad01040-a1bd-5da6-b2d3-a8e6d332661f,4.11324e+10,181.6,411.324
1658115646,ALICEUSDT,Sell,1.6,2.270,PlusTick,32750ae0-a164-5a0c-b893-b14698836f90,3.632e+08,1.6,3.632
1658115726,ALICEUSDT,Buy,0.5,2.275,PlusTick,e3bc24ad-3a82-5b32-9df1-1b75dac5238f,1.1375e+08,0.5,1.1375
1658115816,ALICEUSDT,Buy,2,2.275,ZeroMinusTick,2b242854-7aac-5724-b56f-407bb7f936be,4.55e+08,2,4.55
1658115842,ALICEUSDT,Sell,21.6,2.270,MinusTick,7fb1c76d-03d7-51ab-b936-ed0857a35898,4.9032e+09,21.6,49.032000000000004
1658115886,ALICEUSDT,Buy,1.6,2.275,PlusTick,f76b7c96-5429-59dd-9963-b0a02d5a2dfa,3.64e+08,1.6,3.64
1658116016,ALICEUSDT,Buy,1.7,2.275,ZeroMinusTick,be5b0d96-8dfe-51ea-b7cd-9a27be2c584d,3.8675e+08,1.7,3.8674999999999997
1658116044,ALICEUSDT,Sell,146.8,2.270,MinusTick,5a6309ae-04c3-56fd-9b75-86cb1cef17f0,3.3323600000000004e+10,146.8,333.23600000000005
1658116044,ALICEUSDT,Sell,32.9,2.270,ZeroMinusTick,2039e578-936b-5ef2-bf3c-aa7ebb7f4eb2,7.468299999999999e+09,32.9,74.68299999999999
1658116075,ALICEUSDT,Sell,170,2.270,ZeroMinusTick,355ddae0-abd4-54e9-9643-dbf1fd98e93c,3.859e+10,170,385.9
1658116076,ALICEUSDT,Sell,1.5,2.265,MinusTick,99d81943-6852-509c-9529-c7f74341c550,3.3975e+08,1.5,3.3975
1658116087,ALICEUSDT,Sell,10,2.265,ZeroMinusTick,5679fb05-4354-5cb4-8953-51a1260c81ed,2.265e+09,10,22.650000000000002
1658116266,ALICEUSDT,Sell,0.7,2.265,ZeroMinusTick,03cfdcdc-a5b3-5414-a5db-0362504265cb,1.5855e+08,0.7,1.5855
1658116416,ALICEUSDT,Buy,219.2,2.270,PlusTick,5e20ea1e-86ea-5f73-ac55-b049239e3505,4.97584e+10,219.2,497.584
1658116416,ALICEUSDT,Buy,1.7,2.270,ZeroMinusTick,bbf2f59e-f4c9-5c97-8325-c84d6407c3fb,3.859e+08,1.7,3.859
1658116440,ALICEUSDT,Buy,17.5,2.270,ZeroMinusTick,0f987552-4908-5322-a3f0-829ba829a37b,3.9725e+09,17.5,39.725
1658116440,ALICEUSDT,Buy,914.4,2.270,ZeroMinusTick,da163b95-7ab5-5c7b-b91f-fc15a0b33c1b,2.075688e+11,914.4,2075.688
1658116440,ALICEUSDT,Buy,658.6,2.270,ZeroMinusTick,c89e0858-4946-5a87-a419-bcce77212d59,1.4950220000000003e+11,658.6,1495.0220000000002
1658116440,ALICEUSDT,Buy,542,2.270,ZeroMinusTick,71b3749a-39d3-51b8-83fb-668a6dbfa557,1.2303399999999998e+11,542,1230.34
1658116440,ALICEUSDT,Buy,170,2.270,ZeroMinusTick,d6b42758-6916-5f6e-b367-c43d2e496f73,3.859e+10,170,385.9
1658116440,ALICEUSDT,Buy,836.5,2.270,ZeroMinusTick,4ef60360-ce71-59d4-9dc9-f3c3217743f1,1.898855e+11,836.5,1898.855
1658116440,ALICEUSDT,Buy,110.3,2.270,ZeroMinusTick,ef3d902f-1013-5350-92c8-dd8f5e9f7de9,2.50381e+10,110.3,250.381
1658116440,ALICEUSDT,Buy,1475.9,2.270,ZeroMinusTick,df783dcc-c939-55ac-af67-4370b555753f,3.350293e+11,1475.9,3350.293
1658116516,ALICEUSDT,Sell,1.8,2.265,MinusTick,6268983f-7079-55ee-ac05-0581271ae318,4.077e+08,1.8,4.077
1658116567,ALICEUSDT,Sell,167.5,2.265,ZeroMinusTick,a9a21a36-98f3-5359-b72f-b24921c54e6c,3.793875000000001e+10,167.5,379.38750000000005
1658116567,ALICEUSDT,Sell,878.3,2.265,ZeroMinusTick,db70be87-b6f1-5bfa-aedd-41ea3c5b3e9c,1.9893495e+11,878.3,1989.3495
1658116567,ALICEUSDT,Sell,135.5,2.265,ZeroMinusTick,01e4f3df-c4bc-5da4-b14f-980cd425c668,3.0690750000000004e+10,135.5,306.9075
1658116591,ALICEUSDT,Sell,610.8,2.265,ZeroMinusTick,1f20b82c-015b-5aae-a181-d2fba20b5bcd,1.383462e+11,610.8,1383.462
1658116591,ALICEUSDT,Sell,1161.2,2.265,ZeroMinusTick,23db06a8-5b67-531e-8d69-90c286977efe,2.6301180000000003e+11,1161.2,2630.1180000000004
1658116606,ALICEUSDT,Buy,0.2,2.270,PlusTick,736226f5-dc77-5f88-9899-9e6cea5f27ce,4.54e+07,0.2,0.454
1658116727,ALICEUSDT,Buy,169.8,2.270,ZeroMinusTick,2d1a3707-1db6-507b-b062-0babd616fdfe,3.85446e+10,169.8,385.446
1658116727,ALICEUSDT,Buy,9.9,2.270,ZeroMinusTick,a476c823-c261-5b96-ae22-9df40a648288,2.2473000000000005e+09,9.9,22.473000000000003
1658116733,ALICEUSDT,Buy,10,2.270,ZeroMinusTick,48a063dc-0a1e-555b-bf08-4f7fe10c5c79,2.27e+09,10,22.7
1658116760,ALICEUSDT,Sell,170,2.265,MinusTick,b3910e1f-eaf8-5cc2-853f-21b23a8007d3,3.8505e+10,170,385.05
1658116760,ALICEUSDT,Sell,124.4,2.265,ZeroMinusTick,d325b14b-d11f-5eac-a4dc-af622cc73364,2.8176600000000004e+10,124.4,281.766
1658116806,ALICEUSDT,Buy,0.4,2.270,PlusTick,61b34cfc-9c71-5a1b-a2e3-89d62fb2a9cf,9.08e+07,0.4,0.908
1658116916,ALICEUSDT,Buy,1.6,2.270,ZeroMinusTick,8af74ee1-6865-58ed-85ee-6f3cecfbda6b,3.632e+08,1.6,3.632
1658116996,ALICEUSDT,Buy,0.5,2.270,ZeroMinusTick,e0ba503a-4012-5441-bdbe-71e99b0c5f02,1.135e+08,0.5,1.135
1658117011,ALICEUSDT,Buy,34.6,2.270,ZeroMinusTick,342a25c4-fb5f-5e39-a95a-7f07acf4a1ce,7.8542e+09,34.6,78.542
1658117034,ALICEUSDT,Sell,170,2.265,MinusTick,be15f2cd-6f46-5b9c-8e8c-3fdb49acbd69,3.8505e+10,170,385.05
1658117034,ALICEUSDT,Sell,20.6,2.265,ZeroMinusTick,6e0c5f7b-30ba-5d35-8f05-6ad5e7f358d9,4.665900000000001e+09,20.6,46.659000000000006
1658117034,ALICEUSDT,Sell,63.1,2.265,ZeroMinusTick,33e952af-51e1-58d0-bccc-47302dc1821b,1.429215e+10,63.1,142.9215
1658117038,ALICEUSDT,Sell,105.9,2.260,MinusTick,d75d2c79-bc63-526c-a7b8-01965de4d91f,2.39334e+10,105.9,239.334
1658117090,ALICEUSDT,Sell,132.5,2.260,ZeroMinusTick,3be650fc-e1be-5d70-948f-1f481e435bdd,2.9945e+10,132.5,299.45
1658117090,ALICEUSDT,Sell,185.5,2.260,ZeroMinusTick,54015a8d-827e-5803-9c39-f698c2867501,4.192299999999999e+10,185.5,419.22999999999996
1658117126,ALICEUSDT,Sell,0.1,2.260,ZeroMinusTick,501b0c6d-e7ad-5ed3-92fa-0e70629c3aea,2.2599999999999996e+07,0.1,0.22599999999999998
1658117212,ALICEUSDT,Buy,238.4,2.265,PlusTick,92d3f94c-773b-52b2-a735-e9ba51ae7ea5,5.39976e+10,238.4,539.976
1658117346,ALICEUSDT,Buy,1.5,2.270,PlusTick,2749b1e5-e5bb-551e-8ae1-ee2f6299c312,3.405e+08,1.5,3.4050000000000002
1658117486,ALICEUSDT,Buy,44.1,2.270,ZeroMinusTick,000126e8-7721-562a-b226-6a7a5bd8f084,1.00107e+10,44.1,100.107
1658117486,ALICEUSDT,Buy,44.1,2.270,ZeroMinusTick,58942cab-c4ab-5b5c-b098-b25cc66f9aad,1.00107e+10,44.1,100.107
1658117486,ALICEUSDT,Buy,44.1,2.270,ZeroMinusTick,8099068a-c439-5e29-9f20-3f26870d3ee9,1.00107e+10,44.1,100.107
1658117486,ALICEUSDT,Buy,47.6,2.270,ZeroMinusTick,f773bd22-96b7-53ef-b5d5-6c36f6de6897,1.08052e+10,47.6,108.052
1658117486,ALICEUSDT,Buy,22,2.270,ZeroMinusTick,ff8e6fd2-b8df-5567-9652-2d6a571cda9f,4.994e+09,22,49.94
1658117539,ALICEUSDT,Sell,181.4,2.270,ZeroMinusTick,3f364e23-7858-5dc3-8a84-ba68c6a7f6b3,4.11778e+10,181.4,411.778
1658117546,ALICEUSDT,Sell,0.4,2.265,MinusTick,cff3841d-641f-5dee-a77c-cbe1a0181369,9.060000000000001e+07,0.4,0.9060000000000001
1658117636,ALICEUSDT,Buy,0.6,2.270,PlusTick,599c5943-efcc-5548-ad88-6b3850f80a87,1.362e+08,0.6,1.3619999999999999
1658117796,ALICEUSDT,Buy,0.4,2.270,ZeroMinusTick,68fb6f44-f365-5f84-a439-41e4640d02c6,9.08e+07,0.4,0.908
1658117856,ALICEUSDT,Buy,0.3,2.270,ZeroMinusTick,49570e26-c5d8-5cce-aba3-023ecd571147,6.81e+07,0.3,0.6809999999999999
1658117913,ALICEUSDT,Buy,147.9,2.265,MinusTick,ad31cc2d-588e-5de4-a975-593b5f030fc5,3.3499350000000004e+10,147.9,334.99350000000004
1658117926,ALICEUSDT,Buy,0.1,2.265,ZeroMinusTick,a6e4cf73-d0ff-5303-8aa5-e47153c5d479,2.2650000000000004e+07,0.1,0.22650000000000003
1658117986,ALICEUSDT,Sell,2,2.260,MinusTick,9c20dded-0b8d-59db-8132-ea355b0f65c3,4.5199999999999994e+08,2,4.52
1658118012,ALICEUSDT,Buy,1,2.265,PlusTick,25e3c251-b084-5330-bb8c-d7dd56b067cd,2.265e+08,1,2.265
1658118012,ALICEUSDT,Buy,44.1,2.265,ZeroMinusTick,85237d99-7bf9-52fb-8ba8-e954aec73657,9.988650000000002e+09,44.1,99.88650000000001
1658118012,ALICEUSDT,Buy,44.1,2.265,ZeroMinusTick,2e429d8c-4827-51ea-b75e-99c2841598ad,9.988650000000002e+09,44.1,99.88650000000001
1658118012,ALICEUSDT,Buy,44.1,2.265,ZeroMinusTick,f2ffee4b-7dc6-5537-9324-d4baf0d6734d,9.988650000000002e+09,44.1,99.88650000000001
1658118013,ALICEUSDT,Buy,44.1,2.265,ZeroMinusTick,2d90ad41-b3af-574b-9000-403214746f14,9.988650000000002e+09,44.1,99.88650000000001
1658118013,ALICEUSDT,Buy,44.1,2.265,ZeroMinusTick,206b9911-528a-55e9-9d77-4199640510e2,9.988650000000002e+09,44.1,99.88650000000001
1658118013,ALICEUSDT,Buy,17.9,2.265,ZeroMinusTick,77a88ccc-4674-5cfa-92af-1de5a3a3cd5a,4.05435e+09,17.9,40.5435
1658118110,ALICEUSDT,Sell,238.4,2.265,ZeroMinusTick,ea01d17b-b6bc-59eb-bfcd-0d8e03452ba7,5.39976e+10,238.4,539.976
1658118126,ALICEUSDT,Sell,1.9,2.260,MinusTick,1ea80185-8c83-5395-bcca-f8d1c60641e0,4.2939999999999994e+08,1.9,4.294
1658118220,ALICEUSDT,Sell,110.4,2.260,ZeroMinusTick,fa820d7c-3be7-5312-96e3-21bf1bcd1e84,2.49504e+10,110.4,249.504
1658118296,ALICEUSDT,Sell,1.7,2.255,MinusTick,e0acc08d-08a7-5b08-9ed8-f9f8c2dc7140,3.8335e+08,1.7,3.8335
1658118296,ALICEUSDT,Sell,1.1,2.255,ZeroMinusTick,f26d6d96-b8bf-502a-a102-b007c5cdc901,2.4805000000000003e+08,1.1,2.4805
1658118296,ALICEUSDT,Sell,12.7,2.255,ZeroMinusTick,ec5ccb42-45f0-5fe5-9fd4-0cb1173f8a1d,2.8638499999999995e+09,12.7,28.638499999999997
1658118296,ALICEUSDT,Sell,155.2,2.255,ZeroMinusTick,e32d1ecb-710b-5f05-8139-0a40ed43082b,3.499759999999999e+10,155.2,349.97599999999994
1658118296,ALICEUSDT,Sell,153.5,2.255,ZeroMinusTick,fcf27030-cc24-5399-9a88-573afc4e5f81,3.461425e+10,153.5,346.1425
1658118420,ALICEUSDT,Buy,22.1,2.260,PlusTick,49235fd9-3a43-5d2d-a686-4f7e2e05ddb7,4.9946e+09,22.1,49.946
1658118426,ALICEUSDT,Sell,1.3,2.260,ZeroMinusTick,2b98d059-8fe9-57fb-bae5-bc83f86de146,2.938e+08,1.3,2.9379999999999997
1658118438,ALICEUSDT,Buy,238.4,2.265,PlusTick,08edc478-821a-580f-a952-62fc8eab3d26,5.39976e+10,238.4,539.976
1658118446,ALICEUSDT,Sell,238.4,2.265,ZeroMinusTick,ccb47d74-baed-58e3-99e5-c1c484cc676d,5.39976e+10,238.4,539.976
1658118446,ALICEUSDT,Sell,44.2,2.265,ZeroMinusTick,f58cf76c-4302-5087-b2bd-321b2faf5b27,1.0011300000000002e+10,44.2,100.11300000000001
1658118447,ALICEUSDT,Buy,164.4,2.265,ZeroMinusTick,a9371775-7d18-5f60-bbb8-e27ed0f6316e,3.723660000000001e+10,164.4,372.36600000000004
1658118453,ALICEUSDT,Buy,44.1,2.265,ZeroMinusTick,cccf962a-ca58-5bf1-a751-1546cbf00339,9.988650000000002e+09,44.1,99.88650000000001
1658118453,ALICEUSDT,Buy,29.9,2.265,ZeroMinusTick,3b4fc264-9d54-58e6-9c74-0755915349cf,6.77235e+09,29.9,67.7235
1658118453,ALICEUSDT,Buy,44.1,2.265,ZeroMinusTick,096a6b9b-4805-59fd-bc75-e8d70c4dd58e,9.988650000000002e+09,44.1,99.88650000000001
1658118453,ALICEUSDT,Buy,44.1,2.265,ZeroMinusTick,af1fc1cb-98cf-5727-8a30-b662a177bad8,9.988650000000002e+09,44.1,99.88650000000001
1658118453,ALICEUSDT,Buy,44.1,2.265,ZeroMinusTick,e91978e5-0cc7-5391-9cd6-588957ea5652,9.988650000000002e+09,44.1,99.88650000000001
1658118453,ALICEUSDT,Buy,44.1,2.265,ZeroMinusTick,9fd6fae4-b99f-5de9-8675-41fb5af01af5,9.988650000000002e+09,44.1,99.88650000000001
1658118453,ALICEUSDT,Buy,44.1,2.265,ZeroMinusTick,b6d684ae-4b0d-54aa-a552-2b3effd5c950,9.988650000000002e+09,44.1,99.88650000000001
1658118453,ALICEUSDT,Buy,17.9,2.265,ZeroMinusTick,4bfa0c34-eec8-5d91-8207-4b51ee9c4db9,4.05435e+09,17.9,40.5435
1658118559,ALICEUSDT,Buy,238.4,2.270,PlusTick,10e8b0ed-c8b5-5f82-a89e-a6ac6399c8d5,5.41168e+10,238.4,541.168
1658118606,ALICEUSDT,Buy,0.2,2.275,PlusTick,25145834-42b7-5f1b-b1ec-1a50ae48738a,4.55e+07,0.2,0.455
1658118606,ALICEUSDT,Sell,238.4,2.270,MinusTick,5882d792-f0b5-5f7c-84a3-fe1cbd230cff,5.41168e+10,238.4,541.168
1658118606,ALICEUSDT,Sell,238.4,2.265,MinusTick,7290c846-1d29-57bd-b236-47b660f355fc,5.39976e+10,238.4,539.976
1658118606,ALICEUSDT,Sell,97.7,2.265,ZeroMinusTick,35ebe1a1-f1de-5274-b7b5-d4f54797bff5,2.212905e+10,97.7,221.2905
1658118816,ALICEUSDT,Sell,0.6,2.265,ZeroMinusTick,5a68fa88-5552-5293-8d6a-b8dd671f9b78,1.359e+08,0.6,1.359
1658118891,ALICEUSDT,Sell,237.8,2.265,ZeroMinusTick,902d98b1-74d5-541d-ad49-d6735ad492d9,5.386170000000001e+10,237.8,538.6170000000001
1658118986,ALICEUSDT,Sell,1.5,2.265,ZeroMinusTick,24c3c408-da2e-5316-acd3-16acc6a94da8,3.3975e+08,1.5,3.3975
1658119116,ALICEUSDT,Sell,1.7,2.265,ZeroMinusTick,bfe0de94-218c-5bc7-b5e0-19af7951f52d,3.8505e+08,1.7,3.8505000000000003
1658119217,ALICEUSDT,Buy,0.7,2.270,PlusTick,8d824a44-ed26-5468-b6f5-0717df0cbea7,1.589e+08,0.7,1.589
1658119234,ALICEUSDT,Buy,182.5,2.270,ZeroMinusTick,52f8d0d2-9550-5c56-8c46-9e494f7b4422,4.14275e+10,182.5,414.275
1658119307,ALICEUSDT,Sell,1.6,2.265,MinusTick,99d0d927-1c32-5261-bd4d-162ed9f45eed,3.6240000000000006e+08,1.6,3.6240000000000006
1658119345,ALICEUSDT,Sell,183.4,2.265,ZeroMinusTick,72818f74-6e32-566e-91da-7e9c93cb2e9c,4.15401e+10,183.4,415.401
1658119367,ALICEUSDT,Buy,2.9,2.265,ZeroMinusTick,397d0f17-c643-5a88-ae8e-dbc1ef82ee6e,6.5685e+08,2.9,6.5685
1658119367,ALICEUSDT,Buy,2.5,2.265,ZeroMinusTick,6c94a480-ab21-584c-861e-ae654c652682,5.6625e+08,2.5,5.6625000000000005
1658119367,ALICEUSDT,Buy,0.8,2.265,ZeroMinusTick,ef09afb9-a268-5a35-8a5e-4ca9fa923b6a,1.8120000000000003e+08,0.8,1.8120000000000003
1658119367,ALICEUSDT,Buy,0.5,2.265,ZeroMinusTick,452345ce-2522-5f60-825c-952064d9070c,1.1325e+08,0.5,1.1325
1658119367,ALICEUSDT,Buy,0.4,2.265,ZeroMinusTick,4abe88d7-fc03-5437-b2f2-75cd676e594b,9.060000000000001e+07,0.4,0.9060000000000001
1658119367,ALICEUSDT,Buy,231.3,2.265,ZeroMinusTick,4e5fb5bd-c73a-56ee-aeb3-1373525e9919,5.238945000000001e+10,231.3,523.8945000000001
1658119377,ALICEUSDT,Sell,238.4,2.265,ZeroMinusTick,c69362fd-c03b-5c62-b8dc-4778f1e10601,5.39976e+10,238.4,539.976
1658119377,ALICEUSDT,Sell,253.2,2.265,ZeroMinusTick,41dade59-b8c8-5b5c-a4c5-d3e49823a759,5.734980000000001e+10,253.2,573.498
1658119417,ALICEUSDT,Buy,1.3,2.270,PlusTick,959d58ed-5647-53e4-8fdb-b34b14363b73,2.951e+08,1.3,2.951
1658119487,ALICEUSDT,Buy,1.3,2.270,ZeroMinusTick,9f0de8bd-097d-5604-bc91-e090a410f143,2.951e+08,1.3,2.951
1658119637,ALICEUSDT,Sell,0.5,2.265,MinusTick,31ade55f-87c3-5b2f-a18b-bc9c46236e4d,1.1325e+08,0.5,1.1325
1658119727,ALICEUSDT,Buy,1.5,2.270,PlusTick,26f81b00-0e62-5cf0-8349-273ea017cbd1,3.405e+08,1.5,3.4050000000000002
1658119854,ALICEUSDT,Sell,150.8,2.265,MinusTick,39b3338d-3a54-56ba-bf91-2a633253bd68,3.4156200000000008e+10,150.8,341.56200000000007
1658119907,ALICEUSDT,Sell,1.5,2.265,ZeroMinusTick,60090224-52d4-5e90-9725-8458a0428261,3.3975e+08,1.5,3.3975
1658119977,ALICEUSDT,Sell,0.9,2.265,ZeroMinusTick,06cd1154-addf-5ba5-b886-d380f255b24c,2.0385e+08,0.9,2.0385
1658120117,ALICEUSDT,Buy,50.9,2.270,PlusTick,11536a8e-2c5b-5bda-8110-01f395b82885,1.15543e+10,50.9,115.54299999999999
1658120117,ALICEUSDT,Buy,976.9,2.270,ZeroMinusTick,f7adc241-b464-5224-9aa5-6dda0081355e,2.217563e+11,976.9,2217.563
1658120117,ALICEUSDT,Buy,0.6,2.270,ZeroMinusTick,070820fd-0a21-5a81-89eb-093f99b66397,1.362e+08,0.6,1.3619999999999999
1658120117,ALICEUSDT,Buy,170,2.270,ZeroMinusTick,2df9caa9-27d6-5208-badf-ff215408fd5a,3.859e+10,170,385.9
1658120117,ALICEUSDT,Buy,562.5,2.270,ZeroMinusTick,a4802fb5-cf56-5f18-bd94-68fc0aaa7363,1.276875e+11,562.5,1276.875
1658120117,ALICEUSDT,Buy,29.6,2.270,ZeroMinusTick,bf51defe-1f3f-5e2c-b2c5-fad53a35c0e0,6.719200000000001e+09,29.6,67.19200000000001
1658120117,ALICEUSDT,Buy,1627.4,2.270,ZeroMinusTick,841d197d-c965-529e-9972-aeb8e43d3d62,3.6941980000000006e+11,1627.4,3694.1980000000003
1658120137,ALICEUSDT,Buy,1.5,2.270,ZeroMinusTick,ae9d5f78-dcd5-5a8a-8c25-413be0b09f6b,3.405e+08,1.5,3.4050000000000002
1658120277,ALICEUSDT,Buy,0.1,2.270,ZeroMinusTick,a201f667-2cba-5bee-86e9-106cfcdcc97f,2.27e+07,0.1,0.227
1658120359,ALICEUSDT,Sell,30,2.265,MinusTick,e52d92e6-4a54-5703-b056-e3dbe68364eb,6.795e+09,30,67.95
1658120370,ALICEUSDT,Buy,890.2,2.270,PlusTick,f8697e2d-6cf5-5c11-8492-cec87f9d165e,2.020754e+11,890.2,2020.7540000000001
1658120370,ALICEUSDT,Buy,238.4,2.270,ZeroMinusTick,6999a127-60e4-5104-86e6-acccefa62c69,5.41168e+10,238.4,541.168
1658120370,ALICEUSDT,Sell,164.6,2.270,ZeroMinusTick,ed9c64f2-d7ff-5078-b896-b958c380d240,3.73642e+10,164.6,373.642
1658120397,ALICEUSDT,Buy,232.1,2.275,PlusTick,f13f1750-9504-59c8-9583-47f23d9ef135,5.280274999999999e+10,232.1,528.0274999999999
1658120397,ALICEUSDT,Buy,4.1,2.275,ZeroMinusTick,89ca4387-6bc4-57be-9a12-ef2593b9e994,9.327499999999999e+08,4.1,9.327499999999999
1658120427,ALICEUSDT,Sell,0.8,2.275,ZeroMinusTick,cbf9c306-0036-5b8c-b6e0-8470f85a401b,1.82e+08,0.8,1.82
1658120466,ALICEUSDT,Sell,237.6,2.275,ZeroMinusTick,a2ca7185-7ed0-5140-a237-98983648895a,5.4054e+10,237.6,540.54
1658120466,ALICEUSDT,Sell,238.4,2.275,ZeroMinusTick,c884eb0c-3810-543f-bddc-8021a536800d,5.4236e+10,238.4,542.36
1658120567,ALICEUSDT,Buy,1.1,2.275,ZeroMinusTick,601410fc-a200-5b8a-8758-a0df8cc3661d,2.5025e+08,1.1,2.5025
1658120677,ALICEUSDT,Buy,196.5,2.275,ZeroMinusTick,e24f732c-0c2c-5bf3-9007-3bf52f20406c,4.470375e+10,196.5,447.03749999999997
1658120677,ALICEUSDT,Buy,3.2,2.275,ZeroMinusTick,bb41d427-5ea8-5ffb-91a0-85b06fc3b227,7.28e+08,3.2,7.28
1658120677,ALICEUSDT,Buy,0.9,2.275,ZeroMinusTick,69248ab2-c92e-58ae-abcc-3bee7b903f77,2.0475e+08,0.9,2.0475
1658120677,ALICEUSDT,Buy,3.2,2.275,ZeroMinusTick,b5beaf70-b77a-5d87-ac4c-4016488c0758,7.28e+08,3.2,7.28
1658120677,ALICEUSDT,Buy,0.2,2.275,ZeroMinusTick,fea40055-36f3-5b9b-b86a-adbd8cc6ca57,4.55e+07,0.2,0.455
1658120677,ALICEUSDT,Buy,33.3,2.275,ZeroMinusTick,dad7ffc6-c25e-57fc-a261-44cd8b2a2586,7.575749999999999e+09,33.3,75.7575
1658120677,ALICEUSDT,Buy,64.1,2.275,ZeroMinusTick,cab21d1b-7769-5908-9473-c91c0502c14f,1.4582749999999998e+10,64.1,145.8275
1658120687,ALICEUSDT,Sell,0.1,2.275,ZeroMinusTick,b08c12fc-ed96-5edf-adbc-348dfcd4c95e,2.275e+07,0.1,0.2275
1658120720,ALICEUSDT,Buy,3.5,2.280,PlusTick,201d2cf5-1364-51aa-b1f5-db7fd6b5b878,7.98e+08,3.5,7.9799999999999995
1658120720,ALICEUSDT,Buy,57.9,2.280,ZeroMinusTick,5aa8dc70-6550-5f8d-8756-e8a868657c7c,1.3201199999999998e+10,57.9,132.01199999999997
1658120720,ALICEUSDT,Buy,88.5,2.280,ZeroMinusTick,ec521ab4-b61c-55e1-bf4c-2ce76f367fde,2.0177999999999996e+10,88.5,201.77999999999997
1658120720,ALICEUSDT,Buy,30,2.280,ZeroMinusTick,ee81f09c-d40e-5e3c-adbe-6aa05ffa8f95,6.839999999999999e+09,30,68.39999999999999
1658120720,ALICEUSDT,Buy,85.6,2.280,ZeroMinusTick,c1eabd91-54d4-5775-a5db-0622a692537a,1.9516799999999996e+10,85.6,195.16799999999998
1658120720,ALICEUSDT,Buy,411,2.280,ZeroMinusTick,3c30bc2a-2c50-5fe4-ba3c-23574c567321,9.3708e+10,411,937.0799999999999
1658120720,ALICEUSDT,Buy,109.7,2.280,ZeroMinusTick,4f131aef-7970-52f6-87cf-0cbcb61e0909,2.50116e+10,109.7,250.11599999999999
1658120720,ALICEUSDT,Buy,927.6,2.280,ZeroMinusTick,1bbaab7d-359e-5985-9676-3adbd8dae98b,2.114928e+11,927.6,2114.928
1658120720,ALICEUSDT,Buy,751.8,2.280,ZeroMinusTick,b512da06-9774-510a-9f1c-fdec95e70441,1.7141039999999997e+11,751.8,1714.1039999999998
1658120720,ALICEUSDT,Buy,189.7,2.280,ZeroMinusTick,bbf87eb6-9af6-5a87-8d26-d7945225dcd5,4.32516e+10,189.7,432.51599999999996
1658120796,ALICEUSDT,Sell,68.1,2.275,MinusTick,0476f62b-8f65-5029-a68a-4029bf4c8acb,1.5492749999999998e+10,68.1,154.92749999999998
1658120797,ALICEUSDT,Buy,970.6,2.280,PlusTick,0b3d0233-b966-5243-a6b2-ce4a7964d846,2.2129679999999997e+11,970.6,2212.968
1658120797,ALICEUSDT,Buy,829.4,2.280,ZeroMinusTick,a19105a2-4ba9-5373-aa6c-8d15e22407f1,1.8910319999999997e+11,829.4,1891.0319999999997
1658120835,ALICEUSDT,Buy,44.5,2.280,ZeroMinusTick,35e47dbf-a983-5236-860d-25dd59dde8d5,1.0146e+10,44.5,101.46
1658120835,ALICEUSDT,Buy,124.2,2.280,ZeroMinusTick,ae96d8e2-7fb3-5562-8c52-b6a404d6d655,2.83176e+10,124.2,283.176
1658120835,ALICEUSDT,Buy,29.7,2.280,ZeroMinusTick,dcbdac72-2a05-5693-b1f4-76055996fa99,6.771599999999999e+09,29.7,67.716
1658120835,ALICEUSDT,Buy,78.1,2.280,ZeroMinusTick,8fa542d1-4fb5-5036-b81c-1bb997c60d8c,1.78068e+10,78.1,178.06799999999998
1658120835,ALICEUSDT,Buy,68.1,2.280,ZeroMinusTick,dad486e3-5983-5095-a43c-8c1e15f24093,1.5526799999999998e+10,68.1,155.26799999999997
1658120857,ALICEUSDT,Buy,1,2.285,PlusTick,461a67af-096a-5d19-8a20-b4e591db845e,2.285e+08,1,2.285
1658120862,ALICEUSDT,Sell,238.4,2.280,MinusTick,c8408fdb-112d-598e-94d8-5e3a6d28a867,5.43552e+10,238.4,543.552
1658120867,ALICEUSDT,Buy,62.1,2.280,ZeroMinusTick,cb4e6636-c63b-5787-b132-78a5d8097604,1.41588e+10,62.1,141.588
1658120877,ALICEUSDT,Buy,0.2,2.280,ZeroMinusTick,cb50ccf1-c677-5824-b569-9426a5bcc6a6,4.559999999999999e+07,0.2,0.45599999999999996
1658120877,ALICEUSDT,Buy,4.5,2.280,ZeroMinusTick,59cb1b80-11b3-519c-a746-7eddf122ae7e,1.026e+09,4.5,10.26
1658120877,ALICEUSDT,Buy,23.2,2.280,ZeroMinusTick,0ea76d1b-b5ac-5e25-8dda-fd16c55dc69d,5.289599999999999e+09,23.2,52.895999999999994
1658120877,ALICEUSDT,Buy,8.6,2.280,ZeroMinusTick,36c4491c-947c-59d6-bc68-4f896f242baf,1.9607999999999998e+09,8.6,19.607999999999997
1658120877,ALICEUSDT,Buy,0.3,2.280,ZeroMinusTick,08f7bcb7-a954-5887-90e5-c30abf73e8eb,6.84e+07,0.3,0.6839999999999999
1658120877,ALICEUSDT,Buy,0.1,2.280,ZeroMinusTick,2a4ecfcd-d511-50ee-a4ef-341c13855ec7,2.2799999999999996e+07,0.1,0.22799999999999998
1658120877,ALICEUSDT,Buy,4.9,2.280,ZeroMinusTick,b84b796e-ef62-5ceb-aaca-bc2830dc5c4b,1.1172e+09,4.9,11.172
1658120877,ALICEUSDT,Buy,3,2.280,ZeroMinusTick,4ace258c-0b74-5023-9b59-a97b722db743,6.84e+08,3,6.84
1658120877,ALICEUSDT,Buy,320.1,2.280,ZeroMinusTick,f0bf0054-c3e3-5674-b244-583c45e1dae1,7.29828e+10,320.1,729.828
1658120877,ALICEUSDT,Buy,7,2.280,ZeroMinusTick,944a379a-bc0b-5913-9a0d-65d64889bc76,1.596e+09,7,15.959999999999999
1658120877,ALICEUSDT,Buy,13.2,2.280,ZeroMinusTick,3dd9da94-9a3e-53d9-a3d3-75ba4228ad1b,3.0095999999999995e+09,13.2,30.095999999999997
1658120877,ALICEUSDT,Buy,42,2.280,ZeroMinusTick,3be7a4ca-0ee6-534d-b9ec-b30a2b098511,9.576e+09,42,95.75999999999999
1658120877,ALICEUSDT,Buy,12.3,2.280,ZeroMinusTick,5f3fe6ff-c891-5e93-a31c-f3c69644b983,2.8044e+09,12.3,28.044
1658120877,ALICEUSDT,Buy,0.4,2.280,ZeroMinusTick,7f61bbce-f339-5ba2-b678-17206e618f67,9.119999999999999e+07,0.4,0.9119999999999999
1658120877,ALICEUSDT,Buy,33.5,2.280,ZeroMinusTick,30a03fb4-ec59-5c31-855a-1edb6a7b990e,7.638e+09,33.5,76.38
1658120877,ALICEUSDT,Buy,10.3,2.280,ZeroMinusTick,4eabc241-14c8-56f6-9321-d496b47cc73f,2.3484e+09,10.3,23.483999999999998
1658120877,ALICEUSDT,Buy,157.1,2.280,ZeroMinusTick,982a2579-dfbd-5265-99a2-049f3dbf083b,3.581879999999999e+10,157.1,358.18799999999993
1658120877,ALICEUSDT,Buy,22.9,2.280,ZeroMinusTick,19b2bfe2-aebd-5e28-9ace-5e5f3cc58e83,5.221199999999999e+09,22.9,52.21199999999999
1658120877,ALICEUSDT,Buy,2.6,2.280,ZeroMinusTick,26b80e71-a3cb-57dd-ac62-abd0df883cbc,5.928e+08,2.6,5.928
1658120877,ALICEUSDT,Buy,6.1,2.280,ZeroMinusTick,0ebbd9bf-3f37-5a88-85fa-713a3cac0eba,1.3907999999999998e+09,6.1,13.907999999999998
1658120877,ALICEUSDT,Buy,13.4,2.280,ZeroMinusTick,0a25af7c-430f-5394-b713-4d4dbd52201b,3.0552e+09,13.4,30.552
1658120877,ALICEUSDT,Buy,256.6,2.280,ZeroMinusTick,f514cf5c-6718-5d79-90be-4ff05cd4c957,5.85048e+10,256.6,585.048
1658120877,ALICEUSDT,Buy,9.6,2.280,ZeroMinusTick,9cde35b2-e7d6-57e9-af88-471562f1c09a,2.1888e+09,9.6,21.887999999999998
1658120877,ALICEUSDT,Buy,1.7,2.280,ZeroMinusTick,2b9a5210-316f-58ff-9c82-89e89825fecd,3.8759999999999994e+08,1.7,3.8759999999999994
1658120877,ALICEUSDT,Buy,32.8,2.280,ZeroMinusTick,b7f48b69-003d-5f83-a348-56aebc152e23,7.478399999999999e+09,32.8,74.78399999999999
1658120877,ALICEUSDT,Buy,208.7,2.280,ZeroMinusTick,a99e6fc1-cc77-58d2-b2c6-9f7f7a45bad7,4.758359999999999e+10,208.7,475.83599999999996
1658120877,ALICEUSDT,Buy,0.1,2.280,ZeroMinusTick,6198bd73-c033-5658-ab99-01b493d6cb47,2.2799999999999996e+07,0.1,0.22799999999999998
1658120877,ALICEUSDT,Buy,1.3,2.280,ZeroMinusTick,7d90b1bc-dd80-5cd1-984d-b7109ba23c2b,2.964e+08,1.3,2.964
1658120877,ALICEUSDT,Buy,0.3,2.280,ZeroMinusTick,2711579b-371c-5524-b263-d1d7e9e0daf6,6.84e+07,0.3,0.6839999999999999
1658120877,ALICEUSDT,Buy,1.2,2.280,ZeroMinusTick,eb84d8e0-fd46-5188-a9a5-55ca837e9bd9,2.736e+08,1.2,2.7359999999999998
1658120877,ALICEUSDT,Buy,2.7,2.280,ZeroMinusTick,43afde79-9612-55fd-b31d-0ee0bc19e6da,6.156e+08,2.7,6.156
1658120877,ALICEUSDT,Buy,10.3,2.280,ZeroMinusTick,cc6843c6-a794-5e09-8cf0-5a7d3cd8ee81,2.3484e+09,10.3,23.483999999999998
1658120877,ALICEUSDT,Buy,8.2,2.280,ZeroMinusTick,189ebc7f-e039-5175-875a-613a7b8b74e4,1.8695999999999998e+09,8.2,18.695999999999998
1658120877,ALICEUSDT,Buy,8.3,2.280,ZeroMinusTick,dd7d593c-b209-51ed-9030-38dc93c2227f,1.8924e+09,8.3,18.924
1658120877,ALICEUSDT,Buy,0.2,2.280,ZeroMinusTick,e94b1454-5360-5130-affe-7108760cdc02,4.559999999999999e+07,0.2,0.45599999999999996
1658120877,ALICEUSDT,Buy,5.5,2.280,ZeroMinusTick,151706c7-8328-51f3-bc82-720c6c16eae8,1.254e+09,5.5,12.54
1658120877,ALICEUSDT,Buy,5.3,2.280,ZeroMinusTick,39d52d9e-13bf-5c4e-9785-d4d60fa6f238,1.2083999999999998e+09,5.3,12.083999999999998
1658120877,ALICEUSDT,Buy,16.6,2.280,ZeroMinusTick,78a5a5a7-9ff2-50ab-87eb-5852046663f1,3.7848e+09,16.6,37.848
1658120877,ALICEUSDT,Buy,0.9,2.280,ZeroMinusTick,63d0c62b-8933-58ba-addb-6461459a4d6f,2.052e+08,0.9,2.052
1658120877,ALICEUSDT,Buy,19,2.280,ZeroMinusTick,15eef9de-0f9b-5ec6-b4fe-be0763d5cc7f,4.331999999999999e+09,19,43.31999999999999
1658120877,ALICEUSDT,Buy,6.4,2.280,ZeroMinusTick,66e8119d-7a20-5cab-9660-aca008fd2991,1.4591999999999998e+09,6.4,14.591999999999999
1658120877,ALICEUSDT,Buy,15.4,2.280,ZeroMinusTick,116c265c-022a-50dc-bf39-64025911353b,3.5111999999999995e+09,15.4,35.111999999999995
1658120877,ALICEUSDT,Buy,3.4,2.280,ZeroMinusTick,27eed03c-9a05-5356-9b70-93d9dc50817c,7.751999999999999e+08,3.4,7.751999999999999
1658120877,ALICEUSDT,Buy,37.7,2.280,ZeroMinusTick,da27da06-347b-5a0b-b8c3-367a401c6c67,8.5956e+09,37.7,85.956
1658120877,ALICEUSDT,Buy,7.4,2.280,ZeroMinusTick,0b4f0f3e-26f2-5c0d-ac29-fabe4e23c050,1.6872e+09,7.4,16.872
1658120877,ALICEUSDT,Buy,44.1,2.280,ZeroMinusTick,a1864044-00cd-5265-be6a-b28c1b14d919,1.0054799999999998e+10,44.1,100.54799999999999
1658120877,ALICEUSDT,Buy,44.1,2.280,ZeroMinusTick,4dc8f63e-46e2-5039-ad33-3f16c6b73404,1.0054799999999998e+10,44.1,100.54799999999999
1658120877,ALICEUSDT,Buy,0.2,2.280,ZeroMinusTick,18807799-b307-5c60-a489-1af98f2ac60f,4.559999999999999e+07,0.2,0.45599999999999996
1658120877,ALICEUSDT,Buy,8,2.280,ZeroMinusTick,067f865b-964a-53f4-b39e-b18d5aa31c9d,1.8239999999999998e+09,8,18.24
1658120877,ALICEUSDT,Buy,8,2.280,ZeroMinusTick,7194b91f-b139-59c8-a79f-81fde16266c3,1.8239999999999998e+09,8,18.24
1658120877,ALICEUSDT,Buy,9.1,2.280,ZeroMinusTick,8082287c-98be-5e9a-8922-841a4e6bf976,2.0747999999999998e+09,9.1,20.747999999999998
1658120877,ALICEUSDT,Buy,0.2,2.280,ZeroMinusTick,1bd0cd36-9b1f-5e59-98e0-802736b31f57,4.559999999999999e+07,0.2,0.45599999999999996
1658120877,ALICEUSDT,Buy,1.4,2.280,ZeroMinusTick,65325af9-271c-5902-9ab8-3668de4e1833,3.192e+08,1.4,3.1919999999999997
1658120877,ALICEUSDT,Buy,1.5,2.280,ZeroMinusTick,eb843a76-667f-5458-8906-a821b74ec0c2,3.42e+08,1.5,3.42
1658120877,ALICEUSDT,Buy,44.1,2.280,ZeroMinusTick,6c004708-fac1-57d2-9026-a3e34d16a244,1.0054799999999998e+10,44.1,100.54799999999999
1658120877,ALICEUSDT,Buy,0.4,2.280,ZeroMinusTick,2f47353f-b9cd-5847-b11f-a4d50a9e5ed6,9.119999999999999e+07,0.4,0.9119999999999999
1658120877,ALICEUSDT,Buy,1.1,2.280,ZeroMinusTick,1149ef4a-e2f2-5cf9-beb5-f7200955a6b1,2.508e+08,1.1,2.508
1658120877,ALICEUSDT,Buy,3.9,2.280,ZeroMinusTick,0673bee1-89f6-502c-bddf-d50196eb5ae4,8.892e+08,3.9,8.892
1658120877,ALICEUSDT,Buy,0.4,2.280,ZeroMinusTick,e15b4307-523b-53cf-9a7e-7829545b489d,9.119999999999999e+07,0.4,0.9119999999999999
1658120877,ALICEUSDT,Buy,0.2,2.280,ZeroMinusTick,03b6d0f3-f5b6-5b5d-81f1-f47eb11862e3,4.559999999999999e+07,0.2,0.45599999999999996
1658120877,ALICEUSDT,Buy,7.8,2.280,ZeroMinusTick,e8d5e30c-373b-59d5-9886-3a7c0932e9b0,1.7784e+09,7.8,17.784
1658120905,ALICEUSDT,Buy,2.8,2.285,PlusTick,e75bee4a-f63d-5c1c-854b-95032be71022,6.398e+08,2.8,6.398
1658120905,ALICEUSDT,Buy,100,2.285,ZeroMinusTick,9037077a-f61d-5270-89d4-35f92994f034,2.285e+10,100,228.5
1658120945,ALICEUSDT,Sell,65.3,2.285,ZeroMinusTick,dffc5fdf-d663-5dce-9830-24c675c49975,1.492105e+10,65.3,149.2105
1658120945,ALICEUSDT,Sell,86.1,2.285,ZeroMinusTick,e96c39be-1b55-5da4-a49f-6d04b4b8c69d,1.967385e+10,86.1,196.7385
1658120945,ALICEUSDT,Sell,111,2.285,ZeroMinusTick,69404047-3562-5f01-acf1-d0e77a6f3671,2.5363500000000004e+10,111,253.63500000000002
1658120945,ALICEUSDT,Sell,101.9,2.285,ZeroMinusTick,884dfab9-9cfc-530d-8029-9aa831e5ed17,2.3284150000000004e+10,101.9,232.84150000000002
1658120945,ALICEUSDT,Sell,130.6,2.285,ZeroMinusTick,d4294001-10fa-58a5-b735-9191ba282086,2.98421e+10,130.6,298.421
1658120960,ALICEUSDT,Buy,460.5,2.285,ZeroMinusTick,a19e367e-0ef4-54f9-9674-dbb1a13e8802,1.0522425e+11,460.5,1052.2425
1658120977,ALICEUSDT,Buy,4,2.290,PlusTick,3bd4ed99-eb2c-58a9-bead-cd42fea93631,9.16e+08,4,9.16
1658120977,ALICEUSDT,Buy,20.9,2.290,ZeroMinusTick,e8aa3710-6d80-5dd9-acb6-c2e31bd7a3c7,4.7861e+09,20.9,47.861
1658120977,ALICEUSDT,Buy,4.3,2.290,ZeroMinusTick,03de48f3-8c1e-582a-9714-129e9a645f13,9.847e+08,4.3,9.847
1658120977,ALICEUSDT,Buy,0.6,2.290,ZeroMinusTick,8706eb29-0cbc-5eec-9e4d-15f5e73f183f,1.374e+08,0.6,1.3739999999999999
1658120977,ALICEUSDT,Buy,6.4,2.290,ZeroMinusTick,a0ec1c11-3fa6-5b89-bf9e-c1432ab5b21f,1.4656e+09,6.4,14.656
1658120977,ALICEUSDT,Buy,0.1,2.290,ZeroMinusTick,b273c06b-1c87-5970-9813-d3db0d4bbcfc,2.29e+07,0.1,0.229
1658120977,ALICEUSDT,Buy,3,2.290,ZeroMinusTick,a69d8455-9c34-532b-aabe-447df183a74d,6.87e+08,3,6.87
1658120977,ALICEUSDT,Buy,10,2.290,ZeroMinusTick,8e52f734-adb2-5755-b6be-9dc0aa911149,2.29e+09,10,22.9
1658120977,ALICEUSDT,Buy,885.9,2.290,ZeroMinusTick,152e4e89-c9e2-57ca-8fc5-098272173acb,2.028711e+11,885.9,2028.711
1658120977,ALICEUSDT,Buy,454.3,2.290,ZeroMinusTick,4cd41a79-1c1d-5649-ae92-68650dae885d,1.040347e+11,454.3,1040.347
1658120997,ALICEUSDT,Buy,1.4,2.290,ZeroMinusTick,98f24cda-b6bb-5f68-aac4-18171efb5377,3.206e+08,1.4,3.206
1658121027,ALICEUSDT,Sell,324.7,2.285,MinusTick,e91fd3b8-e0a3-52ad-a762-e0f8260a7cd4,7.419395e+10,324.7,741.9395000000001
1658121027,ALICEUSDT,Sell,1.9,2.285,ZeroMinusTick,720b8e9c-624f-5cfb-943c-7523bdda0e47,4.3415e+08,1.9,4.3415
1658121027,ALICEUSDT,Sell,6.7,2.285,ZeroMinusTick,5b66393d-7410-5b33-bd97-5e682ce32741,1.5309500000000002e+09,6.7,15.309500000000002
