timestamp,symbol,side,size,price,tickDirection,trdMatchID,grossValue,homeNotional,foreignNotional
1658188813,ALICEUSDT,Sell,36.9,2.360,MinusTick,6b549df1-313c-55e1-aee2-c5580b73bf6d,8.708399999999998e+09,36.9,87.08399999999999
1658188813,ALICEUSDT,Sell,1,2.360,ZeroMinusTick,de709cf7-f812-58c7-9e0e-52901241af38,2.36e+08,1,2.36
1658188813,ALICEUSDT,Sell,0.8,2.360,ZeroMinusTick,1bbc2da9-838b-5dc5-9950-843869caf047,1.888e+08,0.8,1.888
1658188816,ALICEUSDT,Buy,20,2.365,PlusTick,fb5f5868-47ec-503b-a3d4-88ca3eaf4077,4.73e+09,20,47.300000000000004
1658188827,ALICEUSDT,Buy,41.9,2.365,ZeroMinusTick,08bca8a2-a51b-5155-b874-4ae7ffc481a6,9.90935e+09,41.9,99.0935
1658188827,ALICEUSDT,Buy,110.2,2.370,PlusTick,d1dfea83-66f4-51bd-b8fa-9290de41f1db,2.6117400000000004e+10,110.2,261.17400000000004
1658188834,ALICEUSDT,Sell,248.4,2.365,MinusTick,4cc28bf3-f569-577c-b23f-bd48d815e5ab,5.8746600000000015e+10,248.4,587.4660000000001
1658188834,ALICEUSDT,Sell,1001.6,2.365,ZeroMinusTick,0f5c7b5e-10c5-5bc0-a301-9368fb0383a8,2.368784e+11,1001.6,2368.784
1658188834,ALICEUSDT,Sell,165,2.365,ZeroMinusTick,50029907-229c-5bd4-94e2-9bb2c1983b91,3.90225e+10,165,390.225
1658188834,ALICEUSDT,Sell,458.2,2.365,ZeroMinusTick,16c5f376-e6f0-523c-a41c-c485819aa508,1.083643e+11,458.2,1083.643
1658188834,ALICEUSDT,Sell,218.8,2.365,ZeroMinusTick,6d590e44-4cc3-5491-a8e6-890e3c203eb2,5.174620000000001e+10,218.8,517.4620000000001
1658188834,ALICEUSDT,Sell,102.4,2.365,ZeroMinusTick,f30c91ca-127e-5e21-a872-74ec6aea782f,2.4217600000000004e+10,102.4,242.17600000000004
1658188834,ALICEUSDT,Sell,562.1,2.365,ZeroMinusTick,d737ddb8-e698-5dbe-b1cf-43d2a4fe0b1c,1.3293665000000002e+11,562.1,1329.3665
1658188834,ALICEUSDT,Sell,29.7,2.365,ZeroMinusTick,47e434be-52b8-52ea-aa67-343e7e8dd69a,7.024050000000001e+09,29.7,70.24050000000001
1658188834,ALICEUSDT,Sell,144.8,2.360,MinusTick,1c2d9ee7-f481-51c4-a0c6-a40e69dfa50e,3.41728e+10,144.8,341.728
1658188834,ALICEUSDT,Sell,25.3,2.360,ZeroMinusTick,4acf605d-bfe4-501c-9d18-871771dacb1d,5.9708e+09,25.3,59.708
1658188834,ALICEUSDT,Sell,3.2,2.360,ZeroMinusTick,04c3364b-25b8-57bb-8c7d-31f80137e649,7.552e+08,3.2,7.552
1658188834,ALICEUSDT,Sell,18,2.360,ZeroMinusTick,71ee2340-7acf-5b45-8d3a-4957e5fd5a7a,4.2479999999999995e+09,18,42.48
1658188840,ALICEUSDT,Buy,1.6,2.365,PlusTick,0524cc9f-03f6-5e63-b0ab-228bb16c90d8,3.7840000000000006e+08,1.6,3.7840000000000007
1658188859,ALICEUSDT,Sell,87.5,2.360,MinusTick,1cd40287-9531-534a-98c1-fffa11f97496,2.065e+10,87.5,206.5
1658188859,ALICEUSDT,Sell,0.1,2.360,ZeroMinusTick,63717e00-7c37-5abd-93e1-c54c48bbf2c9,2.36e+07,0.1,0.236
1658188859,ALICEUSDT,Sell,238.4,2.360,ZeroMinusTick,962e7abb-2e31-5341-8c53-3802300fec73,5.62624e+10,238.4,562.624
1658188871,ALICEUSDT,Sell,238.4,2.355,MinusTick,c4682885-df33-5539-8ea3-ebf998b20257,5.61432e+10,238.4,561.432
1658188871,ALICEUSDT,Sell,861.7,2.355,ZeroMinusTick,ec032093-ab7b-5889-ace5-950afcb83329,2.0293035e+11,861.7,2029.3035
1658188871,ALICEUSDT,Sell,83.9,2.355,ZeroMinusTick,165aa58e-8224-5cb1-af55-7ff12ad454e1,1.9758450000000004e+10,83.9,197.58450000000002
1658188871,ALICEUSDT,Sell,961.6,2.355,ZeroMinusTick,0c939eb3-4cb1-546e-8079-a8f1dfe6a780,2.2645680000000003e+11,961.6,2264.568
1658188871,ALICEUSDT,Sell,1250,2.355,ZeroMinusTick,2195ac55-5d2b-519a-9557-f571291c5abc,2.94375e+11,1250,2943.75
1658188871,ALICEUSDT,Sell,528.4,2.355,ZeroMinusTick,1d836092-8e93-5761-9808-9745ac98993a,1.2443819999999998e+11,528.4,1244.3819999999998
1658188871,ALICEUSDT,Sell,124.4,2.355,ZeroMinusTick,d4f166af-92d8-5a64-8a0f-fc8e21c07d7f,2.92962e+10,124.4,292.962
1658188871,ALICEUSDT,Sell,59.5,2.355,ZeroMinusTick,836c6e42-50e4-5501-b4c9-88b3954fddbe,1.401225e+10,59.5,140.1225
1658188876,ALICEUSDT,Sell,28.4,2.350,MinusTick,aafb4f3d-1507-5664-b203-c03f213d4003,6.673999999999999e+09,28.4,66.74
1658188876,ALICEUSDT,Sell,106.2,2.350,ZeroMinusTick,5e0bd87c-2d28-5089-a777-459f863aa91a,2.4957000000000004e+10,106.2,249.57000000000002
1658188876,ALICEUSDT,Sell,975.2,2.350,ZeroMinusTick,1cf2478b-7fa8-515e-aeea-c07447b794af,2.2917200000000003e+11,975.2,2291.7200000000003
1658188881,ALICEUSDT,Sell,13.5,2.345,MinusTick,c84a9a53-30f3-5b48-872f-05d478d24866,3.1657500000000005e+09,13.5,31.657500000000002
1658188881,ALICEUSDT,Sell,202,2.345,ZeroMinusTick,da44e6a3-387d-50a1-89a1-e886130f1d23,4.736900000000001e+10,202,473.69000000000005
1658188881,ALICEUSDT,Sell,96.4,2.345,ZeroMinusTick,cff1feab-c790-5586-8058-063c056be091,2.2605800000000004e+10,96.4,226.05800000000002
1658188881,ALICEUSDT,Sell,66.3,2.345,ZeroMinusTick,370c4fdf-cdbb-5b86-b631-bcc603e2677a,1.554735e+10,66.3,155.4735
1658188881,ALICEUSDT,Sell,2,2.345,ZeroMinusTick,c6a6bd71-3f64-5fc5-943c-74ddef677015,4.6900000000000006e+08,2,4.69
1658188881,ALICEUSDT,Sell,1.9,2.345,ZeroMinusTick,8861bc47-9288-5d92-b8a0-1f1adb86a5bc,4.4555e+08,1.9,4.4555
1658188881,ALICEUSDT,Sell,4.5,2.345,ZeroMinusTick,3ee67768-003a-5b2a-beee-82cd896c5ac8,1.05525e+09,4.5,10.5525
1658188881,ALICEUSDT,Sell,559.1,2.345,ZeroMinusTick,c8abcbcd-2c33-5b9f-91db-e980505855b3,1.3110895000000003e+11,559.1,1311.0895000000003
1658188881,ALICEUSDT,Buy,916.3,2.345,ZeroMinusTick,1aab363a-2d16-599f-8ae5-f606645ecae5,2.1487235e+11,916.3,2148.7235
1658188900,ALICEUSDT,Sell,62.1,2.345,ZeroMinusTick,1bfae63e-813d-51da-b87a-3303bce1eb20,1.4562450000000002e+10,62.1,145.6245
1658188900,ALICEUSDT,Sell,55.4,2.345,ZeroMinusTick,e3c1d281-91e1-5988-bcf8-350ce1bbd043,1.2991300000000002e+10,55.4,129.913
1658188900,ALICEUSDT,Sell,23.7,2.345,ZeroMinusTick,17dca5e4-d4c5-56d7-81d4-f3ef36b14f2b,5.55765e+09,23.7,55.5765
1658188900,ALICEUSDT,Sell,2.8,2.345,ZeroMinusTick,9db519b9-ae0c-5479-8776-b0b02716a707,6.566e+08,2.8,6.566
1658188900,ALICEUSDT,Sell,0.1,2.345,ZeroMinusTick,0d2bca56-ce33-5ca1-8372-5d1e6fbbdc45,2.3450000000000004e+07,0.1,0.23450000000000004
1658188921,ALICEUSDT,Sell,4.5,2.340,MinusTick,187e7cbc-cae9-5343-b93a-b794562513cd,1.0529999999999999e+09,4.5,10.53
1658188926,ALICEUSDT,Buy,41.9,2.345,PlusTick,d5cc1c13-7787-51fb-9773-1a799af219c5,9.82555e+09,41.9,98.2555
1658188933,ALICEUSDT,Buy,41.9,2.350,PlusTick,9b30928d-bcb1-5291-95a4-bc44c91bd414,9.8465e+09,41.9,98.465
1658188960,ALICEUSDT,Sell,42,2.350,ZeroMinusTick,d200ee8b-227a-5fab-9c18-85d5649a2164,9.87e+09,42,98.7
1658188973,ALICEUSDT,Sell,1250,2.350,ZeroMinusTick,4ec61305-e019-5897-abab-9ffe7f684ace,2.9375e+11,1250,2937.5
1658189010,ALICEUSDT,Buy,0.2,2.350,ZeroMinusTick,9360f7a0-13c3-5af8-8fd0-e4e0764259fe,4.7e+07,0.2,0.47000000000000003
1658189011,ALICEUSDT,Sell,210,2.345,MinusTick,f53f502e-2826-577a-b81f-fed03f39e87f,4.924500000000001e+10,210,492.45000000000005
1658189033,ALICEUSDT,Buy,238.4,2.355,PlusTick,176fd48f-15c1-51ab-bce0-bdc87ff32ad4,5.61432e+10,238.4,561.432
1658189033,ALICEUSDT,Buy,41.9,2.355,ZeroMinusTick,9b256451-c1dc-5584-8280-e18ba1322920,9.86745e+09,41.9,98.6745
1658189041,ALICEUSDT,Buy,36.9,2.355,ZeroMinusTick,12d9846d-4580-5d4a-8093-5a0801e523c8,8.689949999999998e+09,36.9,86.89949999999999
1658189058,ALICEUSDT,Buy,238.4,2.355,ZeroMinusTick,50cfcc4d-ceed-5373-8265-2b9bdd049603,5.61432e+10,238.4,561.432
1658189079,ALICEUSDT,Sell,1082.3,2.360,PlusTick,b8dd975f-b800-5cce-89a9-4afb87aec67e,2.5542279999999997e+11,1082.3,2554.2279999999996
1658189079,ALICEUSDT,Sell,167.7,2.360,ZeroMinusTick,6273799a-e11d-5363-b487-03eb1c873b69,3.957719999999999e+10,167.7,395.77199999999993
1658189079,ALICEUSDT,Sell,211.6,2.360,ZeroMinusTick,7835f81e-5a21-51a5-8f03-31ac5a0f758c,4.99376e+10,211.6,499.376
1658189079,ALICEUSDT,Sell,986.1,2.360,ZeroMinusTick,93b678a1-9a64-5b11-82d4-aa8e0e6ea55b,2.327196e+11,986.1,2327.196
1658189079,ALICEUSDT,Sell,997.2,2.360,ZeroMinusTick,71ca96ad-8131-5b17-af1b-d652fa56248b,2.3533919999999997e+11,997.2,2353.392
1658189091,ALICEUSDT,Buy,66.7,2.365,PlusTick,4209185f-efa6-58ec-b0b5-d0d670670e38,1.5774550000000002e+10,66.7,157.74550000000002
1658189091,ALICEUSDT,Buy,763.7,2.365,ZeroMinusTick,fb1292ac-4efe-5624-b810-6ded5ede4a33,1.8061505000000003e+11,763.7,1806.1505000000002
1658189100,ALICEUSDT,Sell,66.7,2.365,ZeroMinusTick,bb92dfa8-f5aa-532d-bbf3-b7528d1959dd,1.5774550000000002e+10,66.7,157.74550000000002
1658189114,ALICEUSDT,Buy,238.4,2.365,ZeroMinusTick,cc6cc212-0e92-55ce-a352-ea98a8faf767,5.63816e+10,238.4,563.816
1658189114,ALICEUSDT,Buy,238.4,2.365,ZeroMinusTick,ed4f57cb-2f88-508b-b8d6-845e4f8f5ac7,5.63816e+10,238.4,563.816
1658189139,ALICEUSDT,Buy,753.5,2.375,PlusTick,91560087-67ed-5b85-bf03-90075d9b1039,1.7895625e+11,753.5,1789.5625
1658189139,ALICEUSDT,Buy,139.2,2.375,ZeroMinusTick,e36cd8fc-9552-5429-84e1-95a51c38674e,3.3059999999999996e+10,139.2,330.59999999999997
1658189144,ALICEUSDT,Sell,1250,2.370,MinusTick,9b3b7fb2-9c62-5d3a-9369-257a0e3145fb,2.9625e+11,1250,2962.5
1658189144,ALICEUSDT,Sell,866.4,2.370,ZeroMinusTick,2a953e5e-66e8-5ea1-8516-8519b590220d,2.053368e+11,866.4,2053.368
1658189144,ALICEUSDT,Sell,238.4,2.370,ZeroMinusTick,c99b26a5-23db-5d3b-8397-3b0e0c473948,5.650080000000001e+10,238.4,565.008
1658189144,ALICEUSDT,Sell,968.6,2.370,ZeroMinusTick,3d6199eb-bf57-516b-99ae-bf7b7a977652,2.2955820000000003e+11,968.6,2295.5820000000003
1658189144,ALICEUSDT,Sell,83.9,2.370,ZeroMinusTick,1f73fc01-8608-5f16-8544-a9ff8010c55d,1.98843e+10,83.9,198.84300000000002
1658189144,ALICEUSDT,Sell,41.9,2.370,ZeroMinusTick,e3c796fa-0608-597e-b49b-f9942cd0947c,9.9303e+09,41.9,99.303
1658189173,ALICEUSDT,Sell,238.4,2.365,MinusTick,99afe29c-016f-5b0f-95a3-26f8492de66a,5.63816e+10,238.4,563.816
1658189173,ALICEUSDT,Sell,781.1,2.365,ZeroMinusTick,646846de-fbd7-5297-8f6c-2044a562412c,1.8473015000000003e+11,781.1,1847.3015000000003
1658189173,ALICEUSDT,Sell,1250,2.365,ZeroMinusTick,b224a7e6-8155-5126-a1aa-3552564fb481,2.9562500000000006e+11,1250,2956.2500000000005
1658189173,ALICEUSDT,Sell,337.8,2.365,ZeroMinusTick,258a7c2c-45ae-56a1-9069-4ce0b54ed092,7.98897e+10,337.8,798.897
1658189173,ALICEUSDT,Sell,821.8,2.365,ZeroMinusTick,2b68dcf2-1407-58b6-811d-411847fb5f22,1.943557e+11,821.8,1943.557
1658189173,ALICEUSDT,Sell,83.9,2.365,ZeroMinusTick,11e34801-b33c-5906-a291-f6e49bb40487,1.984235e+10,83.9,198.42350000000002
1658189173,ALICEUSDT,Sell,41.9,2.365,ZeroMinusTick,6f6fff9a-4e73-50d4-9517-40e276c15444,9.90935e+09,41.9,99.0935
1658189177,ALICEUSDT,Buy,854.6,2.365,ZeroMinusTick,a5d8e5bb-810e-579a-b3a0-0d77faacdbd1,2.021129e+11,854.6,2021.1290000000001
1658189177,ALICEUSDT,Buy,238.4,2.365,ZeroMinusTick,83a81be2-7415-5c17-a103-306f3c483461,5.63816e+10,238.4,563.816
1658189177,ALICEUSDT,Buy,249.4,2.365,ZeroMinusTick,a23d63dc-35db-5f31-a0a3-43c4146dfc99,5.89831e+10,249.4,589.831
1658189177,ALICEUSDT,Buy,633.8,2.365,ZeroMinusTick,68ade269-3bcc-5aab-a435-51f84bfec144,1.498937e+11,633.8,1498.9370000000001
1658189179,ALICEUSDT,Buy,0.1,2.365,ZeroMinusTick,4cd354f5-eb12-5f7f-80ac-f1bbe63eea9a,2.3650000000000004e+07,0.1,0.23650000000000004
1658189179,ALICEUSDT,Buy,238.3,2.365,ZeroMinusTick,baadab8c-433f-58de-b0d9-c1d01176a28b,5.635795000000001e+10,238.3,563.5795
1658189179,ALICEUSDT,Buy,0.1,2.370,PlusTick,735f7cb6-0811-5e5a-a991-58b127fbfc5f,2.37e+07,0.1,0.23700000000000002
1658189179,ALICEUSDT,Buy,238.3,2.370,ZeroMinusTick,d514c591-536e-55bb-8e27-76bd03561ebd,5.647710000000001e+10,238.3,564.7710000000001
1658189179,ALICEUSDT,Buy,0.1,2.370,ZeroMinusTick,f668db69-bdc9-5ab3-b4ea-2d0f79d9fd04,2.37e+07,0.1,0.23700000000000002
1658189180,ALICEUSDT,Sell,0.7,2.365,MinusTick,bdeca1f7-e53e-5598-831e-d8f2cca58940,1.6555e+08,0.7,1.6555
1658189215,ALICEUSDT,Buy,41.9,2.370,PlusTick,37a132e4-d366-50a9-90c7-77bb0e9de2cd,9.9303e+09,41.9,99.303
1658189234,ALICEUSDT,Sell,238.4,2.370,ZeroMinusTick,f4594a91-2d57-501d-a73a-16134e5278b1,5.650080000000001e+10,238.4,565.008
1658189234,ALICEUSDT,Sell,41.9,2.370,ZeroMinusTick,3b4974ec-7326-55f5-bf1d-9cfc70cd6d40,9.9303e+09,41.9,99.303
1658189234,ALICEUSDT,Sell,83.9,2.370,ZeroMinusTick,698b2472-f95a-533a-af95-2d805db77867,1.98843e+10,83.9,198.84300000000002
1658189237,ALICEUSDT,Buy,873.4,2.370,ZeroMinusTick,00ec630d-c6c3-5e74-b036-3429519f3ea7,2.069958e+11,873.4,2069.958
1658189307,ALICEUSDT,Buy,424.7,2.375,PlusTick,c44aaffb-9eed-5e17-bac8-3803f1fe9bde,1.0086625e+11,424.7,1008.6625
1658189308,ALICEUSDT,Buy,176.4,2.375,ZeroMinusTick,aa7c3add-7227-5b2b-96b5-355951e5cdb3,4.1895e+10,176.4,418.95
1658189308,ALICEUSDT,Buy,242.8,2.375,ZeroMinusTick,2be44a96-1a61-5890-b15a-a6b5cbe046ea,5.7665e+10,242.8,576.65
1658189308,ALICEUSDT,Buy,104.2,2.375,ZeroMinusTick,a1a88e12-191a-517b-b360-fc4b3af66479,2.47475e+10,104.2,247.475
1658189316,ALICEUSDT,Buy,466.8,2.375,ZeroMinusTick,ee44f315-ae68-56a2-9b30-87cdeb93e602,1.1086500000000002e+11,466.8,1108.65
1658189316,ALICEUSDT,Buy,533.8,2.375,ZeroMinusTick,acc20cb7-6c93-5ac6-a393-ce6462fb5beb,1.2677749999999998e+11,533.8,1267.7749999999999
1658189320,ALICEUSDT,Sell,0.1,2.375,ZeroMinusTick,575ed719-ba70-5229-8b2a-e0c4a4faf4ef,2.375e+07,0.1,0.23750000000000002
1658189324,ALICEUSDT,Buy,780.4,2.380,PlusTick,89debed5-194c-515f-9e48-974a43dd457f,1.857352e+11,780.4,1857.3519999999999
1658189329,ALICEUSDT,Buy,3.3,2.385,PlusTick,4ec361ba-bcc1-5ac6-aad1-25dbfe44808c,7.870499999999999e+08,3.3,7.870499999999999
1658189329,ALICEUSDT,Buy,41.9,2.385,ZeroMinusTick,315e1f7d-3849-56ab-b408-9de30ffd24c5,9.993149999999998e+09,41.9,99.93149999999999
1658189344,ALICEUSDT,Buy,0.1,2.395,PlusTick,2fe5f109-ec5a-5dfc-a8d1-092de0b344e0,2.395e+07,0.1,0.23950000000000002
1658189344,ALICEUSDT,Buy,702.8,2.395,ZeroMinusTick,644cee84-4702-5cc7-80bc-37cac9b9d464,1.683206e+11,702.8,1683.206
1658189344,ALICEUSDT,Buy,83.5,2.395,ZeroMinusTick,456c1834-55d5-57fd-96b3-6217d18c1b9f,1.999825e+10,83.5,199.9825
1658189344,ALICEUSDT,Buy,771.1,2.395,ZeroMinusTick,190ce789-deef-50f6-8dd4-81df0645d771,1.8467845e+11,771.1,1846.7845
1658189344,ALICEUSDT,Buy,165,2.395,ZeroMinusTick,bd679e41-f9a8-5360-a475-b21d2096826b,3.95175e+10,165,395.175
1658189344,ALICEUSDT,Buy,41.9,2.395,ZeroMinusTick,b55adff3-a8ea-5d04-b5a8-bfce1e5b4584,1.003505e+10,41.9,100.3505
1658189344,ALICEUSDT,Buy,334.6,2.395,ZeroMinusTick,05740065-7db2-520f-afb4-7e1be3464279,8.01367e+10,334.6,801.3670000000001
1658189344,ALICEUSDT,Buy,38.8,2.395,ZeroMinusTick,91d9340d-7a87-548a-984d-45a456ee7926,9.292599999999998e+09,38.8,92.92599999999999
1658189345,ALICEUSDT,Buy,0.1,2.395,ZeroMinusTick,b5968145-211b-586d-816d-25061a366ac3,2.395e+07,0.1,0.23950000000000002
1658189346,ALICEUSDT,Sell,1018.3,2.395,ZeroMinusTick,62b93bca-ef5e-5df9-9f32-aac8cd38d35f,2.4388285e+11,1018.3,2438.8285
1658189346,ALICEUSDT,Sell,1250,2.395,ZeroMinusTick,37153733-b426-5537-b266-21496249cf89,2.99375e+11,1250,2993.75
1658189346,ALICEUSDT,Sell,83.9,2.395,ZeroMinusTick,f0b1a138-790f-5ce5-b694-b57399d15ce2,2.009405e+10,83.9,200.94050000000001
1658189346,ALICEUSDT,Sell,23.1,2.395,ZeroMinusTick,12abb55a-4e97-5fdc-a940-13266931617f,5.53245e+09,23.1,55.3245
1658189354,ALICEUSDT,Sell,88.6,2.395,ZeroMinusTick,38a2e732-2fcf-5d7b-8074-99105af0a67b,2.1219699999999996e+10,88.6,212.19699999999997
1658189355,ALICEUSDT,Sell,83.9,2.390,MinusTick,9eb9ed97-9d38-5add-99fe-117a3b52f309,2.00521e+10,83.9,200.52100000000002
1658189355,ALICEUSDT,Sell,41.9,2.390,ZeroMinusTick,a3d3010f-c5ed-5e7e-ac36-f28716265ed7,1.00141e+10,41.9,100.141
1658189355,ALICEUSDT,Sell,46.7,2.390,ZeroMinusTick,e7c563a9-e893-5a6f-be60-a846a16775f7,1.1161300000000002e+10,46.7,111.61300000000001
1658189355,ALICEUSDT,Sell,1250,2.390,ZeroMinusTick,f149ed70-58aa-5258-af9e-1978c71925db,2.9875e+11,1250,2987.5
1658189365,ALICEUSDT,Sell,104.5,2.390,ZeroMinusTick,b19c9abe-b4cd-5f70-b5f1-187d6a088aa7,2.4975500000000004e+10,104.5,249.75500000000002
1658189365,ALICEUSDT,Sell,47.4,2.390,ZeroMinusTick,d8ca4777-c966-588e-a0df-a7f8f155f027,1.13286e+10,47.4,113.286
1658189365,ALICEUSDT,Sell,108.8,2.390,ZeroMinusTick,49106429-ba3c-5288-8547-37960ece65f5,2.60032e+10,108.8,260.032
1658189365,ALICEUSDT,Sell,53.7,2.390,ZeroMinusTick,062830db-5ffb-5282-a1ce-058ea39a03a7,1.2834300000000002e+10,53.7,128.34300000000002
1658189380,ALICEUSDT,Sell,22.9,2.390,ZeroMinusTick,1f2e3cfa-4683-5e5a-a93f-db097e75c722,5.4731e+09,22.9,54.731
1658189380,ALICEUSDT,Sell,47.8,2.390,ZeroMinusTick,190a5a9c-0654-5854-af6d-fff970290b8c,1.14242e+10,47.8,114.242
1658189380,ALICEUSDT,Sell,120.1,2.390,ZeroMinusTick,f9fe2b9a-11e1-590c-96f1-4ffd00a589d1,2.87039e+10,120.1,287.039
1658189390,ALICEUSDT,Buy,9.9,2.400,PlusTick,c0604a98-1ab4-5ace-a16e-8a367e5fb494,2.376e+09,9.9,23.76
1658189390,ALICEUSDT,Buy,30.8,2.400,ZeroMinusTick,8b90ac4f-aac6-56a2-9fc8-8beb7bcf288e,7.392e+09,30.8,73.92
1658189390,ALICEUSDT,Buy,0.1,2.400,ZeroMinusTick,74f95d86-ba34-5012-a265-1e76fc6d26d1,2.4e+07,0.1,0.24
1658189390,ALICEUSDT,Buy,3,2.400,ZeroMinusTick,87e9e8c4-3637-570d-a2a8-df26ae56e1d4,7.199999999999999e+08,3,7.199999999999999
1658189390,ALICEUSDT,Buy,5,2.400,ZeroMinusTick,10957076-174e-5bdf-905c-7c0dadc2a257,1.2e+09,5,12
1658189390,ALICEUSDT,Buy,2.1,2.400,ZeroMinusTick,e6485198-bef0-5da4-a005-1e436710aa52,5.04e+08,2.1,5.04
1658189390,ALICEUSDT,Buy,2.1,2.400,ZeroMinusTick,8eb3d3c1-4e34-5dec-a8fc-691fb767096e,5.04e+08,2.1,5.04
1658189390,ALICEUSDT,Buy,3.9,2.400,ZeroMinusTick,d48ddd17-d66c-5d59-b74c-4b678826e784,9.36e+08,3.9,9.36
1658189390,ALICEUSDT,Buy,100,2.400,ZeroMinusTick,1e475256-e2dc-5929-b510-8d9c209b9cd0,2.4e+10,100,240
1658189390,ALICEUSDT,Buy,594.1,2.400,ZeroMinusTick,23530f91-4ede-573a-abae-c10c1d8c0a28,1.42584e+11,594.1,1425.84
1658189390,ALICEUSDT,Buy,176.3,2.400,ZeroMinusTick,1241bb5d-45c4-5df0-888c-0d3ce27cdeac,4.2312e+10,176.3,423.12
1658189390,ALICEUSDT,Buy,180.8,2.400,ZeroMinusTick,fa734a2c-841a-511e-b6ea-0703aaaf0b6f,4.3392e+10,180.8,433.92
1658189390,ALICEUSDT,Buy,165,2.400,ZeroMinusTick,18507207-5c02-5e86-86d0-58410871c0bd,3.96e+10,165,396
1658189390,ALICEUSDT,Sell,79.1,2.395,MinusTick,5dd5f97b-2e2d-5aeb-b310-f06493821088,1.8944449999999996e+10,79.1,189.44449999999998
1658189390,ALICEUSDT,Sell,3.8,2.395,ZeroMinusTick,107ee185-81a6-58bc-92c5-f75115a9e832,9.100999999999999e+08,3.8,9.100999999999999
1658189390,ALICEUSDT,Buy,1.2,2.405,PlusTick,f7070620-bcc9-55fe-b711-75509c006566,2.8859999999999994e+08,1.2,2.8859999999999997
1658189390,ALICEUSDT,Buy,274,2.405,ZeroMinusTick,5ea8d73c-bf4c-5d6e-9b1b-90ee43f6d5e0,6.589699999999999e+10,274,658.9699999999999
1658189390,ALICEUSDT,Sell,0.8,2.395,MinusTick,02ddb253-7254-5756-bf55-29c5305d3882,1.916e+08,0.8,1.9160000000000001
1658189390,ALICEUSDT,Sell,104.1,2.400,PlusTick,cc27e6e1-0b63-5bd3-ad5c-21d793987c53,2.4983999999999996e+10,104.1,249.83999999999997
1658189395,ALICEUSDT,Buy,4.5,2.405,PlusTick,3a8e5f53-362a-590a-a232-f36dcea799fc,1.08225e+09,4.5,10.8225
1658189396,ALICEUSDT,Sell,104.1,2.400,MinusTick,65072d53-4d14-5bec-bfc9-a0a8d00c3982,2.4983999999999996e+10,104.1,249.83999999999997
1658189396,ALICEUSDT,Sell,39,2.400,ZeroMinusTick,75994d62-2570-55ff-93f3-8b8b197b7bdc,9.36e+09,39,93.6
1658189397,ALICEUSDT,Sell,826.6,2.400,ZeroMinusTick,5f8557e5-9c0a-5fa3-879c-7e5cfd2da619,1.98384e+11,826.6,1983.84
1658189397,ALICEUSDT,Sell,797.6,2.400,ZeroMinusTick,a95d30fb-985d-5639-94c7-40b81eec28ce,1.91424e+11,797.6,1914.24
1658189397,ALICEUSDT,Sell,828.1,2.400,ZeroMinusTick,d6200398-8c4d-5569-8a5c-81ea077a1ec8,1.98744e+11,828.1,1987.44
1658189397,ALICEUSDT,Sell,779.4,2.400,ZeroMinusTick,ae0227cf-8b93-591b-9332-30d57ea58c61,1.87056e+11,779.4,1870.56
1658189405,ALICEUSDT,Buy,932,2.400,ZeroMinusTick,c5a55603-70cc-58b7-b5d0-75f6d3bbd9af,2.2367999999999997e+11,932,2236.7999999999997
1658189405,ALICEUSDT,Buy,803.8,2.400,ZeroMinusTick,18c67903-ffde-5fe3-b061-483f70446e4f,1.92912e+11,803.8,1929.12
1658189428,ALICEUSDT,Sell,93.9,2.405,PlusTick,9412b0cf-d759-5e97-8bcf-8c0995967a5e,2.258295e+10,93.9,225.8295
1658189428,ALICEUSDT,Sell,196.8,2.405,ZeroMinusTick,3b997e20-5265-521f-a1d6-2564ab92880e,4.73304e+10,196.8,473.304
1658189429,ALICEUSDT,Sell,2.6,2.400,MinusTick,6928ff71-a71e-50d2-8f1c-77129c4da658,6.24e+08,2.6,6.24
1658189434,ALICEUSDT,Buy,797,2.405,PlusTick,d058a8bd-7437-5db7-bfca-c5953f3d6f70,1.916785e+11,797,1916.7849999999999
1658189434,ALICEUSDT,Buy,15.9,2.405,ZeroMinusTick,56e41fee-20ad-5ae3-810c-309c24e0f5c3,3.82395e+09,15.9,38.2395
1658189434,ALICEUSDT,Buy,674.2,2.405,ZeroMinusTick,e9a2b902-4822-51b3-88ac-67ddc9f48fd0,1.621451e+11,674.2,1621.451
1658189435,ALICEUSDT,Buy,2.5,2.410,PlusTick,48011320-c0fe-5b9c-8cab-6cb1cd86cd11,6.025e+08,2.5,6.025
1658189435,ALICEUSDT,Buy,197.5,2.410,ZeroMinusTick,ad3bfbf2-86fc-5a91-a98e-06f86befb0af,4.75975e+10,197.5,475.975
1658189437,ALICEUSDT,Buy,47.6,2.410,ZeroMinusTick,621bcd56-13be-52bd-b489-b1bf42fd065b,1.14716e+10,47.6,114.71600000000001
1658189437,ALICEUSDT,Buy,25.4,2.410,ZeroMinusTick,0c2a5dd0-c845-5f71-842e-376b53798b21,6.1214e+09,25.4,61.214
1658189440,ALICEUSDT,Buy,26.7,2.415,PlusTick,f790d553-9fd2-5508-83e6-dd8896aeb717,6.448049999999999e+09,26.7,64.48049999999999
1658189440,ALICEUSDT,Buy,4.2,2.415,ZeroMinusTick,2ef80b22-e479-5f84-863d-cfe51fcdfc53,1.0143000000000001e+09,4.2,10.143
1658189440,ALICEUSDT,Buy,1,2.415,ZeroMinusTick,2e0b9ff6-6c25-5ad0-93a1-7bb03e6bfad7,2.415e+08,1,2.415
1658189440,ALICEUSDT,Buy,2.5,2.415,ZeroMinusTick,c0ecdc2f-bd8e-5a68-9bc0-14d96d8e8716,6.0375e+08,2.5,6.0375
1658189440,ALICEUSDT,Buy,4.8,2.415,ZeroMinusTick,bdaa385d-939b-51be-b9d8-5c3ba501f447,1.1592e+09,4.8,11.592
1658189440,ALICEUSDT,Buy,1.5,2.415,ZeroMinusTick,833d348b-f1f4-5e5c-8962-9e4580f5cd99,3.6225e+08,1.5,3.6225
1658189440,ALICEUSDT,Buy,10.5,2.415,ZeroMinusTick,48fd1e74-013b-5f5e-9e04-6d6450792573,2.53575e+09,10.5,25.3575
1658189440,ALICEUSDT,Buy,4.4,2.415,ZeroMinusTick,4ef296a7-4bcf-595f-8622-3d60b5049ec2,1.0626000000000001e+09,4.4,10.626000000000001
1658189440,ALICEUSDT,Buy,3.2,2.415,ZeroMinusTick,87483680-2905-5471-b218-3910ab920ff7,7.728000000000001e+08,3.2,7.728000000000001
1658189440,ALICEUSDT,Buy,42,2.415,ZeroMinusTick,04992c37-5273-5e6c-818b-a5cb6ecf2817,1.0143e+10,42,101.43
1658189440,ALICEUSDT,Buy,14.3,2.415,ZeroMinusTick,637b9848-f25a-5648-850c-e00debca6dde,3.45345e+09,14.3,34.5345
1658189440,ALICEUSDT,Buy,2.1,2.415,ZeroMinusTick,8e49110a-56a4-574a-887f-d8cb3a8dee18,5.0715000000000006e+08,2.1,5.0715
1658189440,ALICEUSDT,Buy,8.4,2.415,ZeroMinusTick,f7537db6-75d9-53fa-b6da-241503c27469,2.0286000000000002e+09,8.4,20.286
1658189440,ALICEUSDT,Buy,1.5,2.415,ZeroMinusTick,d64d19ec-b871-5356-89a0-a1501da15d71,3.6225e+08,1.5,3.6225
1658189440,ALICEUSDT,Buy,1036.5,2.415,ZeroMinusTick,1e75a9ec-ed4e-5a84-9a4e-2e91988b0e01,2.5031475e+11,1036.5,2503.1475
1658189440,ALICEUSDT,Buy,182.3,2.415,ZeroMinusTick,51fba3a1-1ee3-53a0-9409-322d1c138e88,4.402545e+10,182.3,440.2545
1658189444,ALICEUSDT,Sell,1250,2.415,ZeroMinusTick,89366c2c-6b27-5efd-81b9-f1c54c1f73bf,3.01875e+11,1250,3018.75
1658189447,ALICEUSDT,Buy,0.1,2.415,ZeroMinusTick,3cc9eab3-9f4a-5c06-9625-93d2f40463a6,2.4150000000000004e+07,0.1,0.24150000000000002
1658189447,ALICEUSDT,Buy,0.1,2.415,ZeroMinusTick,c292fc04-b252-505c-8dfd-344cd6aa9830,2.4150000000000004e+07,0.1,0.24150000000000002
1658189450,ALICEUSDT,Buy,30.6,2.420,PlusTick,7953c444-7dd3-518e-b046-9bbfa2e665a1,7.405200000000001e+09,30.6,74.052
1658189450,ALICEUSDT,Buy,1054,2.420,ZeroMinusTick,406456fa-cd8e-5cf7-b5bb-ea7ecf24bf40,2.5506799999999997e+11,1054,2550.68
1658189450,ALICEUSDT,Buy,165,2.420,ZeroMinusTick,2ed4cde1-d06e-5d66-a9b3-9f61af357dff,3.993e+10,165,399.3
1658189450,ALICEUSDT,Buy,788.9,2.420,ZeroMinusTick,5e04dc5f-421d-5469-95ca-042912696e04,1.909138e+11,788.9,1909.138
1658189450,ALICEUSDT,Buy,985.2,2.420,ZeroMinusTick,c8205ccd-3682-5077-b7e4-d239e39d3afd,2.3841840000000003e+11,985.2,2384.184
1658189450,ALICEUSDT,Sell,103.3,2.420,ZeroMinusTick,b0ca19d4-293a-5165-b09e-dc624a2f44a9,2.49986e+10,103.3,249.986
1658189450,ALICEUSDT,Buy,545.2,2.420,ZeroMinusTick,9fd3a831-2f89-5353-b8a2-4bc2c71bab0a,1.319384e+11,545.2,1319.384
1658189457,ALICEUSDT,Sell,24,2.420,ZeroMinusTick,e22c8cfe-5ce2-5633-893a-40e9ddf2936f,5.808e+09,24,58.08
1658189457,ALICEUSDT,Sell,940.3,2.420,ZeroMinusTick,6d4e32bd-82c7-5ecd-a68c-f8dc2962f6c3,2.2755259999999997e+11,940.3,2275.526
1658189457,ALICEUSDT,Buy,210.1,2.420,ZeroMinusTick,e13f489e-e91b-5b9e-aa1f-2d8b0b423279,5.084419999999999e+10,210.1,508.44199999999995
1658189458,ALICEUSDT,Buy,355.9,2.420,ZeroMinusTick,c2767809-56cb-5b50-8db3-bc87260aedb8,8.612779999999998e+10,355.9,861.2779999999999
1658189465,ALICEUSDT,Buy,21.8,2.425,PlusTick,34a7c35c-ae40-5de4-b548-71d500b5d5d1,5.286499999999999e+09,21.8,52.864999999999995
1658189465,ALICEUSDT,Buy,5.3,2.425,ZeroMinusTick,343efa96-9d08-5c61-8e91-587f23b69050,1.28525e+09,5.3,12.8525
1658189465,ALICEUSDT,Buy,40,2.425,ZeroMinusTick,1b2739ca-3517-5ab4-9d25-38c657bbd5ba,9.7e+09,40,97
1658189465,ALICEUSDT,Buy,492.7,2.425,ZeroMinusTick,358fde5c-4d75-523c-93e8-7205e54a0513,1.1947974999999998e+11,492.7,1194.7975
1658189465,ALICEUSDT,Buy,725.2,2.425,ZeroMinusTick,5c3459aa-6b00-55fe-b6cd-fbf8bbc383f8,1.75861e+11,725.2,1758.61
1658189468,ALICEUSDT,Buy,30,2.430,PlusTick,0734aa76-aefd-53c3-bd29-528eb008ce04,7.290000000000001e+09,30,72.9
1658189468,ALICEUSDT,Buy,95.8,2.430,ZeroMinusTick,9fd60fb4-bb8a-589b-9497-a0ff5431a00a,2.32794e+10,95.8,232.794
1658189468,ALICEUSDT,Buy,598.4,2.430,ZeroMinusTick,6c072784-ea8a-51f2-98a1-fe6c60904327,1.454112e+11,598.4,1454.112
1658189468,ALICEUSDT,Buy,435.1,2.430,ZeroMinusTick,6674adc8-a833-54ee-8be8-2f4c510e291d,1.0572930000000002e+11,435.1,1057.2930000000001
1658189468,ALICEUSDT,Buy,492.3,2.430,ZeroMinusTick,462a7bf6-981c-516b-ab44-e5ca0c47e0f6,1.1962890000000002e+11,492.3,1196.2890000000002
1658189468,ALICEUSDT,Buy,1250,2.430,ZeroMinusTick,af56043e-371b-5372-a1e0-da2cec43e79b,3.0375e+11,1250,3037.5
1658189468,ALICEUSDT,Buy,165,2.430,ZeroMinusTick,66b21164-6c0c-54e5-8cad-72e3fcd0e05c,4.009500000000001e+10,165,400.95000000000005
1658189468,ALICEUSDT,Buy,1,2.435,PlusTick,b07d1584-4c63-5f2c-bd8f-30f9748d493a,2.435e+08,1,2.435
1658189468,ALICEUSDT,Buy,51.4,2.435,ZeroMinusTick,995b774e-1756-5c8a-b069-1a0defd2dfd2,1.25159e+10,51.4,125.159
1658189468,ALICEUSDT,Buy,6.4,2.435,ZeroMinusTick,ed536477-03cb-5496-9357-02a7d391494f,1.5584000000000002e+09,6.4,15.584000000000001
1658189468,ALICEUSDT,Buy,844,2.435,ZeroMinusTick,781daa05-d4e6-5f85-8608-9e61d87a6cc9,2.05514e+11,844,2055.14
1658189468,ALICEUSDT,Buy,60,2.435,ZeroMinusTick,e562085e-9f5a-5a04-baff-547cd209f004,1.461e+10,60,146.1
1658189468,ALICEUSDT,Buy,6.2,2.435,ZeroMinusTick,24a7a5f9-eacc-593b-ace0-e335e8f00ddf,1.5097000000000002e+09,6.2,15.097000000000001
1658189468,ALICEUSDT,Buy,291.3,2.435,ZeroMinusTick,fa82adf6-88d9-5dcd-8808-8bfe2981f26e,7.093155e+10,291.3,709.3155
1658189468,ALICEUSDT,Buy,339,2.435,ZeroMinusTick,39605d52-df41-5d87-9692-e2a4ecf00a58,8.25465e+10,339,825.465
1658189468,ALICEUSDT,Buy,1033.3,2.435,ZeroMinusTick,628cd867-0eb0-5beb-b8fe-18c90d06f6a0,2.5160855e+11,1033.3,2516.0855
1658189468,ALICEUSDT,Buy,25,2.435,ZeroMinusTick,7679e2ec-1257-53ae-881c-77d10ce2be55,6.0875e+09,25,60.875
1658189468,ALICEUSDT,Sell,1.9,2.425,MinusTick,8d2163b1-d859-5ceb-9abf-df0696e631a1,4.607499999999999e+08,1.9,4.607499999999999
1658189468,ALICEUSDT,Sell,8,2.425,ZeroMinusTick,052a78ad-3950-521a-b5cf-8a8e3e2c8b40,1.9399999999999998e+09,8,19.4
1658189468,ALICEUSDT,Buy,108.3,2.435,PlusTick,fa111c95-f629-5519-8a18-aa942bce68a6,2.6371050000000004e+10,108.3,263.7105
1658189468,ALICEUSDT,Buy,140.9,2.435,ZeroMinusTick,6337cf38-e250-57b1-bfe2-2d7881bb4a0d,3.430915e+10,140.9,343.0915
1658189468,ALICEUSDT,Buy,490.9,2.435,ZeroMinusTick,06ed4c43-08af-5c80-af38-42fb95b24586,1.1953415e+11,490.9,1195.3415
1658189468,ALICEUSDT,Buy,410,2.435,ZeroMinusTick,548b8636-e69d-50e6-bf7d-fbc787dd4de3,9.9835e+10,410,998.35
1658189468,ALICEUSDT,Buy,542.8,2.435,ZeroMinusTick,ba5b4f03-fa38-562e-a2c3-ca4fe8dca79f,1.3217179999999998e+11,542.8,1321.7179999999998
1658189468,ALICEUSDT,Buy,234.2,2.435,ZeroMinusTick,319f5b2c-60ae-56ca-9ec3-5c48afce21bc,5.702769999999999e+10,234.2,570.2769999999999
1658189468,ALICEUSDT,Buy,194.4,2.435,ZeroMinusTick,aae651c9-5198-5c65-aad3-cca080166a33,4.73364e+10,194.4,473.36400000000003
1658189468,ALICEUSDT,Buy,79.4,2.435,ZeroMinusTick,9d0dcef7-17d9-5dfe-b6b1-e7fb1306d425,1.9333900000000004e+10,79.4,193.33900000000003
1658189468,ALICEUSDT,Buy,307.4,2.435,ZeroMinusTick,0f851650-c087-52aa-afb6-f6fb0e0d9528,7.48519e+10,307.4,748.519
1658189468,ALICEUSDT,Buy,720.9,2.435,ZeroMinusTick,f9428fc3-5f61-5999-8197-7f2202677cac,1.7553915e+11,720.9,1755.3915
1658189469,ALICEUSDT,Buy,171.3,2.435,ZeroMinusTick,f6995236-da93-5729-af52-84739f6c6ed2,4.171155000000001e+10,171.3,417.11550000000005
1658189469,ALICEUSDT,Buy,1250,2.435,ZeroMinusTick,54d21d72-1a82-5817-8337-d9270f116218,3.04375e+11,1250,3043.75
1658189469,ALICEUSDT,Buy,800,2.435,ZeroMinusTick,5ffdacae-3195-5939-973d-dacba2935ee0,1.948e+11,800,1948
1658189469,ALICEUSDT,Buy,165,2.435,ZeroMinusTick,d080cdfb-219b-53a3-b5c1-91291779f829,4.01775e+10,165,401.77500000000003
1658189469,ALICEUSDT,Buy,205.3,2.435,ZeroMinusTick,60611486-a4dd-55e1-9b9c-902a9701f329,4.999055e+10,205.3,499.9055
1658189469,ALICEUSDT,Buy,886.1,2.435,ZeroMinusTick,09f9eefc-907c-5a7f-ab8c-792c8b522557,2.1576535e+11,886.1,2157.6535
1658189469,ALICEUSDT,Buy,808.4,2.435,ZeroMinusTick,a583aa73-9ed4-5370-a8e7-afd09c8c62aa,1.968454e+11,808.4,1968.454
1658189469,ALICEUSDT,Buy,1.2,2.440,PlusTick,c004837d-3c13-5746-8cfd-ee19f6be1fe1,2.928e+08,1.2,2.928
1658189469,ALICEUSDT,Buy,17.8,2.440,ZeroMinusTick,5bb5e0c4-1afc-5925-9f35-8ec506b7addb,4.3432e+09,17.8,43.432
1658189469,ALICEUSDT,Buy,26.7,2.440,ZeroMinusTick,f4420ef4-3337-5971-8d77-14aa069eb15d,6.5148e+09,26.7,65.148
1658189469,ALICEUSDT,Buy,2.5,2.440,ZeroMinusTick,f39a75ab-bc2d-5756-aa5b-6b7bd57235d4,6.1e+08,2.5,6.1
1658189469,ALICEUSDT,Buy,1,2.440,ZeroMinusTick,ed9bb756-b0bd-5fac-a85c-476b3167fc07,2.44e+08,1,2.44
1658189469,ALICEUSDT,Buy,1.6,2.440,ZeroMinusTick,927a490a-1fb9-5383-aad5-8e8d9dce087d,3.904e+08,1.6,3.904
1658189469,ALICEUSDT,Buy,2.8,2.440,ZeroMinusTick,2ec8c721-8d39-5208-a771-076aa8d76120,6.832e+08,2.8,6.832
1658189469,ALICEUSDT,Buy,6.3,2.440,ZeroMinusTick,6a24ba58-57a0-5893-8b86-5a4d49aa82d9,1.5372e+09,6.3,15.372
1658189469,ALICEUSDT,Buy,1.5,2.440,ZeroMinusTick,a93ce36a-ec8f-5ec1-876d-0650a3f10265,3.66e+08,1.5,3.66
1658189469,ALICEUSDT,Buy,4.4,2.440,ZeroMinusTick,06260c95-939c-5319-8a1c-2fe088964432,1.0736000000000001e+09,4.4,10.736
1658189469,ALICEUSDT,Buy,3.2,2.440,ZeroMinusTick,de929804-a7a2-5cc9-9efe-57e7737f505c,7.808e+08,3.2,7.808
1658189469,ALICEUSDT,Buy,42,2.440,ZeroMinusTick,4ca2f4a7-f6d4-5807-b9cd-71494b18544c,1.0248e+10,42,102.48
1658189469,ALICEUSDT,Buy,14.3,2.440,ZeroMinusTick,becbda80-222a-5964-9c64-7fc9cecbf07c,3.4892000000000005e+09,14.3,34.892
1658189469,ALICEUSDT,Buy,1.2,2.440,ZeroMinusTick,b2133b6a-18cf-5710-bd08-2510d8ec281d,2.928e+08,1.2,2.928
1658189469,ALICEUSDT,Buy,8.4,2.440,ZeroMinusTick,277f5b9c-4df9-5897-924c-a26f9b61bd5f,2.0495999999999998e+09,8.4,20.496
1658189469,ALICEUSDT,Buy,51.4,2.440,ZeroMinusTick,82222869-4899-55bf-a4ce-8744f0bd2f9b,1.25416e+10,51.4,125.416
1658189469,ALICEUSDT,Buy,6.4,2.440,ZeroMinusTick,6f2cd0e3-09d3-55ce-b3cf-512193f03f82,1.5616e+09,6.4,15.616
1658189469,ALICEUSDT,Buy,521.2,2.440,ZeroMinusTick,ec72a3d7-6516-5726-8138-25dd8b9836b3,1.271728e+11,521.2,1271.728
1658189471,ALICEUSDT,Buy,536.6,2.435,MinusTick,9fe63124-3a37-500a-b8f6-2324907dd3fb,1.3066210000000002e+11,536.6,1306.621
1658189471,ALICEUSDT,Buy,1250,2.435,ZeroMinusTick,6fa24742-7886-5ac7-a746-edf73fe8d67a,3.04375e+11,1250,3043.75
1658189471,ALICEUSDT,Sell,156.7,2.435,ZeroMinusTick,41a0c764-aebb-56c1-a04f-5b301faf9d3d,3.815644999999999e+10,156.7,381.56449999999995
1658189472,ALICEUSDT,Buy,1122.1,2.440,PlusTick,eb8305f1-17db-5646-9fc1-db7e62cff10c,2.7379239999999994e+11,1122.1,2737.9239999999995
1658189472,ALICEUSDT,Buy,126,2.440,ZeroMinusTick,f6a656c9-18c7-5d97-8dee-169c6dc9656d,3.0744e+10,126,307.44
1658189472,ALICEUSDT,Buy,79.8,2.440,ZeroMinusTick,6222039d-ba44-5c51-bc0a-25c7f390575d,1.94712e+10,79.8,194.712
1658189472,ALICEUSDT,Buy,1250,2.440,ZeroMinusTick,9d3ecdcb-643b-5b55-9ca7-e7247cae6272,3.05e+11,1250,3050
1658189472,ALICEUSDT,Buy,2200,2.440,ZeroMinusTick,f80c170c-c472-59dd-9608-7321de9dcc6f,5.368e+11,2200,5368
1658189472,ALICEUSDT,Buy,899.2,2.440,ZeroMinusTick,51bc8aa0-912e-58b8-95be-39c424bb782d,2.1940480000000003e+11,899.2,2194.0480000000002
1658189472,ALICEUSDT,Buy,571,2.445,PlusTick,d03420a7-4277-540f-9687-794801253fe4,1.3960949999999997e+11,571,1396.0949999999998
1658189478,ALICEUSDT,Buy,31.3,2.440,MinusTick,b7c54272-7805-55a0-94a3-b6beb1468bf8,7.6372e+09,31.3,76.372
1658189481,ALICEUSDT,Buy,536.6,2.440,ZeroMinusTick,e9a74003-067e-51f2-b2fd-e08d07e6424b,1.3093040000000002e+11,536.6,1309.304
1658189481,ALICEUSDT,Buy,645.3,2.440,ZeroMinusTick,0694d484-103a-5bbc-8679-be554ef73fe7,1.574532e+11,645.3,1574.532
1658189483,ALICEUSDT,Sell,1925.9,2.440,ZeroMinusTick,90c3aec0-96c9-59cc-985b-a481167b0624,4.699196e+11,1925.9,4699.196
1658189483,ALICEUSDT,Sell,843.5,2.440,ZeroMinusTick,caac264f-801e-5258-8e68-2c8e523853e3,2.05814e+11,843.5,2058.14
1658189485,ALICEUSDT,Buy,521.7,2.440,ZeroMinusTick,f253fd96-6c2b-5caf-8383-d8ce82780758,1.2729480000000002e+11,521.7,1272.948
1658189485,ALICEUSDT,Buy,103.3,2.440,ZeroMinusTick,d921f67a-722c-552b-bc2c-0e6b96f84d48,2.52052e+10,103.3,252.052
1658189485,ALICEUSDT,Buy,165,2.445,PlusTick,5a4cd8fa-ba1f-540e-b150-2ab18b0516d5,4.034249999999999e+10,165,403.42499999999995
1658189485,ALICEUSDT,Buy,41.9,2.445,ZeroMinusTick,d89edca2-432a-576f-be54-5ea1d6d6a8ed,1.024455e+10,41.9,102.4455
1658189485,ALICEUSDT,Buy,857.1,2.445,ZeroMinusTick,e0ae5ca4-7f8c-580b-89ac-86823ad94163,2.0956095e+11,857.1,2095.6095
1658189485,ALICEUSDT,Buy,69.8,2.445,ZeroMinusTick,2bf17505-e8a3-5ef7-b7ee-34d21860c575,1.7066099999999998e+10,69.8,170.66099999999997
1658189485,ALICEUSDT,Sell,1250,2.440,MinusTick,5b43fa2d-20b6-5baf-a638-be8490dbbc76,3.05e+11,1250,3050
1658189485,ALICEUSDT,Sell,102.3,2.440,ZeroMinusTick,39a7d115-0e53-5da3-a3f2-2af7e90a37a1,2.49612e+10,102.3,249.612
1658189485,ALICEUSDT,Sell,847.2,2.440,ZeroMinusTick,c6b92f0e-334d-53bf-85f8-77d20efbfdd1,2.067168e+11,847.2,2067.168
1658189486,ALICEUSDT,Sell,0.1,2.440,ZeroMinusTick,39db16df-847d-5f77-9d8a-d399d1166ac2,2.44e+07,0.1,0.244
1658189486,ALICEUSDT,Sell,41.8,2.440,ZeroMinusTick,8f1f0743-c29b-5db2-8757-d3cd13c867ac,1.0199199999999998e+10,41.8,101.99199999999999
1658189489,ALICEUSDT,Sell,725.7,2.445,PlusTick,1b69ab29-be83-5a36-ab1e-a3b0b86a3779,1.7743365e+11,725.7,1774.3365
1658189490,ALICEUSDT,Sell,238.4,2.445,ZeroMinusTick,9b21e162-017e-558d-8c27-781618c45224,5.828879999999999e+10,238.4,582.8879999999999
1658189490,ALICEUSDT,Sell,523.7,2.445,ZeroMinusTick,2b9bd15c-a077-5cbc-9e11-9792ef0d7687,1.2804465e+11,523.7,1280.4465
1658189490,ALICEUSDT,Sell,238.4,2.445,ZeroMinusTick,e7ecedc5-2609-53a0-95f2-d2c37e87b059,5.828879999999999e+10,238.4,582.8879999999999
1658189492,ALICEUSDT,Sell,237.7,2.445,ZeroMinusTick,af8fa8ff-877e-5c8e-b016-3b372eaef33a,5.811764999999999e+10,237.7,581.1764999999999
1658189492,ALICEUSDT,Sell,904.3,2.445,ZeroMinusTick,25f3e266-5674-5ab6-a302-c885cf9d1f62,2.2110134999999997e+11,904.3,2211.0134999999996
1658189493,ALICEUSDT,Buy,238.4,2.445,ZeroMinusTick,48b9a15b-3695-5f2c-9941-0cb2ef1a0a92,5.828879999999999e+10,238.4,582.8879999999999
1658189493,ALICEUSDT,Buy,135.5,2.445,ZeroMinusTick,9c0bdb7b-88b6-5df7-a2cb-ceb109dc1dc1,3.3129749999999996e+10,135.5,331.29749999999996
1658189495,ALICEUSDT,Sell,238.4,2.445,ZeroMinusTick,f738eb94-ef21-57b8-97d9-4e33da5e6900,5.828879999999999e+10,238.4,582.8879999999999
1658189495,ALICEUSDT,Sell,912.5,2.445,ZeroMinusTick,e8a2327f-b096-59a9-9a8c-bc621f745519,2.2310625e+11,912.5,2231.0625
1658189495,ALICEUSDT,Sell,1250,2.445,ZeroMinusTick,e6cd443b-a6e5-57ca-97dd-b20bc8ae7e60,3.05625e+11,1250,3056.25
1658189495,ALICEUSDT,Sell,326.8,2.445,ZeroMinusTick,2b2731d9-6937-5314-aa42-5a75b10aae58,7.99026e+10,326.8,799.026
1658189495,ALICEUSDT,Sell,326.8,2.445,ZeroMinusTick,3fec21ff-7690-514d-9774-be809329b161,7.99026e+10,326.8,799.026
1658189495,ALICEUSDT,Sell,905.9,2.445,ZeroMinusTick,d50aad6d-76d1-5b69-bc08-4279be7a605b,2.2149254999999997e+11,905.9,2214.9255
1658189495,ALICEUSDT,Sell,326.8,2.445,ZeroMinusTick,68a44425-93d7-57ba-b15c-4ee263bbacf2,7.99026e+10,326.8,799.026
1658189495,ALICEUSDT,Sell,41.9,2.445,ZeroMinusTick,3c04b030-4829-54ec-ba3a-e990b573025f,1.024455e+10,41.9,102.4455
1658189496,ALICEUSDT,Sell,135.5,2.445,ZeroMinusTick,50fb522f-6a2b-5eae-a057-edea781a1b2e,3.3129749999999996e+10,135.5,331.29749999999996
1658189496,ALICEUSDT,Sell,27.9,2.440,MinusTick,66194bcb-fa99-5afa-b6b2-894cac05be5b,6.807599999999999e+09,27.9,68.076
1658189496,ALICEUSDT,Sell,107.6,2.440,ZeroMinusTick,9bb50440-de86-51e6-bc21-13f62000cc33,2.62544e+10,107.6,262.544
1658189496,ALICEUSDT,Sell,46.2,2.440,ZeroMinusTick,5eb5b1b2-c128-57e0-9835-462b008527c1,1.12728e+10,46.2,112.72800000000001
1658189496,ALICEUSDT,Buy,210.9,2.445,PlusTick,3dfdcd05-7c45-5777-92cf-9f15b5523bbd,5.156505e+10,210.9,515.6505
1658189496,ALICEUSDT,Buy,27.5,2.445,ZeroMinusTick,3f458150-3efc-5a1c-a0d6-a7736cbea408,6.72375e+09,27.5,67.2375
1658189496,ALICEUSDT,Buy,96.5,2.445,ZeroMinusTick,84456b10-d0b6-5483-ba3a-6097a484437f,2.359425e+10,96.5,235.9425
1658189500,ALICEUSDT,Sell,1140.9,2.440,MinusTick,dbeb7412-de0b-5b84-b358-985790c122e3,2.783796e+11,1140.9,2783.7960000000003
1658189500,ALICEUSDT,Sell,83.9,2.440,ZeroMinusTick,fe803fbd-e877-5178-b051-1395c288b8dd,2.04716e+10,83.9,204.716
1658189500,ALICEUSDT,Sell,41.9,2.440,ZeroMinusTick,e89616bf-e879-5910-a023-f8cc352e03c4,1.0223599999999998e+10,41.9,102.23599999999999
1658189500,ALICEUSDT,Sell,1122.1,2.440,ZeroMinusTick,fef94905-b771-53b8-8b46-7fbadb70f6e8,2.7379239999999994e+11,1122.1,2737.9239999999995
1658189500,ALICEUSDT,Sell,113.5,2.440,ZeroMinusTick,fde1f033-3b64-5334-bad2-e6bc808fccd7,2.7694e+10,113.5,276.94
1658189500,ALICEUSDT,Sell,496.1,2.440,ZeroMinusTick,3c1b794e-c76d-5b58-955c-ceff3fc661cd,1.2104839999999998e+11,496.1,1210.484
1658189500,ALICEUSDT,Sell,200.6,2.440,ZeroMinusTick,66dac2b6-f34d-5d6b-9150-4f4801507456,4.89464e+10,200.6,489.464
1658189500,ALICEUSDT,Sell,140.9,2.440,ZeroMinusTick,3ae8e9b3-7b81-559e-b2b8-317c73e11cd6,3.43796e+10,140.9,343.796
1658189500,ALICEUSDT,Sell,541,2.440,ZeroMinusTick,dfa0831c-a64f-57e3-a984-5dff28941743,1.32004e+11,541,1320.04
1658189500,ALICEUSDT,Sell,320.4,2.440,ZeroMinusTick,74854548-70db-5fbf-83d0-4131f081b95f,7.81776e+10,320.4,781.776
1658189500,ALICEUSDT,Sell,388.6,2.440,ZeroMinusTick,a3015051-b65e-56b1-9f58-52e7472945d2,9.481840000000002e+10,388.6,948.1840000000001
1658189500,ALICEUSDT,Sell,238.4,2.440,ZeroMinusTick,d443c2b2-a440-5e1b-b9fe-a5a3bf6a7ffa,5.81696e+10,238.4,581.696
1658189500,ALICEUSDT,Buy,126.4,2.440,ZeroMinusTick,2e9a239e-a5b6-57c7-ac13-deee50ebc1b5,3.08416e+10,126.4,308.416
1658189502,ALICEUSDT,Buy,112,2.440,ZeroMinusTick,b23d1b37-dfe1-5aa7-83a0-378289716376,2.7327999999999996e+10,112,273.28
1658189502,ALICEUSDT,Buy,165,2.440,ZeroMinusTick,4b1d8e50-d1e2-5630-9c12-f229a33fb490,4.026e+10,165,402.59999999999997
1658189502,ALICEUSDT,Buy,9.3,2.440,ZeroMinusTick,0243a047-a918-5baa-92e7-ec4d11df5188,2.2692e+09,9.3,22.692
1658189506,ALICEUSDT,Sell,41.9,2.435,MinusTick,5a50fa50-87aa-5a7c-ba6a-45736ea4da58,1.020265e+10,41.9,102.0265
1658189506,ALICEUSDT,Sell,881.7,2.435,ZeroMinusTick,c1d52189-e5d7-5d49-8bc3-28223a74892e,2.1469395e+11,881.7,2146.9395
1658189506,ALICEUSDT,Sell,1164.7,2.435,ZeroMinusTick,b6c8c441-4b94-5955-8eb0-2766be455954,2.8360445e+11,1164.7,2836.0445
1658189506,ALICEUSDT,Sell,28.7,2.435,ZeroMinusTick,599d9029-445d-5e55-95a0-14f30e6b859d,6.98845e+09,28.7,69.8845
1658189506,ALICEUSDT,Sell,83.9,2.435,ZeroMinusTick,572e3322-8b93-5244-8942-9946eee2d3bf,2.042965e+10,83.9,204.2965
1658189506,ALICEUSDT,Sell,1250,2.435,ZeroMinusTick,bbe12377-374a-5553-a60c-f856df931803,3.04375e+11,1250,3043.75
1658189506,ALICEUSDT,Sell,224.7,2.435,ZeroMinusTick,73d7dbe4-00ba-5e2a-87d9-81ba025e2590,5.471445e+10,224.7,547.1445
1658189506,ALICEUSDT,Sell,1030.7,2.435,ZeroMinusTick,5f3747fd-1361-5a6b-b9ce-366047fdf375,2.5097545e+11,1030.7,2509.7545
1658189506,ALICEUSDT,Sell,293.7,2.435,ZeroMinusTick,bbdc105d-8e78-5502-929c-018ada05b822,7.151595e+10,293.7,715.1595
1658189506,ALICEUSDT,Sell,14.7,2.435,ZeroMinusTick,2f17ce93-24b5-543a-ae43-7b9cbdc29101,3.57945e+09,14.7,35.7945
1658189506,ALICEUSDT,Sell,328.1,2.435,ZeroMinusTick,3aec291d-bfb8-537f-a0f1-c6a40c5204a7,7.989235000000002e+10,328.1,798.9235000000001
1658189506,ALICEUSDT,Sell,307.4,2.435,ZeroMinusTick,1870553c-cd7f-5d24-9e71-42dcb32e8c8c,7.48519e+10,307.4,748.519
1658189506,ALICEUSDT,Sell,20.7,2.435,ZeroMinusTick,3516eec9-324f-547e-84d1-623221fb5f5c,5.04045e+09,20.7,50.4045
1658189506,ALICEUSDT,Sell,81.9,2.435,ZeroMinusTick,a5c7f00f-7873-5d6a-b416-81973baf92dd,1.994265e+10,81.9,199.4265
1658189506,ALICEUSDT,Sell,328.1,2.435,ZeroMinusTick,9c366e5d-88da-588e-b55e-0de2b4e3b5f3,7.989235000000002e+10,328.1,798.9235000000001
1658189506,ALICEUSDT,Sell,238.4,2.435,ZeroMinusTick,ee5e9998-e59a-5e9f-8409-e5bbb9e74de4,5.80504e+10,238.4,580.504
1658189506,ALICEUSDT,Sell,1250,2.435,ZeroMinusTick,cf901739-7025-5b69-a60a-c2af4926d08e,3.04375e+11,1250,3043.75
1658189506,ALICEUSDT,Sell,169.2,2.435,ZeroMinusTick,d91c2b49-7a0b-5574-8765-e923c3e7a510,4.12002e+10,169.2,412.002
1658189506,ALICEUSDT,Sell,328.1,2.435,ZeroMinusTick,db517245-8477-5605-b3e3-dc45ef03e3bf,7.989235000000002e+10,328.1,798.9235000000001
1658189506,ALICEUSDT,Buy,126.5,2.435,ZeroMinusTick,5582562e-c51c-55e3-adb9-2d402279a085,3.0802750000000004e+10,126.5,308.02750000000003
1658189506,ALICEUSDT,Buy,111.9,2.435,ZeroMinusTick,d957aa21-5889-5806-a62f-e4ed78bdb107,2.7247650000000004e+10,111.9,272.47650000000004
1658189506,ALICEUSDT,Buy,14.5,2.435,ZeroMinusTick,0b629533-6931-5272-8058-1ee4003f2b96,3.5307499999999995e+09,14.5,35.3075
1658189506,ALICEUSDT,Buy,126.5,2.435,ZeroMinusTick,d5cdc378-41c8-59b6-8edf-26a21c2f7d32,3.0802750000000004e+10,126.5,308.02750000000003
1658189506,ALICEUSDT,Buy,24,2.435,ZeroMinusTick,dc9070a0-8247-5321-9e71-72192935f818,5.844e+09,24,58.44
1658189506,ALICEUSDT,Buy,102.4,2.435,ZeroMinusTick,fda5501b-1120-565f-9e5d-7773fe74a347,2.4934400000000004e+10,102.4,249.34400000000002
1658189506,ALICEUSDT,Buy,126.5,2.435,ZeroMinusTick,e2536035-110f-5eca-9882-aa529059a7cd,3.0802750000000004e+10,126.5,308.02750000000003
1658189506,ALICEUSDT,Buy,71.5,2.435,ZeroMinusTick,19917b2c-0097-5da5-b835-7fe922f3a1b9,1.741025e+10,71.5,174.1025
1658189507,ALICEUSDT,Buy,126.5,2.435,ZeroMinusTick,0e1549af-ba6a-598d-acad-3fdadd6c00cf,3.0802750000000004e+10,126.5,308.02750000000003
1658189507,ALICEUSDT,Buy,38.5,2.435,ZeroMinusTick,8713998f-7d2b-5369-a9bc-8f1f18a7110f,9.37475e+09,38.5,93.7475
1658189507,ALICEUSDT,Buy,88,2.435,ZeroMinusTick,b3159463-9d49-5bf5-b79b-c9d72297501e,2.1428e+10,88,214.28
1658189507,ALICEUSDT,Buy,126.5,2.435,ZeroMinusTick,60d25909-d361-5b29-8294-f08e33463352,3.0802750000000004e+10,126.5,308.02750000000003
1658189507,ALICEUSDT,Buy,126.5,2.435,ZeroMinusTick,0629f98c-d926-52fb-9325-0c43aad9691e,3.0802750000000004e+10,126.5,308.02750000000003
1658189507,ALICEUSDT,Buy,126.5,2.435,ZeroMinusTick,04f05398-fc0e-5fb0-bf4f-2efa0f4d8fe6,3.0802750000000004e+10,126.5,308.02750000000003
1658189507,ALICEUSDT,Buy,126.5,2.435,ZeroMinusTick,d8379345-7b1f-5570-a9d1-6eb146469368,3.0802750000000004e+10,126.5,308.02750000000003
1658189507,ALICEUSDT,Buy,116.6,2.435,ZeroMinusTick,1f8d3a67-7205-534e-aaaa-f3c7f11ef58e,2.83921e+10,116.6,283.921
1658189508,ALICEUSDT,Sell,238.4,2.430,MinusTick,fc02f72d-0852-5b52-9e9b-21e0db2af154,5.79312e+10,238.4,579.312
1658189508,ALICEUSDT,Sell,41.9,2.430,ZeroMinusTick,aa9b684e-4b2a-5a8e-ad9f-e39376f027eb,1.01817e+10,41.9,101.81700000000001
1658189508,ALICEUSDT,Sell,30.1,2.430,ZeroMinusTick,e873f983-36da-5549-9eda-34475a40c57e,7.314300000000002e+09,30.1,73.14300000000001
1658189508,ALICEUSDT,Sell,852.2,2.430,ZeroMinusTick,1b463452-3cc8-51c7-bc89-eb67f598086f,2.0708460000000006e+11,852.2,2070.8460000000005
1658189508,ALICEUSDT,Sell,180.6,2.430,ZeroMinusTick,66f239d0-2082-5596-9ff5-90f5a62ca696,4.38858e+10,180.6,438.858
1658189508,ALICEUSDT,Sell,0.1,2.430,ZeroMinusTick,d0ce1a4a-5a3d-5f88-8711-a2520207f414,2.4300000000000004e+07,0.1,0.24300000000000002
1658189508,ALICEUSDT,Sell,1107.9,2.430,ZeroMinusTick,d4372ee8-009f-5404-ac19-222c4a932471,2.6921970000000006e+11,1107.9,2692.1970000000006
1658189508,ALICEUSDT,Sell,102.4,2.430,ZeroMinusTick,e92225c2-30c0-52f2-97a5-4aa6aef810b1,2.4883200000000004e+10,102.4,248.83200000000002
1658189508,ALICEUSDT,Sell,86.4,2.430,ZeroMinusTick,469fc3e3-be6f-5c0f-892c-e0af80184e56,2.0995200000000004e+10,86.4,209.95200000000003
1658189509,ALICEUSDT,Sell,1250,2.430,ZeroMinusTick,aa656b7b-ccc0-5f24-91a5-77f128766d2a,3.0375e+11,1250,3037.5
1658189509,ALICEUSDT,Sell,266.5,2.430,ZeroMinusTick,753e9ae6-2cdc-518a-8e57-f489f8e6cbee,6.47595e+10,266.5,647.595
1658189509,ALICEUSDT,Sell,83.9,2.430,ZeroMinusTick,b1692d36-3fd6-517f-9df7-2b69b0c51d18,2.0387700000000004e+10,83.9,203.87700000000004
1658189509,ALICEUSDT,Sell,328.8,2.430,ZeroMinusTick,aaaf976d-6e00-542e-b711-653eec7a0b88,7.98984e+10,328.8,798.984
1658189509,ALICEUSDT,Sell,328.8,2.430,ZeroMinusTick,c2ff8971-ea10-502f-aec2-2202883b5d73,7.98984e+10,328.8,798.984
1658189509,ALICEUSDT,Sell,82.2,2.430,ZeroMinusTick,3f22f8f9-2e2e-57aa-b079-521e708144fd,1.99746e+10,82.2,199.746
1658189509,ALICEUSDT,Sell,102.5,2.430,ZeroMinusTick,03b4084c-a308-53c7-bfec-68836a4f4db0,2.49075e+10,102.5,249.07500000000002
1658189509,ALICEUSDT,Sell,1250,2.430,ZeroMinusTick,b443f31d-b004-550f-8106-5015747d1f98,3.0375e+11,1250,3037.5
1658189509,ALICEUSDT,Sell,160.3,2.430,ZeroMinusTick,93b67227-f345-579a-92c9-ace5ea8de245,3.895290000000001e+10,160.3,389.52900000000005
1658189510,ALICEUSDT,Buy,0.1,2.430,ZeroMinusTick,ab2c041e-f53e-5eef-a990-4d034fec5ae8,2.4300000000000004e+07,0.1,0.24300000000000002
1658189510,ALICEUSDT,Sell,54.1,2.430,ZeroMinusTick,eb5454c4-d010-5ab2-b4f1-f7acbfad281b,1.3146300000000002e+10,54.1,131.46300000000002
1658189510,ALICEUSDT,Sell,1250,2.430,ZeroMinusTick,4d154e4f-6eb4-5efd-b8e6-d3a627af4dd1,3.0375e+11,1250,3037.5
1658189512,ALICEUSDT,Sell,1250,2.430,ZeroMinusTick,cabe8797-813b-55f8-9664-5a9d85adfece,3.0375e+11,1250,3037.5
1658189512,ALICEUSDT,Sell,5.6,2.425,MinusTick,7b950eae-89f1-5bbf-8cb9-a95a72cde867,1.3579999999999998e+09,5.6,13.579999999999998
1658189512,ALICEUSDT,Sell,177.8,2.430,PlusTick,d7699846-663a-5172-87f6-9135050bbaf8,4.32054e+10,177.8,432.05400000000003
1658189514,ALICEUSDT,Sell,687.5,2.430,ZeroMinusTick,5454ab8a-b7ba-5629-8cd5-a3c85c59542a,1.670625e+11,687.5,1670.625
1658189515,ALICEUSDT,Sell,1250,2.430,ZeroMinusTick,052524e2-4e59-529b-98eb-aca62376ea4a,3.0375e+11,1250,3037.5
1658189517,ALICEUSDT,Sell,697.7,2.430,ZeroMinusTick,c8c865c8-5400-5b63-9859-d929be198a30,1.6954110000000003e+11,697.7,1695.4110000000003
1658189517,ALICEUSDT,Sell,469.4,2.430,ZeroMinusTick,02940f70-7247-50bc-97c5-a4b332c43be2,1.140642e+11,469.4,1140.642
1658189518,ALICEUSDT,Sell,82.9,2.430,ZeroMinusTick,44f00a71-8281-5dfa-808d-cae9c868f0ad,2.0144700000000004e+10,82.9,201.44700000000003
1658189520,ALICEUSDT,Sell,78.3,2.425,MinusTick,8abe0919-ea5e-5c47-8927-01bd47ee23a1,1.8987749999999996e+10,78.3,189.87749999999997
1658189520,ALICEUSDT,Sell,41.9,2.425,ZeroMinusTick,5d85e7cf-ae24-5512-8e44-db516355e70d,1.0160749999999998e+10,41.9,101.60749999999999
1658189520,ALICEUSDT,Sell,328.8,2.425,ZeroMinusTick,beef387c-0a4b-506a-9932-ab7bd304d82c,7.973399999999998e+10,328.8,797.3399999999999
1658189520,ALICEUSDT,Sell,1250,2.425,ZeroMinusTick,5fe28c64-fec5-5754-a355-7eafed80b2bc,3.03125e+11,1250,3031.25
1658189520,ALICEUSDT,Sell,26.7,2.425,ZeroMinusTick,49e0b765-6fde-5702-b6d2-eadbd4ef1a76,6.474749999999999e+09,26.7,64.74749999999999
1658189527,ALICEUSDT,Sell,1250,2.425,ZeroMinusTick,03d09261-8a27-50fc-a7af-6f682ec29783,3.03125e+11,1250,3031.25
1658189527,ALICEUSDT,Sell,514.5,2.425,ZeroMinusTick,21684f58-78b5-52f2-8c06-ca7696cdea47,1.2476624999999998e+11,514.5,1247.6625
1658189529,ALICEUSDT,Buy,57.4,2.425,ZeroMinusTick,cfb2a28b-fada-5b94-a645-693167ec989d,1.39195e+10,57.4,139.195
1658189531,ALICEUSDT,Sell,83.9,2.420,MinusTick,9e2ffd11-214b-59b3-9b07-dee8af5bb87b,2.03038e+10,83.9,203.038
1658189531,ALICEUSDT,Sell,102.9,2.420,ZeroMinusTick,31382819-2f56-50f4-a815-31db03250762,2.49018e+10,102.9,249.018
1658189531,ALICEUSDT,Sell,41.9,2.420,ZeroMinusTick,e260e574-ed81-5581-b3df-bc6333799af4,1.01398e+10,41.9,101.398
1658189531,ALICEUSDT,Sell,1250,2.420,ZeroMinusTick,18b70587-e341-531d-9841-2ff9a2581cdc,3.025e+11,1250,3025
1658189531,ALICEUSDT,Sell,206.6,2.420,ZeroMinusTick,d7e2096e-709a-5567-b73b-968e01c16326,4.99972e+10,206.6,499.972
1658189534,ALICEUSDT,Sell,1437.7,2.415,MinusTick,d7f3f740-9396-5ff4-a1db-221d123847e7,3.4720455e+11,1437.7,3472.0455
1658189534,ALICEUSDT,Sell,41.9,2.415,ZeroMinusTick,d82dbaa8-26ca-560d-8a5c-c36860d8c1fe,1.011885e+10,41.9,101.1885
1658189534,ALICEUSDT,Sell,83.9,2.415,ZeroMinusTick,26f52ea1-5c0d-5626-986b-7b47e831f3f2,2.026185e+10,83.9,202.6185
1658189534,ALICEUSDT,Sell,22.9,2.415,ZeroMinusTick,99003b01-3077-50ef-939e-95127d5d7c57,5.53035e+09,22.9,55.3035
1658189534,ALICEUSDT,Sell,0.5,2.410,MinusTick,c93f81f6-2c1d-5224-a8a2-ad049ca2f1bd,1.205e+08,0.5,1.205
1658189535,ALICEUSDT,Buy,165,2.415,PlusTick,075d9ae8-fd65-5ad8-aaf3-61729df8de69,3.98475e+10,165,398.475
1658189535,ALICEUSDT,Buy,699.4,2.415,ZeroMinusTick,30aab62c-af29-5ddf-b1e7-c729e6c00c07,1.689051e+11,699.4,1689.051
1658189536,ALICEUSDT,Buy,550.6,2.415,ZeroMinusTick,c9a9226b-325c-583e-a295-0127085f9d6f,1.329699e+11,550.6,1329.699
1658189537,ALICEUSDT,Sell,145.7,2.415,ZeroMinusTick,fbcaa51c-86cf-5345-b419-93fbb1ad20e2,3.518655e+10,145.7,351.8655
1658189540,ALICEUSDT,Buy,2,2.420,PlusTick,b81eae0a-96e5-5f0c-9c87-80ca4f3767cc,4.84e+08,2,4.84
1658189542,ALICEUSDT,Buy,83.9,2.420,ZeroMinusTick,7000f152-4296-56d7-b5a1-74203fd4f21f,2.03038e+10,83.9,203.038
1658189548,ALICEUSDT,Sell,1250,2.420,ZeroMinusTick,69fdf9e3-73bd-53a2-926f-bc0e35fe6678,3.025e+11,1250,3025
1658189548,ALICEUSDT,Sell,29.6,2.420,ZeroMinusTick,0b4d0108-1c82-5dc6-af1d-adb47a021c95,7.163200000000001e+09,29.6,71.632
1658189548,ALICEUSDT,Sell,41.9,2.420,ZeroMinusTick,f34e47dc-08f8-5c08-9c9d-91516d3a180b,1.01398e+10,41.9,101.398
1658189548,ALICEUSDT,Sell,83.9,2.420,ZeroMinusTick,5c2e830f-7907-5ac4-89c5-c5d1b0d587cf,2.03038e+10,83.9,203.038
1658189553,ALICEUSDT,Buy,16.3,2.420,ZeroMinusTick,aad3d98e-f57c-525a-b811-af900f26a8c1,3.9446e+09,16.3,39.446
1658189558,ALICEUSDT,Buy,16.3,2.425,PlusTick,0bc873ea-415c-5cdd-882b-066f502885fa,3.9527499999999995e+09,16.3,39.527499999999996
1658189564,ALICEUSDT,Buy,1110.5,2.430,PlusTick,6a3b15dd-84bb-55ab-afd0-cc2ceb32eb92,2.6985150000000003e+11,1110.5,2698.5150000000003
1658189564,ALICEUSDT,Buy,14.7,2.430,ZeroMinusTick,2a5389a3-3e13-5454-b212-ce92854d3220,3.5721000000000005e+09,14.7,35.721000000000004
1658189564,ALICEUSDT,Buy,238.4,2.435,PlusTick,a379ef34-d876-5b50-90a6-9d42aa99fec1,5.80504e+10,238.4,580.504
1658189564,ALICEUSDT,Buy,599.3,2.435,ZeroMinusTick,2b87bd26-919c-5c42-a5d5-950c605f4d1c,1.4592955e+11,599.3,1459.2955
1658189565,ALICEUSDT,Buy,641.5,2.435,ZeroMinusTick,c416df1f-274e-5060-845d-f14ecb4bdeb7,1.5620525e+11,641.5,1562.0525
1658189565,ALICEUSDT,Buy,13.1,2.435,ZeroMinusTick,4c318470-661c-5d93-8f0e-84b1b34a8a67,3.18985e+09,13.1,31.8985
1658189565,ALICEUSDT,Buy,238.4,2.435,ZeroMinusTick,8a4e39c7-0047-5304-a76a-1dce68eed9d1,5.80504e+10,238.4,580.504
1658189569,ALICEUSDT,Buy,238.4,2.440,PlusTick,6628f41f-946b-593a-a131-0e9c6c079280,5.81696e+10,238.4,581.696
1658189569,ALICEUSDT,Buy,308,2.440,ZeroMinusTick,dfd5c1ba-526c-5b23-84d6-14a01b27d2bf,7.5152e+10,308,751.52
1658189569,ALICEUSDT,Buy,409.7,2.440,ZeroMinusTick,94e02479-c01e-5c74-bad3-059b6f48a057,9.99668e+10,409.7,999.668
1658189569,ALICEUSDT,Buy,793.2,2.440,ZeroMinusTick,0a0a3e65-0993-53ac-b9a1-b5f7832256ea,1.935408e+11,793.2,1935.4080000000001
1658189576,ALICEUSDT,Sell,270.6,2.440,ZeroMinusTick,cbfb47c0-c512-57be-b4a3-44a91ab02805,6.60264e+10,270.6,660.264
1658189576,ALICEUSDT,Sell,25.6,2.440,ZeroMinusTick,125b9c22-237c-54fb-82c9-f7e55f4fe4ea,6.2464e+09,25.6,62.464
1658189576,ALICEUSDT,Sell,201.6,2.440,ZeroMinusTick,becf6acf-3c9f-529e-88c4-a4a1eda207b5,4.91904e+10,201.6,491.904
1658189576,ALICEUSDT,Sell,69.4,2.440,ZeroMinusTick,4667c666-d089-5e4a-b71a-97cb254fbbe1,1.6933600000000002e+10,69.4,169.336
1658189576,ALICEUSDT,Sell,27.6,2.440,ZeroMinusTick,b32c5927-ed65-53e6-b9e2-d4aa6ef25cd8,6.734400000000001e+09,27.6,67.34400000000001
1658189576,ALICEUSDT,Sell,141.4,2.440,ZeroMinusTick,48b81e28-3cc0-59d2-86bf-7b55544d9ae4,3.45016e+10,141.4,345.016
1658189576,ALICEUSDT,Sell,37.9,2.440,ZeroMinusTick,2aa3a3ba-d26a-5d72-b6a5-28c5542e6ec9,9.2476e+09,37.9,92.476
1658189576,ALICEUSDT,Sell,26.4,2.440,ZeroMinusTick,c9b059de-cf7b-5352-b18b-2bdb82fddd46,6.4416e+09,26.4,64.416
1658189576,ALICEUSDT,Sell,65.3,2.440,ZeroMinusTick,bf0aa1c4-e7d1-56c9-88df-193d1fe72bf8,1.59332e+10,65.3,159.332
1658189576,ALICEUSDT,Sell,38.8,2.440,ZeroMinusTick,dadd53a2-c852-538a-925f-2d83d2d43067,9.4672e+09,38.8,94.672
1658189576,ALICEUSDT,Sell,41.9,2.440,ZeroMinusTick,458901de-97a8-53b3-8d72-9c8596f6513f,1.0223599999999998e+10,41.9,102.23599999999999
1658189576,ALICEUSDT,Sell,83.4,2.440,ZeroMinusTick,c92c2a61-b714-5338-9d77-fc3744a2215c,2.03496e+10,83.4,203.496
1658189576,ALICEUSDT,Sell,0.5,2.440,ZeroMinusTick,b74e098c-0a74-5d9c-b1c1-546bd5af3f01,1.22e+08,0.5,1.22
1658189587,ALICEUSDT,Sell,238.4,2.435,MinusTick,152c0396-bd98-57b3-bcec-7197e049cadb,5.80504e+10,238.4,580.504
1658189587,ALICEUSDT,Sell,83.9,2.435,ZeroMinusTick,56f66b6a-43a3-5367-b366-f9d5ad452026,2.042965e+10,83.9,204.2965
1658189588,ALICEUSDT,Sell,238.4,2.435,ZeroMinusTick,8e4b4f5b-e6fc-50e3-a573-4cda36126545,5.80504e+10,238.4,580.504
1658189590,ALICEUSDT,Sell,190.6,2.430,MinusTick,5a9b6434-20a1-5606-be3f-81456f7733d7,4.63158e+10,190.6,463.158
1658189590,ALICEUSDT,Sell,47.8,2.430,ZeroMinusTick,4c1f54fb-cd2b-572a-b656-beb2e4d2ef07,1.16154e+10,47.8,116.154
1658189590,ALICEUSDT,Sell,41.9,2.430,ZeroMinusTick,c95f4049-2b2d-5711-859c-d06c8e226594,1.01817e+10,41.9,101.81700000000001
1658189590,ALICEUSDT,Sell,83.9,2.430,ZeroMinusTick,bf9ffb70-ba9c-5a0f-8051-bc105017c57d,2.0387700000000004e+10,83.9,203.87700000000004
1658189590,ALICEUSDT,Sell,102.8,2.430,ZeroMinusTick,c7038b2d-8a63-56c8-8f45-a25fe3267b58,2.49804e+10,102.8,249.804
1658189592,ALICEUSDT,Buy,238.4,2.430,ZeroMinusTick,50060133-ea98-5458-a609-9dd4494f83ed,5.79312e+10,238.4,579.312
1658189596,ALICEUSDT,Sell,238.4,2.430,ZeroMinusTick,3b0c2970-b4ae-5abd-aa29-d268e757d11d,5.79312e+10,238.4,579.312
1658189596,ALICEUSDT,Sell,746,2.430,ZeroMinusTick,bd445bd8-5b1e-5bf5-9599-b6ec77aef8dc,1.8127800000000003e+11,746,1812.7800000000002
1658189596,ALICEUSDT,Sell,26.1,2.430,ZeroMinusTick,34ddeaad-1ecb-599a-9446-bfe425e48411,6.342300000000001e+09,26.1,63.42300000000001
1658189596,ALICEUSDT,Sell,1250,2.430,ZeroMinusTick,d990a259-6755-5b53-8eb1-74bfda62ee59,3.0375e+11,1250,3037.5
1658189604,ALICEUSDT,Buy,955.4,2.430,ZeroMinusTick,a6745d98-8fef-5d90-8fbc-82d3ef86b3cf,2.3216220000000003e+11,955.4,2321.6220000000003
1658189604,ALICEUSDT,Buy,743.2,2.430,ZeroMinusTick,aae4e956-408e-5519-b7f6-f833c777bc0a,1.8059760000000003e+11,743.2,1805.9760000000003
1658189604,ALICEUSDT,Buy,238.4,2.430,ZeroMinusTick,ad1ce2a1-9d5c-5119-8e73-d82e50c9a4c4,5.79312e+10,238.4,579.312
1658189604,ALICEUSDT,Buy,41.9,2.430,ZeroMinusTick,9db5b245-6223-5e67-b8da-0a42afb43fc2,1.01817e+10,41.9,101.81700000000001
1658189604,ALICEUSDT,Buy,238.4,2.430,ZeroMinusTick,15fa499c-e5a8-5dcc-850a-057379ba0788,5.79312e+10,238.4,579.312
1658189620,ALICEUSDT,Sell,0.9,2.430,ZeroMinusTick,b5e5b88b-b48b-56b8-af8d-3367000cfc36,2.1870000000000003e+08,0.9,2.1870000000000003
1658189643,ALICEUSDT,Sell,237.5,2.430,ZeroMinusTick,382ee43e-0c3a-57a7-81d1-6e1775074bd4,5.77125e+10,237.5,577.125
1658189643,ALICEUSDT,Sell,105.7,2.430,ZeroMinusTick,4663f340-3f1e-5840-a8ab-409d1d52c704,2.56851e+10,105.7,256.851
1658189646,ALICEUSDT,Sell,122.2,2.430,ZeroMinusTick,5b999531-3694-5029-b897-346c5a1cd5de,2.9694600000000004e+10,122.2,296.946
1658189646,ALICEUSDT,Sell,156,2.430,ZeroMinusTick,b9513e0b-b042-52ba-9e41-e39aae0476a9,3.790800000000001e+10,156,379.08000000000004
1658189646,ALICEUSDT,Sell,70.2,2.430,ZeroMinusTick,ab99d277-95f5-509a-89e7-4c70b828998f,1.7058600000000002e+10,70.2,170.586
1658189646,ALICEUSDT,Sell,102.8,2.430,ZeroMinusTick,2d8690a2-0ce9-5a94-876a-37880ea49226,2.49804e+10,102.8,249.804
1658189646,ALICEUSDT,Sell,83.9,2.430,ZeroMinusTick,f8937b5e-bdb1-56fe-8955-af57c8eab98f,2.0387700000000004e+10,83.9,203.87700000000004
1658189646,ALICEUSDT,Sell,41.9,2.430,ZeroMinusTick,466508a8-b81a-5cd0-9105-10a2f929574e,1.01817e+10,41.9,101.81700000000001
1658189646,ALICEUSDT,Sell,238.4,2.430,ZeroMinusTick,07cf0c7b-12f0-5fbe-9c33-488af5046476,5.79312e+10,238.4,579.312
1658189652,ALICEUSDT,Sell,41.9,2.425,MinusTick,382e6c68-3d0f-5d55-acfc-60a71dc0f846,1.0160749999999998e+10,41.9,101.60749999999999
1658189652,ALICEUSDT,Sell,188,2.425,ZeroMinusTick,b6106a49-1163-50b6-993e-6d8380de0671,4.559e+10,188,455.9
1658189657,ALICEUSDT,Sell,63.1,2.420,MinusTick,3ec738e5-73ea-567a-946b-d5e97d708a16,1.52702e+10,63.1,152.702
1658189660,ALICEUSDT,Sell,142.8,2.420,ZeroMinusTick,25f7eacf-1e1e-5a6b-90c9-13d47892c509,3.45576e+10,142.8,345.576
1658189660,ALICEUSDT,Sell,90.3,2.420,ZeroMinusTick,08c18cf4-59eb-56f1-aa22-997c1c924b3f,2.18526e+10,90.3,218.52599999999998
1658189684,ALICEUSDT,Sell,103.1,2.420,ZeroMinusTick,faa39548-2896-52b7-a79f-a8ae14d2a7b2,2.49502e+10,103.1,249.50199999999998
1658189685,ALICEUSDT,Buy,396.4,2.420,ZeroMinusTick,0ad884aa-1bff-5b3e-a035-6f6e0d76b0ab,9.592879999999998e+10,396.4,959.2879999999999
1658189701,ALICEUSDT,Sell,83.9,2.415,MinusTick,7dd1e553-d13a-533c-95d7-ec7b92ac5cc5,2.026185e+10,83.9,202.6185
1658189701,ALICEUSDT,Sell,71.6,2.415,ZeroMinusTick,fb22231b-8847-559d-b2d3-752aa0ef56ee,1.72914e+10,71.6,172.914
1658189701,ALICEUSDT,Buy,165,2.420,PlusTick,5d368fff-d4b8-5896-ba31-1658385f6425,3.993e+10,165,399.3
1658189701,ALICEUSDT,Buy,1250,2.420,ZeroMinusTick,a4aef6d0-3693-5785-9442-e24af2872c69,3.025e+11,1250,3025
1658189701,ALICEUSDT,Buy,330.8,2.420,ZeroMinusTick,8f9a9a1d-8f7c-5f20-b07a-29f1dc628677,8.00536e+10,330.8,800.5360000000001
1658189701,ALICEUSDT,Buy,330.8,2.420,ZeroMinusTick,c28304fb-717a-55ba-9c45-dc36c49ef16e,8.00536e+10,330.8,800.5360000000001
1658189701,ALICEUSDT,Buy,330.8,2.420,ZeroMinusTick,0d55b154-3c64-5a66-ae38-d0155a1aa24c,8.00536e+10,330.8,800.5360000000001
1658189701,ALICEUSDT,Buy,1066.4,2.420,ZeroMinusTick,e021692c-00ce-55b8-b6e9-58a17e4b3086,2.580688e+11,1066.4,2580.688
1658189701,ALICEUSDT,Buy,1277.2,2.420,ZeroMinusTick,c3a53d8c-29f3-5082-892b-16ed9058ce46,3.090824e+11,1277.2,3090.824
1658189701,ALICEUSDT,Buy,112.7,2.420,ZeroMinusTick,3a3f5191-57d7-5e92-9939-4bdd8937a76c,2.7273399999999996e+10,112.7,272.734
1658189701,ALICEUSDT,Buy,41.9,2.420,ZeroMinusTick,7944473e-226d-5893-b506-6fd31e3383ee,1.01398e+10,41.9,101.398
1658189701,ALICEUSDT,Buy,165,2.425,PlusTick,5949f473-4420-5c14-8a1a-429fa8c4df0d,4.001249999999999e+10,165,400.12499999999994
1658189701,ALICEUSDT,Buy,82.6,2.425,ZeroMinusTick,4b07f412-8ef1-5f3c-acdb-c6499c73c9e9,2.0030499999999996e+10,82.6,200.30499999999998
1658189701,ALICEUSDT,Buy,206.1,2.425,ZeroMinusTick,fa7d53f5-132b-5cad-8bb9-a7f4972014a2,4.997924999999999e+10,206.1,499.79249999999996
1658189701,ALICEUSDT,Buy,53.3,2.425,ZeroMinusTick,2e9d7a31-eb8d-518c-a19c-c54f0c887479,1.292525e+10,53.3,129.2525
1658189701,ALICEUSDT,Buy,41.9,2.425,ZeroMinusTick,c52754d2-49a0-5f97-a90c-0ef005562a64,1.0160749999999998e+10,41.9,101.60749999999999
1658189701,ALICEUSDT,Buy,83.9,2.425,ZeroMinusTick,6711f534-eb9c-5ec6-94ca-4e52908bd16a,2.034575e+10,83.9,203.4575
1658189701,ALICEUSDT,Buy,12.8,2.425,ZeroMinusTick,67e299a1-c6da-5c61-98c3-9ee095be8090,3.104e+09,12.8,31.04
1658189701,ALICEUSDT,Buy,247.4,2.425,ZeroMinusTick,b0444400-5d80-511d-8288-4f79b4d3ccf8,5.999449999999999e+10,247.4,599.9449999999999
1658189701,ALICEUSDT,Buy,265.6,2.425,ZeroMinusTick,4eb0f997-3771-5182-99a3-36964bdefd62,6.440800000000001e+10,265.6,644.08
1658189701,ALICEUSDT,Buy,179.4,2.425,ZeroMinusTick,0c601d6a-397e-5e3d-9786-34992c02c89d,4.350449999999999e+10,179.4,435.04499999999996
1658189701,ALICEUSDT,Buy,238.4,2.430,PlusTick,e5a5e1fb-d3d6-573a-adec-71ac31d49a4f,5.79312e+10,238.4,579.312
1658189701,ALICEUSDT,Buy,103,2.430,ZeroMinusTick,eb7b478a-5c00-5c12-99ce-decafa89de9a,2.5029000000000004e+10,103,250.29000000000002
1658189701,ALICEUSDT,Buy,83.9,2.430,ZeroMinusTick,cc8a5393-b10b-5ea6-886a-46b4ba1b73fe,2.0387700000000004e+10,83.9,203.87700000000004
1658189701,ALICEUSDT,Buy,134.8,2.430,ZeroMinusTick,cea9574f-0ac4-555b-97bc-ead838fb3f54,3.2756400000000004e+10,134.8,327.564
1658189701,ALICEUSDT,Buy,165,2.425,MinusTick,0921b128-0ba0-5983-b5c6-a2a1bda0a8ff,4.001249999999999e+10,165,400.12499999999994
1658189701,ALICEUSDT,Buy,238.3,2.425,ZeroMinusTick,72da7767-0b95-52c5-a7d3-c096fbd54d11,5.778774999999999e+10,238.3,577.8774999999999
1658189704,ALICEUSDT,Buy,0.1,2.425,ZeroMinusTick,a3bf67f7-359f-53eb-bd22-0d4054da6438,2.425e+07,0.1,0.2425
1658189704,ALICEUSDT,Buy,22.9,2.425,ZeroMinusTick,c8c02466-b8ac-56f6-a4cd-15eca15d613c,5.553249999999999e+09,22.9,55.53249999999999
1658189705,ALICEUSDT,Sell,103.3,2.420,MinusTick,787a102f-6e21-5af2-8cd4-38dd4c148d50,2.49986e+10,103.3,249.986
1658189705,ALICEUSDT,Sell,12.5,2.420,ZeroMinusTick,bd0f0dba-952b-581e-a2b7-cd853a0cb7e0,3.025e+09,12.5,30.25
1658189707,ALICEUSDT,Sell,20,2.420,ZeroMinusTick,57d54863-8834-5a00-8c20-0ee73bbde4e8,4.84e+09,20,48.4
1658189712,ALICEUSDT,Sell,205.9,2.420,ZeroMinusTick,4fe1f489-7418-56f9-8eeb-de173d385ea0,4.98278e+10,205.9,498.278
1658189712,ALICEUSDT,Sell,70,2.420,ZeroMinusTick,2c280d90-99ba-5b35-972e-ebd140b3c2b8,1.694e+10,70,169.4
1658189712,ALICEUSDT,Sell,230.5,2.420,ZeroMinusTick,76b925e2-bc11-5774-a4c8-39b80d3613c6,5.578099999999999e+10,230.5,557.81
1658189712,ALICEUSDT,Sell,472.9,2.420,ZeroMinusTick,81638c82-9a8b-5948-a8d1-fff45ce6b113,1.1444179999999998e+11,472.9,1144.418
1658189712,ALICEUSDT,Sell,104.5,2.420,ZeroMinusTick,b392a7fc-8458-5eb5-92b3-e002a577779d,2.5289e+10,104.5,252.89
1658189718,ALICEUSDT,Buy,238.4,2.425,PlusTick,f95f86d5-a776-5bcb-8551-1fb6cd395ad6,5.7812e+10,238.4,578.12
1658189719,ALICEUSDT,Sell,41.3,2.425,ZeroMinusTick,91b7e70e-cf4d-5b7b-9d7c-fbfed9ed78a1,1.0015249999999998e+10,41.3,100.15249999999999
1658189719,ALICEUSDT,Sell,197.1,2.425,ZeroMinusTick,e91b738e-4bcc-5aaa-9f9f-df1fd378b5ec,4.779675e+10,197.1,477.9675
1658189719,ALICEUSDT,Sell,197.1,2.425,ZeroMinusTick,a1ba2c7f-7b72-5da8-97a5-c823fad636c6,4.779675e+10,197.1,477.9675
1658189719,ALICEUSDT,Sell,41.3,2.425,ZeroMinusTick,1f99f16e-1a97-5c80-ad27-028aef9891c1,1.0015249999999998e+10,41.3,100.15249999999999
1658189729,ALICEUSDT,Sell,206.6,2.420,MinusTick,3aedbc42-124b-5aba-b612-770d992a5311,4.99972e+10,206.6,499.972
1658189729,ALICEUSDT,Sell,46.5,2.420,ZeroMinusTick,53b67443-ea3c-5b98-9191-4120c84b8f0a,1.1253e+10,46.5,112.53
1658189740,ALICEUSDT,Sell,0.5,2.420,ZeroMinusTick,3b59a539-4bfd-5754-b15e-e3ab3109a858,1.21e+08,0.5,1.21
1658189748,ALICEUSDT,Buy,238.4,2.425,PlusTick,6fd03b79-9283-592b-8adc-0e158d7b435b,5.7812e+10,238.4,578.12
1658189749,ALICEUSDT,Sell,600.1,2.425,ZeroMinusTick,2e68763c-3209-5ff1-8be4-13a0b84c5f8f,1.4552424999999997e+11,600.1,1455.2424999999998
1658189749,ALICEUSDT,Sell,1250,2.425,ZeroMinusTick,3277f46d-2018-56e9-a8ef-fc6768ad6fbb,3.03125e+11,1250,3031.25
1658189749,ALICEUSDT,Sell,191.4,2.425,ZeroMinusTick,db86e652-ca15-5555-a556-caef3df538a9,4.64145e+10,191.4,464.145
1658189751,ALICEUSDT,Buy,238.4,2.425,ZeroMinusTick,0d40a5cc-666a-51f2-b0f7-b8dd351cf9d3,5.7812e+10,238.4,578.12
1658189751,ALICEUSDT,Buy,238.4,2.425,ZeroMinusTick,801add1f-d530-5079-ae0e-dfdd0a05c2db,5.7812e+10,238.4,578.12
1658189752,ALICEUSDT,Sell,238.4,2.425,ZeroMinusTick,ff64392a-aaca-5083-b123-2f283ca61f4d,5.7812e+10,238.4,578.12
1658189756,ALICEUSDT,Buy,238.4,2.425,ZeroMinusTick,35400d27-a9f2-5830-a359-a0e0ec0cb4be,5.7812e+10,238.4,578.12
1658189758,ALICEUSDT,Sell,1250,2.425,ZeroMinusTick,8929b0ea-6ba8-53d9-a27c-a1edf577f61d,3.03125e+11,1250,3031.25
1658189758,ALICEUSDT,Sell,238.4,2.425,ZeroMinusTick,b715a713-4512-58e8-8ee2-fc8b30c22785,5.7812e+10,238.4,578.12
1658189758,ALICEUSDT,Sell,83.9,2.425,ZeroMinusTick,ca04e36c-e4fd-59f8-ac7f-d27322c09532,2.034575e+10,83.9,203.4575
1658189758,ALICEUSDT,Sell,238.4,2.425,ZeroMinusTick,888b47c8-9c79-53e4-835a-68d6ce719d23,5.7812e+10,238.4,578.12
1658189758,ALICEUSDT,Sell,191.4,2.420,MinusTick,0ae15376-c7da-5707-8e9a-e1f5bed8b967,4.63188e+10,191.4,463.188
1658189758,ALICEUSDT,Sell,83.9,2.420,ZeroMinusTick,75aceaef-f5da-55a3-8f91-5cf5cef1636c,2.03038e+10,83.9,203.038
1658189758,ALICEUSDT,Sell,1058.6,2.420,ZeroMinusTick,1ee6d5b8-db9f-5a83-ba03-9151d1d6cf36,2.561812e+11,1058.6,2561.812
1658189771,ALICEUSDT,Sell,18,2.420,ZeroMinusTick,82b4dfa4-5f31-5572-9090-01bc1613bfd0,4.356e+09,18,43.56
1658189779,ALICEUSDT,Sell,3.8,2.415,MinusTick,47b383e7-6fbb-5db9-b08a-679c411131eb,9.177e+08,3.8,9.177
1658189779,ALICEUSDT,Sell,363.2,2.415,ZeroMinusTick,77e2e15c-5ed8-52e3-9e14-69f2e5ba7539,8.77128e+10,363.2,877.1279999999999
1658189779,ALICEUSDT,Sell,18,2.415,ZeroMinusTick,1c35eb2e-862b-57b8-b6cc-5b4296516082,4.347e+09,18,43.47
1658189785,ALICEUSDT,Sell,65.8,2.410,MinusTick,ff5a7f4e-475e-5436-aca9-93022c22798e,1.58578e+10,65.8,158.578
1658189786,ALICEUSDT,Sell,18.1,2.410,ZeroMinusTick,f52a49ad-20cc-53c7-a5f0-ee0498942c37,4.362100000000001e+09,18.1,43.62100000000001
1658189786,ALICEUSDT,Sell,10.5,2.410,ZeroMinusTick,56cc423a-47b3-59f5-aae4-3afb280a887f,2.5305e+09,10.5,25.305
1658189786,ALICEUSDT,Sell,10.8,2.410,ZeroMinusTick,68e0c190-2459-5268-b144-112c5003fdee,2.6028e+09,10.8,26.028000000000002
1658189786,ALICEUSDT,Sell,82.2,2.410,ZeroMinusTick,bda3b076-aade-5573-8bc9-84e522e72cd3,1.9810200000000004e+10,82.2,198.10200000000003
1658189790,ALICEUSDT,Sell,83.9,2.405,MinusTick,336f14bc-c918-569a-a81b-14236b22e9af,2.017795e+10,83.9,201.77949999999998
1658189796,ALICEUSDT,Sell,103.8,2.400,MinusTick,4b29c100-7ec6-53fd-b798-1f5f0f35a353,2.4911999999999996e+10,103.8,249.11999999999998
1658189796,ALICEUSDT,Sell,83.9,2.400,ZeroMinusTick,0be0569c-afa4-5db9-9f02-d48d7a1c60da,2.0136e+10,83.9,201.36
1658189800,ALICEUSDT,Buy,1.3,2.400,ZeroMinusTick,5f17bc54-8d8d-5a77-96ce-146e047bda3a,3.12e+08,1.3,3.12
1658189801,ALICEUSDT,Sell,51.3,2.395,MinusTick,b9dc6d90-36e3-5c88-b063-ce4b0e7a7e84,1.2286349999999998e+10,51.3,122.86349999999999
1658189801,ALICEUSDT,Sell,48.7,2.395,ZeroMinusTick,0ddf8d89-98a4-55f6-84da-d22190130179,1.1663650000000002e+10,48.7,116.63650000000001
1658189803,ALICEUSDT,Sell,826.4,2.395,ZeroMinusTick,395fa5f6-f806-532a-a88c-1c53a04d1f3c,1.979228e+11,826.4,1979.228
1658189803,ALICEUSDT,Sell,83.9,2.395,ZeroMinusTick,589523a8-ee7a-5706-a0b1-4fc628ccca32,2.009405e+10,83.9,200.94050000000001
1658189803,ALICEUSDT,Sell,2.1,2.395,ZeroMinusTick,c141585d-c3b1-535a-8498-2df02ba988e1,5.0295000000000006e+08,2.1,5.0295000000000005
1658189803,ALICEUSDT,Sell,2.1,2.395,ZeroMinusTick,fd56adee-6426-58e4-a015-35b0b81b9410,5.0295000000000006e+08,2.1,5.0295000000000005
1658189804,ALICEUSDT,Buy,905.2,2.395,ZeroMinusTick,1a22d8af-6662-5ad4-a54c-c435123ebbee,2.1679540000000003e+11,905.2,2167.954
1658189812,ALICEUSDT,Buy,1004.7,2.395,ZeroMinusTick,3b4cd1ea-f3eb-5ed3-b43c-3bb0a5f2dae9,2.4062565e+11,1004.7,2406.2565
1658189817,ALICEUSDT,Buy,1023.2,2.395,ZeroMinusTick,84cddc72-4cbf-5602-8df0-d7dac8f55609,2.4505640000000003e+11,1023.2,2450.5640000000003
1658189817,ALICEUSDT,Buy,1250,2.395,ZeroMinusTick,4f8412b8-03be-5454-a637-32d3d79e16f3,2.99375e+11,1250,2993.75
1658189817,ALICEUSDT,Buy,334.3,2.395,ZeroMinusTick,4acb150c-d04f-511d-9aa0-c63361374056,8.006485e+10,334.3,800.6485
1658189817,ALICEUSDT,Buy,222.4,2.395,ZeroMinusTick,8eb0124c-8dbf-5390-8d8c-4b97c7a88926,5.32648e+10,222.4,532.648
1658189817,ALICEUSDT,Buy,1.2,2.395,ZeroMinusTick,47b3101e-f532-509c-85be-7668fc54fa83,2.874e+08,1.2,2.874
1658189817,ALICEUSDT,Buy,5.1,2.395,ZeroMinusTick,f3925f15-a1a1-5db8-9d12-c960996af64f,1.22145e+09,5.1,12.2145
1658189817,ALICEUSDT,Buy,0.3,2.395,ZeroMinusTick,22e946d8-c005-512f-9b5c-392e64c4a138,7.185e+07,0.3,0.7185
1658189817,ALICEUSDT,Buy,0.6,2.395,ZeroMinusTick,9f11af3a-9755-594f-8433-15bdadabf993,1.437e+08,0.6,1.437
1658189817,ALICEUSDT,Buy,0.2,2.395,ZeroMinusTick,d43be4c2-852d-52f8-91a3-c7dce10640d7,4.79e+07,0.2,0.47900000000000004
1658189817,ALICEUSDT,Buy,0.1,2.395,ZeroMinusTick,52f3db46-a3ab-57b5-90e9-576a7f321839,2.395e+07,0.1,0.23950000000000002
1658189817,ALICEUSDT,Buy,2.3,2.395,ZeroMinusTick,3336f529-9491-5f9f-a822-a8b4721bfa52,5.5085e+08,2.3,5.5085
1658189817,ALICEUSDT,Buy,2.1,2.395,ZeroMinusTick,9c9d13a7-e4bb-5629-8231-beae2c8b71dc,5.0295000000000006e+08,2.1,5.0295000000000005
1658189818,ALICEUSDT,Buy,41.9,2.395,ZeroMinusTick,58c655e7-d116-5910-87b6-920a9bcefaf1,1.003505e+10,41.9,100.3505
1658189826,ALICEUSDT,Buy,22,2.400,PlusTick,6395226d-0c04-5229-b8ce-081a0dc8ae0e,5.28e+09,22,52.8
1658189826,ALICEUSDT,Sell,75.8,2.400,ZeroMinusTick,bd46f8b4-4228-5a20-9d23-d56b93926086,1.8192e+10,75.8,181.92
1658189835,ALICEUSDT,Buy,0.5,2.405,PlusTick,107d3581-5ed6-5ced-99c9-341ceac78526,1.2024999999999999e+08,0.5,1.2025
1658189835,ALICEUSDT,Buy,0.2,2.405,ZeroMinusTick,6448a8ec-557b-5866-aa8e-accc1676db02,4.81e+07,0.2,0.481
1658189835,ALICEUSDT,Buy,0.2,2.405,ZeroMinusTick,8be3779e-3408-5c87-bb09-8c198c5d578f,4.81e+07,0.2,0.481
1658189835,ALICEUSDT,Buy,0.2,2.405,ZeroMinusTick,468cb926-9815-52c8-920f-23c191957b6e,4.81e+07,0.2,0.481
1658189835,ALICEUSDT,Buy,1.5,2.405,ZeroMinusTick,a767d5cf-c579-5536-a41b-495700a494cb,3.6075e+08,1.5,3.6075
1658189835,ALICEUSDT,Buy,0.2,2.405,ZeroMinusTick,edba96aa-6583-5f3d-b355-aebc0d2430aa,4.81e+07,0.2,0.481
1658189835,ALICEUSDT,Buy,0.1,2.405,ZeroMinusTick,fe17780f-f281-5552-91a7-02b521de98f2,2.405e+07,0.1,0.2405
1658189835,ALICEUSDT,Buy,0.6,2.405,ZeroMinusTick,b5d4f630-407f-55ef-914e-ea5295cb8bfb,1.4429999999999997e+08,0.6,1.4429999999999998
1658189835,ALICEUSDT,Buy,0.7,2.405,ZeroMinusTick,f9da1adc-8e6a-5cdb-8b8b-6cab0d026f71,1.6834999999999997e+08,0.7,1.6834999999999998
1658189835,ALICEUSDT,Buy,1.1,2.405,ZeroMinusTick,0cc7f899-5ea5-5bde-927e-01c177a2db75,2.6455000000000003e+08,1.1,2.6455
1658189835,ALICEUSDT,Buy,36.6,2.405,ZeroMinusTick,40f40352-137c-5417-8212-917697f8d480,8.8023e+09,36.6,88.023
1658189840,ALICEUSDT,Sell,41.9,2.400,MinusTick,ac5b905f-64fb-5375-bd10-c2c12dc680f4,1.0055999999999998e+10,41.9,100.55999999999999
1658189840,ALICEUSDT,Sell,611.7,2.400,ZeroMinusTick,c77738da-e36b-5e02-ae1b-d2dbb00ce3ec,1.4680800000000003e+11,611.7,1468.0800000000002
1658189840,ALICEUSDT,Sell,814.5,2.400,ZeroMinusTick,33e57fc3-833d-5e40-9e56-7da7974e6d6a,1.9548e+11,814.5,1954.8
1658189846,ALICEUSDT,Buy,83.9,2.405,PlusTick,2696e3c8-73f7-5f54-b3a3-f5681e18c5f1,2.017795e+10,83.9,201.77949999999998
1658189846,ALICEUSDT,Buy,41.9,2.405,ZeroMinusTick,a31334f2-50ec-565e-a462-d8a5710756e3,1.007695e+10,41.9,100.7695
1658189853,ALICEUSDT,Buy,663.1,2.405,ZeroMinusTick,f6f30b98-f400-5950-a77e-1800e400bf12,1.5947555e+11,663.1,1594.7555
1658189861,ALICEUSDT,Buy,637.3,2.410,PlusTick,d8b4f741-bb9e-59ea-89a1-9f26d9f8eca2,1.535893e+11,637.3,1535.893
1658189865,ALICEUSDT,Sell,83.9,2.405,MinusTick,c544c9de-2e56-5f78-92fa-4d250c455774,2.017795e+10,83.9,201.77949999999998
1658189865,ALICEUSDT,Sell,41.9,2.405,ZeroMinusTick,5f6ff35e-63e7-5d27-9286-f18883d669bc,1.007695e+10,41.9,100.7695
1658189869,ALICEUSDT,Sell,15,2.400,MinusTick,645deff7-5252-5a6e-a011-b46017ad5544,3.6e+09,15,36
1658189870,ALICEUSDT,Sell,2,2.400,ZeroMinusTick,5dbecce5-8804-5d93-bf08-3b84ed138d5e,4.8e+08,2,4.8
1658189879,ALICEUSDT,Buy,734.4,2.405,PlusTick,e7317dda-ae3a-5348-a36a-f121956b9a43,1.7662319999999997e+11,734.4,1766.2319999999997
1658189882,ALICEUSDT,Buy,1010.5,2.405,ZeroMinusTick,afd34307-88e0-5415-bc32-e22de0027ff2,2.4302524999999997e+11,1010.5,2430.2524999999996
1658189895,ALICEUSDT,Buy,649.2,2.405,ZeroMinusTick,c28051f5-d322-5e33-8e99-35b4980580a9,1.561326e+11,649.2,1561.326
1658189903,ALICEUSDT,Sell,827.6,2.405,ZeroMinusTick,195903a6-076c-5343-85d3-8e5fcd80589d,1.990378e+11,827.6,1990.378
1658189903,ALICEUSDT,Sell,104.5,2.405,ZeroMinusTick,d9fe1a64-0ea3-5c87-9a88-04adf2d5c7ee,2.513225e+10,104.5,251.3225
1658189911,ALICEUSDT,Sell,103.8,2.400,MinusTick,011d0723-1642-519c-a962-b8908b085ef5,2.4911999999999996e+10,103.8,249.11999999999998
1658189975,ALICEUSDT,Sell,51.9,2.395,MinusTick,34c3411e-f460-512a-bca5-76b9a89f7a4e,1.243005e+10,51.9,124.3005
1658189975,ALICEUSDT,Sell,583.2,2.395,ZeroMinusTick,441b08dd-0516-5660-b3b0-fce237663419,1.396764e+11,583.2,1396.7640000000001
1658189985,ALICEUSDT,Sell,83.9,2.390,MinusTick,643b8fd3-38e6-596f-87c7-96e424cde28a,2.00521e+10,83.9,200.52100000000002
1658189985,ALICEUSDT,Sell,104.4,2.390,ZeroMinusTick,3e511ed6-f303-5515-8727-c064a894c165,2.4951600000000004e+10,104.4,249.51600000000002
1658189986,ALICEUSDT,Buy,28.7,2.390,ZeroMinusTick,bcb66ac1-1a82-5d44-9122-9511667908be,6.8593e+09,28.7,68.593
1658190003,ALICEUSDT,Buy,51.9,2.390,ZeroMinusTick,c01b2d1e-7c70-56ad-9b31-3ac6377794cc,1.24041e+10,51.9,124.041
1658190005,ALICEUSDT,Buy,820.1,2.390,ZeroMinusTick,42fd4d37-d399-55b0-b048-46d0a60a9515,1.9600390000000003e+11,820.1,1960.0390000000002
1658190011,ALICEUSDT,Sell,1250,2.390,ZeroMinusTick,6d377d09-e49e-542d-a0ff-528975190f65,2.9875e+11,1250,2987.5
1658190011,ALICEUSDT,Sell,209.2,2.390,ZeroMinusTick,7c638656-c61a-55f3-972f-5171426acd81,4.99988e+10,209.2,499.988
1658190011,ALICEUSDT,Sell,165,2.390,ZeroMinusTick,81160864-fb2f-5de5-bdc3-9b7b0d35b769,3.9435e+10,165,394.35
1658190011,ALICEUSDT,Sell,83.9,2.390,ZeroMinusTick,a2b589a2-baa3-5981-92f5-dda759c154f1,2.00521e+10,83.9,200.52100000000002
1658190014,ALICEUSDT,Buy,41.9,2.395,PlusTick,5bfb10d9-256d-5124-9cb9-4e160981f08c,1.003505e+10,41.9,100.3505
1658190040,ALICEUSDT,Buy,1.5,2.395,ZeroMinusTick,7d923925-a733-5b85-8018-03b6b1835260,3.5925e+08,1.5,3.5925000000000002
1658190041,ALICEUSDT,Sell,1.1,2.385,MinusTick,9387344a-d856-52fd-b96c-86ec85e89181,2.6235e+08,1.1,2.6235
1658190041,ALICEUSDT,Sell,3.3,2.385,ZeroMinusTick,901ed252-93c0-52ab-b3a4-175193bb5da7,7.870499999999999e+08,3.3,7.870499999999999
1658190050,ALICEUSDT,Buy,1250,2.390,PlusTick,218aa030-7e19-589a-8d3d-a4fee82faf9f,2.9875e+11,1250,2987.5
1658190092,ALICEUSDT,Sell,99.6,2.395,PlusTick,c9c7f0fb-063e-5e05-9e93-2e61cbff0687,2.38542e+10,99.6,238.542
1658190099,ALICEUSDT,Buy,363.2,2.400,PlusTick,7e58724e-3ac2-52a3-a5b1-22dda0952222,8.7168e+10,363.2,871.68
1658190105,ALICEUSDT,Sell,889.1,2.400,ZeroMinusTick,2920ee4e-e07e-5816-a9fc-68990a388383,2.13384e+11,889.1,2133.84
1658190110,ALICEUSDT,Buy,1.9,2.405,PlusTick,b8702094-95d2-516f-b71b-1ca8b5be1264,4.5694999999999994e+08,1.9,4.5695
1658190117,ALICEUSDT,Sell,974.4,2.400,MinusTick,362b87ed-6269-5df9-b875-a13e5fbe0f12,2.33856e+11,974.4,2338.56
1658190129,ALICEUSDT,Buy,333.6,2.400,ZeroMinusTick,131099aa-f45c-5ffd-983a-0d69c79f169e,8.0064e+10,333.6,800.64
1658190129,ALICEUSDT,Buy,1250,2.400,ZeroMinusTick,28359352-3b59-5240-8bf1-d0f168e98f6a,3e+11,1250,3000
1658190129,ALICEUSDT,Buy,698.1,2.400,ZeroMinusTick,1d973456-71f9-5bcc-8e60-3983432e5d11,1.67544e+11,698.1,1675.44
1658190147,ALICEUSDT,Buy,0.4,2.400,ZeroMinusTick,809257fe-19b5-515b-9a50-df8d0d42a0ac,9.6e+07,0.4,0.96
1658190147,ALICEUSDT,Buy,1249.6,2.400,ZeroMinusTick,e4ede5b0-ce7a-5f59-96e7-c322586625b0,2.9990399999999994e+11,1249.6,2999.0399999999995
1658190147,ALICEUSDT,Buy,125.7,2.400,ZeroMinusTick,bba27f43-5dc5-5d96-a55e-1ca1e0280e3c,3.0168e+10,125.7,301.68
1658190147,ALICEUSDT,Buy,8.9,2.400,ZeroMinusTick,bc3262f3-0b43-55a3-b841-4b6f3bc1bb40,2.136e+09,8.9,21.36
1658190147,ALICEUSDT,Buy,1.9,2.400,ZeroMinusTick,3e4e67df-4d0c-5636-8626-70946d84772c,4.5599999999999994e+08,1.9,4.56
1658190147,ALICEUSDT,Buy,1.5,2.400,ZeroMinusTick,78f2b54b-ee01-5abf-a9c7-9a9b6007191c,3.5999999999999994e+08,1.5,3.5999999999999996
1658190147,ALICEUSDT,Buy,0.5,2.400,ZeroMinusTick,9bf32725-e484-5395-9245-7543a49ed2aa,1.2e+08,0.5,1.2
1658190161,ALICEUSDT,Sell,684.9,2.400,ZeroMinusTick,41573bbd-0b27-5797-a621-a6919e73a7c3,1.64376e+11,684.9,1643.76
1658190161,ALICEUSDT,Sell,345.1,2.400,ZeroMinusTick,0d9aeefa-5a2f-56e4-9f03-bfc9829fefea,8.2824e+10,345.1,828.24
1658190182,ALICEUSDT,Buy,738.7,2.395,MinusTick,5dba659d-aa18-59f1-a12a-5f6a06b68756,1.7691865e+11,738.7,1769.1865
1658190185,ALICEUSDT,Buy,908.4,2.395,ZeroMinusTick,1a66ae6e-d6e8-5eda-9984-9b152ba9f34d,2.175618e+11,908.4,2175.618
1658190191,ALICEUSDT,Buy,684.9,2.400,PlusTick,0a15806e-5afa-585d-995e-2b37beac1738,1.64376e+11,684.9,1643.76
1658190221,ALICEUSDT,Sell,269.5,2.405,PlusTick,9506f6d9-8940-5e5b-bfb1-9db2cfe23cf6,6.481474999999999e+10,269.5,648.1474999999999
1658190266,ALICEUSDT,Sell,665.4,2.400,MinusTick,f3a22f14-8df2-5018-b44d-583c8ef6c240,1.5969599999999997e+11,665.4,1596.9599999999998
1658190266,ALICEUSDT,Sell,104,2.400,ZeroMinusTick,25b6c96a-809e-5079-ad2a-6dce5870b3ff,2.496e+10,104,249.6
1658190280,ALICEUSDT,Sell,0.1,2.395,MinusTick,7e592b94-7fe3-54de-9cd4-7b1de75d47be,2.395e+07,0.1,0.23950000000000002
1658190302,ALICEUSDT,Sell,27.4,2.395,ZeroMinusTick,2a5de013-9d2e-529d-8981-7b542b75e310,6.562299999999999e+09,27.4,65.62299999999999
1658190323,ALICEUSDT,Buy,750.2,2.400,PlusTick,1cbd3e16-a4b7-5944-bb52-6f7f459a6ce2,1.80048e+11,750.2,1800.48
1658190323,ALICEUSDT,Buy,19.2,2.400,ZeroMinusTick,dcd0de74-6cd0-5b45-88e2-f43dcbc9b9b5,4.608e+09,19.2,46.08
1658190323,ALICEUSDT,Buy,745,2.400,ZeroMinusTick,17986e95-d71c-55fc-b994-bcf693bc75e0,1.788e+11,745,1788
1658190342,ALICEUSDT,Sell,322.7,2.400,ZeroMinusTick,261ace69-b0b2-53f6-b9ff-719b276c31d9,7.744799999999998e+10,322.7,774.4799999999999
1658190342,ALICEUSDT,Sell,246.8,2.400,ZeroMinusTick,fd68e292-f0b1-5b6a-9b24-d649c16dcb66,5.923200000000001e+10,246.8,592.32
1658190342,ALICEUSDT,Sell,206.9,2.400,ZeroMinusTick,0e67697a-b4c4-56fd-9be3-059f029ef47c,4.9656e+10,206.9,496.56
1658190360,ALICEUSDT,Sell,1.8,2.400,ZeroMinusTick,cea5e0e7-5718-5ffc-bef3-93e4fdbb87fa,4.32e+08,1.8,4.32
1658190406,ALICEUSDT,Sell,786.2,2.405,PlusTick,1e9bc366-8b8d-5505-b745-ca0ea47d13ee,1.890811e+11,786.2,1890.811
1658190406,ALICEUSDT,Sell,163.2,2.400,MinusTick,5c9eb923-1b6f-5dea-9d0f-5399e69824f6,3.916799999999999e+10,163.2,391.67999999999995
1658190406,ALICEUSDT,Sell,192.8,2.400,ZeroMinusTick,da7cfede-e223-55bd-a9a6-f7cf22cb957d,4.6272e+10,192.8,462.72
1658190406,ALICEUSDT,Sell,142.5,2.400,ZeroMinusTick,005b66e6-d3ff-535e-a7e8-d8186566b66a,3.42e+10,142.5,342
1658190427,ALICEUSDT,Sell,104,2.400,ZeroMinusTick,da6dd7c8-1e8d-5118-8bb8-a4ebdcfc2501,2.496e+10,104,249.6
1658190442,ALICEUSDT,Sell,220,2.395,MinusTick,723a9d7c-7de7-5722-bf7e-6dbd71ad2a9a,5.269e+10,220,526.9
1658190442,ALICEUSDT,Sell,83.9,2.395,ZeroMinusTick,406c7145-dd0b-50be-917a-4e172018cdce,2.009405e+10,83.9,200.94050000000001
1658190446,ALICEUSDT,Sell,0.7,2.390,MinusTick,7cd37918-e472-5138-896c-5560c337a421,1.673e+08,0.7,1.673
1658190458,ALICEUSDT,Sell,523.9,2.390,ZeroMinusTick,3c2582ee-d9fa-557f-a388-198a8ac71afe,1.2521210000000002e+11,523.9,1252.121
1658190474,ALICEUSDT,Sell,133,2.390,ZeroMinusTick,8761e49f-a6bd-5240-b98b-3f3e9681396d,3.1787e+10,133,317.87
1658190474,ALICEUSDT,Sell,104.4,2.390,ZeroMinusTick,df00ffca-486e-5bad-a7a9-a1f70fb0db11,2.4951600000000004e+10,104.4,249.51600000000002
1658190506,ALICEUSDT,Buy,967.3,2.390,ZeroMinusTick,2a26da0e-3a4b-59a5-9daa-4433f65c5e2d,2.3118470000000003e+11,967.3,2311.847
1658190520,ALICEUSDT,Sell,0.7,2.390,ZeroMinusTick,808da4bc-b065-58a4-99e1-b8a86cbfeeef,1.673e+08,0.7,1.673
1658190525,ALICEUSDT,Sell,718.9,2.390,ZeroMinusTick,d1121b30-670f-5a7d-8fff-5a2bebffc8e6,1.718171e+11,718.9,1718.171
1658190525,ALICEUSDT,Sell,83.9,2.390,ZeroMinusTick,45c99190-97d4-514f-ba40-033f26b76bc8,2.00521e+10,83.9,200.52100000000002
1658190542,ALICEUSDT,Buy,1075.2,2.390,ZeroMinusTick,dd2695c8-9c7f-58df-8acd-c9b5977f65df,2.569728e+11,1075.2,2569.728
1658190556,ALICEUSDT,Buy,22.4,2.400,PlusTick,087be36a-386c-5304-ac06-68ebade4a962,5.376e+09,22.4,53.76
1658190563,ALICEUSDT,Sell,112.1,2.395,MinusTick,29230280-822d-50af-91e1-2070e3e0d6a1,2.6847949999999996e+10,112.1,268.4795
1658190623,ALICEUSDT,Buy,0.5,2.400,PlusTick,ff7b7c2d-06e0-56e5-b512-d8e21d2e65ea,1.2e+08,0.5,1.2
1658190623,ALICEUSDT,Buy,4.7,2.400,ZeroMinusTick,f3db213d-71db-51e8-951a-70abadeb0a71,1.128e+09,4.7,11.28
1658190623,ALICEUSDT,Buy,0.7,2.400,ZeroMinusTick,10a38d6b-6b5b-5ab5-a955-475fb79017b5,1.68e+08,0.7,1.68
1658190623,ALICEUSDT,Buy,96.7,2.400,ZeroMinusTick,16347fa6-a5ab-5830-b30f-600db3183f3f,2.3208e+10,96.7,232.07999999999998
1658190623,ALICEUSDT,Buy,3.9,2.400,ZeroMinusTick,c22738c0-6791-59cb-a795-e957a9a0bd9e,9.36e+08,3.9,9.36
1658190623,ALICEUSDT,Buy,0.7,2.400,ZeroMinusTick,633291c0-48e5-5eea-ab68-e3c52917a671,1.68e+08,0.7,1.68
1658190623,ALICEUSDT,Buy,2.1,2.400,ZeroMinusTick,9dc2bc21-0d43-5cf1-953a-bf94bf980ff5,5.04e+08,2.1,5.04
1658190623,ALICEUSDT,Buy,0.2,2.400,ZeroMinusTick,1bac2608-d14d-5630-9a77-45e4c776df3d,4.8e+07,0.2,0.48
1658190623,ALICEUSDT,Buy,16.5,2.400,ZeroMinusTick,35eb812b-069e-5ba9-a07a-f4b45fe8930d,3.96e+09,16.5,39.6
1658190623,ALICEUSDT,Buy,0.8,2.400,ZeroMinusTick,87039ad5-2d88-5149-9028-f91d321e9e36,1.92e+08,0.8,1.92
1658190623,ALICEUSDT,Buy,1123.2,2.400,ZeroMinusTick,26d2834c-c368-5054-94db-da07556b93a7,2.6956799999999997e+11,1123.2,2695.68
1658190630,ALICEUSDT,Sell,0.5,2.400,ZeroMinusTick,56553db4-545e-5f3d-bb7e-206e0b7646f3,1.2e+08,0.5,1.2
1658190652,ALICEUSDT,Sell,126.8,2.400,ZeroMinusTick,8e03c301-d25e-5bb5-b388-3dc09bad8871,3.0432e+10,126.8,304.32
1658190652,ALICEUSDT,Sell,927.9,2.400,ZeroMinusTick,f13fd945-b4ac-5848-af9e-de85acd08ba5,2.22696e+11,927.9,2226.96
1658190652,ALICEUSDT,Sell,41.9,2.400,ZeroMinusTick,ebe4c36d-f33f-5f0e-85ba-7fa4733afabd,1.0055999999999998e+10,41.9,100.55999999999999
1658190652,ALICEUSDT,Sell,83.9,2.400,ZeroMinusTick,6b40aad1-b7d9-5e93-98f3-4f2c793c43b1,2.0136e+10,83.9,201.36
1658190663,ALICEUSDT,Buy,803,2.400,ZeroMinusTick,09bb3801-f769-5858-aab7-fc6a6a1cf786,1.9271999999999997e+11,803,1927.1999999999998
1658190663,ALICEUSDT,Buy,967,2.400,ZeroMinusTick,2ed40c4b-7eaa-5877-b10d-67c979880fd7,2.3207999999999997e+11,967,2320.7999999999997
1658190676,ALICEUSDT,Buy,1108.2,2.405,PlusTick,e81f52d8-050c-5a17-ad0f-8bf1633a52f7,2.665221e+11,1108.2,2665.221
1658190676,ALICEUSDT,Buy,1319.3,2.405,ZeroMinusTick,bffc92bf-0370-5643-a8a5-4566011cf235,3.1729165e+11,1319.3,3172.9165
1658190676,ALICEUSDT,Buy,165,2.405,ZeroMinusTick,40d49aab-7c49-5f04-86bd-a45f774578bd,3.96825e+10,165,396.825
1658190676,ALICEUSDT,Buy,207.9,2.405,ZeroMinusTick,d11b217d-c5f8-5d37-b4fb-6bf694d66b3a,4.999994999999999e+10,207.9,499.99949999999995
1658190676,ALICEUSDT,Buy,1250,2.405,ZeroMinusTick,b2e71e17-56b5-5b46-98b5-c649e4e6b271,3.0062499999999994e+11,1250,3006.2499999999995
1658190676,ALICEUSDT,Buy,440.2,2.405,ZeroMinusTick,52751e74-be25-5e82-a437-3afc196e53a6,1.0586809999999998e+11,440.2,1058.6809999999998
1658190676,ALICEUSDT,Buy,289.9,2.405,ZeroMinusTick,12970a50-e908-50c8-834f-0cbc9e561267,6.972095e+10,289.9,697.2094999999999
1658190676,ALICEUSDT,Buy,333.3,2.405,ZeroMinusTick,4cab373a-a833-5b19-a5d8-e628685356e8,8.015865e+10,333.3,801.5865
1658190676,ALICEUSDT,Buy,226.9,2.405,ZeroMinusTick,1bbc8084-4983-5616-ba86-01c80b1e696f,5.456944999999999e+10,226.9,545.6945
1658190676,ALICEUSDT,Buy,83.2,2.405,ZeroMinusTick,eb40e14e-021c-548a-804f-d31815e6a085,2.00096e+10,83.2,200.096
1658190676,ALICEUSDT,Buy,332.8,2.405,ZeroMinusTick,d7cc2c1d-917f-53a5-8c00-c8807b8b47b3,8.00384e+10,332.8,800.384
1658190676,ALICEUSDT,Buy,195.7,2.405,ZeroMinusTick,117fcaf2-55f8-5da3-840b-392dc2a6ec1a,4.706584999999999e+10,195.7,470.65849999999995
1658190692,ALICEUSDT,Buy,1250,2.400,MinusTick,724f1c47-fc16-59ec-8ad2-fd88277369bd,3e+11,1250,3000
1658190699,ALICEUSDT,Sell,196.3,2.400,ZeroMinusTick,86d5d3bd-fdba-550f-9eea-4352925bfd5b,4.7112e+10,196.3,471.12
1658190699,ALICEUSDT,Sell,703,2.400,ZeroMinusTick,fa53afe6-659a-5c34-bd6f-9052efe484be,1.6872e+11,703,1687.2
1658190745,ALICEUSDT,Sell,83.9,2.395,MinusTick,a56ca0db-b66a-5239-b000-311bcec99aeb,2.009405e+10,83.9,200.94050000000001
1658190764,ALICEUSDT,Sell,12.7,2.390,MinusTick,a4c7b6da-059e-5f95-ae8b-d54e62c7e7f4,3.0353e+09,12.7,30.353
1658190764,ALICEUSDT,Sell,0.1,2.390,ZeroMinusTick,1f65eabc-1aaa-5dba-b71c-1ba95e8bbe54,2.39e+07,0.1,0.23900000000000002
1658190764,ALICEUSDT,Sell,329.2,2.390,ZeroMinusTick,ab6e2e92-f338-50af-a516-a4ee6422df90,7.86788e+10,329.2,786.788
1658190764,ALICEUSDT,Sell,83.9,2.390,ZeroMinusTick,f9de0876-9a73-5de0-8abb-c6e2435e8b2d,2.00521e+10,83.9,200.52100000000002
1658190764,ALICEUSDT,Sell,104.4,2.390,ZeroMinusTick,0558762d-662e-520f-9bf2-bf7e8e354b0f,2.4951600000000004e+10,104.4,249.51600000000002
1658190778,ALICEUSDT,Sell,70.8,2.385,MinusTick,2021076b-897d-5774-9880-86ddf3d08460,1.6885799999999998e+10,70.8,168.85799999999998
1658190800,ALICEUSDT,Buy,0.1,2.385,ZeroMinusTick,bdd255dd-8cd2-5bdf-905a-1430f03c6f36,2.385e+07,0.1,0.2385
1658190814,ALICEUSDT,Sell,3.3,2.380,MinusTick,db68e2ad-c60d-5881-a991-8150c2116021,7.853999999999999e+08,3.3,7.853999999999999
1658190814,ALICEUSDT,Sell,104.8,2.380,ZeroMinusTick,4ae33b4e-3e74-5f6f-8840-6473291700fa,2.4942399999999996e+10,104.8,249.42399999999998
1658190814,ALICEUSDT,Sell,760.7,2.380,ZeroMinusTick,78317a2c-47cf-5bc9-8cae-f56b1e1cea6e,1.810466e+11,760.7,1810.4660000000001
1658190814,ALICEUSDT,Sell,1078.9,2.380,ZeroMinusTick,fa42b89f-6be4-52d8-9412-800a14aa4b91,2.5677820000000003e+11,1078.9,2567.782
1658190814,ALICEUSDT,Sell,52.3,2.380,ZeroMinusTick,539af3a4-1a7d-5be7-bd7f-83a6f872d751,1.2447399999999998e+10,52.3,124.47399999999999
1658190814,ALICEUSDT,Sell,1177.1,2.380,ZeroMinusTick,9da4015c-cb17-5f9c-b4b5-6283d00874fd,2.8014979999999994e+11,1177.1,2801.4979999999996
1658190815,ALICEUSDT,Sell,0.1,2.380,ZeroMinusTick,7661eb1a-877d-5934-a783-3e95bb8fae18,2.38e+07,0.1,0.238
1658190816,ALICEUSDT,Buy,238.4,2.380,ZeroMinusTick,5fe9dd57-0c30-5d7b-a379-e140685e03c5,5.673919999999999e+10,238.4,567.3919999999999
1658190835,ALICEUSDT,Sell,884.9,2.380,ZeroMinusTick,3d89091d-ae64-5deb-a67e-f4b81b1c7c82,2.106062e+11,884.9,2106.062
1658190835,ALICEUSDT,Sell,47,2.380,ZeroMinusTick,7b585891-5641-5807-a07e-893af07b3ee2,1.1186e+10,47,111.86
1658190842,ALICEUSDT,Buy,238.4,2.380,ZeroMinusTick,1664e2e9-04fd-568c-bce8-045fd6be7211,5.673919999999999e+10,238.4,567.3919999999999
1658190842,ALICEUSDT,Buy,41.9,2.380,ZeroMinusTick,1a0cabb2-6185-5129-b4a0-f2b6e8d2c7fd,9.9722e+09,41.9,99.722
1658190858,ALICEUSDT,Buy,238.4,2.385,PlusTick,1e063c1c-5903-5a3c-b1de-5deaa37aa8ba,5.685839999999999e+10,238.4,568.584
1658190880,ALICEUSDT,Sell,238.4,2.380,MinusTick,f0170e75-7773-5307-a975-75a9b4281710,5.673919999999999e+10,238.4,567.3919999999999
1658190880,ALICEUSDT,Sell,795.1,2.380,ZeroMinusTick,68a2b683-1df3-547f-96b9-ebe3effb8713,1.892338e+11,795.1,1892.338
1658190880,ALICEUSDT,Sell,813.8,2.380,ZeroMinusTick,5067899a-b262-5c64-ab2f-3addc3103533,1.9368439999999997e+11,813.8,1936.8439999999998
1658190880,ALICEUSDT,Sell,238.4,2.380,ZeroMinusTick,d9dddafa-db60-5991-844f-34a70a5b3d6d,5.673919999999999e+10,238.4,567.3919999999999
1658190880,ALICEUSDT,Sell,27.9,2.380,ZeroMinusTick,677c7007-56cb-52de-a421-4e9647fc9fdc,6.640199999999999e+09,27.9,66.40199999999999
1658190890,ALICEUSDT,Buy,1.3,2.380,ZeroMinusTick,881b4be1-29d1-567f-808c-379442ce194b,3.094e+08,1.3,3.094
1658190903,ALICEUSDT,Buy,832.6,2.375,MinusTick,2ae47231-414a-5963-a336-b44843d350e0,1.977425e+11,832.6,1977.425
1658190908,ALICEUSDT,Sell,51.3,2.370,MinusTick,1dba5b86-44be-58ab-b4ad-710099d11677,1.21581e+10,51.3,121.581
1658190908,ALICEUSDT,Sell,105.1,2.370,ZeroMinusTick,ef03813c-1f7f-5dce-965e-77049f9a5bb0,2.49087e+10,105.1,249.087
1658190908,ALICEUSDT,Sell,23,2.365,MinusTick,2d8a60fc-d13d-5c43-83cd-20dd8c5715c8,5.4395e+09,23,54.395
1658190909,ALICEUSDT,Buy,1250,2.370,PlusTick,57c6ae5c-f3e5-5f8a-a50b-e62aacce8055,2.9625e+11,1250,2962.5
1658190909,ALICEUSDT,Buy,238.4,2.370,ZeroMinusTick,c293815c-2c07-58ce-a71f-d2fb4ed9b15a,5.650080000000001e+10,238.4,565.008
1658190913,ALICEUSDT,Sell,238.4,2.370,ZeroMinusTick,c713be34-4dac-5de8-9a9a-244926f83b15,5.650080000000001e+10,238.4,565.008
1658190917,ALICEUSDT,Buy,8.2,2.370,ZeroMinusTick,d98dfa17-d23a-558e-88d3-59cc7eeedd40,1.9433999999999998e+09,8.2,19.433999999999997
1658190917,ALICEUSDT,Buy,11,2.370,ZeroMinusTick,3510b91d-4014-5d6f-9513-927286f804d2,2.607e+09,11,26.07
1658190917,ALICEUSDT,Buy,28.8,2.370,ZeroMinusTick,d6066476-7d15-5c7f-a530-c9ef99d1b977,6.8256e+09,28.8,68.256
1658190917,ALICEUSDT,Buy,189.1,2.370,ZeroMinusTick,425fdaf3-35a0-547d-8d21-0a9881dbcc38,4.48167e+10,189.1,448.16700000000003
1658190917,ALICEUSDT,Buy,484.1,2.370,ZeroMinusTick,04800e32-86da-5732-a240-e69ba64a1ec0,1.147317e+11,484.1,1147.317
1658190917,ALICEUSDT,Buy,4.6,2.370,ZeroMinusTick,f8f1923b-575f-5fc4-90ed-e8e11594e7f0,1.0902e+09,4.6,10.902
1658190917,ALICEUSDT,Buy,0.1,2.370,ZeroMinusTick,2b6c374e-9fd1-5951-ac8a-0fe1cd5fd68b,2.37e+07,0.1,0.23700000000000002
1658190917,ALICEUSDT,Buy,4.4,2.370,ZeroMinusTick,7b163506-ef25-5737-b75d-00242b168986,1.0428000000000001e+09,4.4,10.428
1658190917,ALICEUSDT,Buy,20.6,2.370,ZeroMinusTick,2321a8a5-b9b3-5bbd-814d-523fa1f108b1,4.8822e+09,20.6,48.822
1658190917,ALICEUSDT,Buy,92.8,2.370,ZeroMinusTick,2ff1dd96-7fb8-5188-8009-08ce77fafa92,2.19936e+10,92.8,219.936
1658190917,ALICEUSDT,Buy,241.7,2.370,ZeroMinusTick,3b2097fc-7045-5b78-b3fa-7714b9d43026,5.728289999999999e+10,241.7,572.829
1658190917,ALICEUSDT,Buy,15.2,2.370,ZeroMinusTick,1ebbc28d-9f3d-5dcd-9780-f6ff24d0b689,3.6024e+09,15.2,36.024
1658190917,ALICEUSDT,Buy,84.7,2.370,ZeroMinusTick,9eb5b397-dcfa-5c47-84f3-3e7ce224a71a,2.00739e+10,84.7,200.739
1658190917,ALICEUSDT,Buy,13.7,2.370,ZeroMinusTick,82ee1696-085e-5946-9a26-d3720c746eac,3.2469e+09,13.7,32.469
1658190917,ALICEUSDT,Buy,28.2,2.370,ZeroMinusTick,9a882f51-7557-5580-908b-3f3040738851,6.6834e+09,28.2,66.834
1658190917,ALICEUSDT,Buy,238.4,2.370,ZeroMinusTick,4591d701-f1d9-5203-8618-36feca4fbd3b,5.650080000000001e+10,238.4,565.008
1658190935,ALICEUSDT,Buy,1122.2,2.375,PlusTick,2e9abaea-9185-5e15-93b2-082daa657597,2.665225e+11,1122.2,2665.225
1658190935,ALICEUSDT,Buy,1379.6,2.375,ZeroMinusTick,5dab13ea-83bc-5f88-a10e-91822158f5e9,3.27655e+11,1379.6,3276.5499999999997
1658190935,ALICEUSDT,Buy,83.9,2.375,ZeroMinusTick,bf68ce98-2d4c-52de-990b-c01b8c3463d6,1.992625e+10,83.9,199.26250000000002
1658190935,ALICEUSDT,Buy,41.9,2.375,ZeroMinusTick,62dd2598-a147-5e1e-830a-9a99838de813,9.95125e+09,41.9,99.5125
1658190935,ALICEUSDT,Buy,12.4,2.375,ZeroMinusTick,4c4e0fdc-0ad9-5988-8900-bfea08d479b8,2.945e+09,12.4,29.45
1658190935,ALICEUSDT,Buy,1204.9,2.375,ZeroMinusTick,66b6a477-c7f5-5587-89f7-7c5037a50758,2.8616375e+11,1204.9,2861.6375000000003
1658190935,ALICEUSDT,Buy,749.9,2.375,ZeroMinusTick,48749867-f3d9-5ae7-adec-78c5313273f1,1.7810125e+11,749.9,1781.0125
1658190935,ALICEUSDT,Buy,744.3,2.375,ZeroMinusTick,7357d188-08a9-52aa-b845-8761d2effd99,1.7677125e+11,744.3,1767.7124999999999
1658190943,ALICEUSDT,Sell,238.4,2.375,ZeroMinusTick,ac2ffa97-1a16-5964-ba00-06fb6afcc0fb,5.662000000000001e+10,238.4,566.2
1658190943,ALICEUSDT,Sell,882.4,2.375,ZeroMinusTick,fe9e4058-9591-5f53-84b2-4847aeef5abb,2.0956999999999997e+11,882.4,2095.7
1658190944,ALICEUSDT,Sell,4.2,2.370,MinusTick,4d34797d-d561-521b-9d0e-b49962eccad3,9.954000000000001e+08,4.2,9.954
1658190974,ALICEUSDT,Buy,237.1,2.380,PlusTick,ba6215dc-f31e-53e3-a3ce-38a326bf965e,5.64298e+10,237.1,564.298
1658190985,ALICEUSDT,Sell,529.5,2.380,ZeroMinusTick,940b299f-10fc-5b66-893b-811129cf6aa3,1.26021e+11,529.5,1260.21
1658190985,ALICEUSDT,Sell,11.9,2.380,ZeroMinusTick,ca8b9ab3-6adb-557a-b40a-215990986e5a,2.8322e+09,11.9,28.322
1658190985,ALICEUSDT,Sell,17.6,2.380,ZeroMinusTick,09be0fee-4729-5187-833b-9ca1d716a197,4.1888e+09,17.6,41.888
1658190985,ALICEUSDT,Sell,8.8,2.380,ZeroMinusTick,da0e6ec6-6915-5c2b-bf56-abfbd959381f,2.0944e+09,8.8,20.944
1658190985,ALICEUSDT,Sell,1.9,2.380,ZeroMinusTick,2e3c71b0-6482-5c7b-a62b-089dcfc5ceaf,4.5219999999999994e+08,1.9,4.521999999999999
1658190985,ALICEUSDT,Sell,56.3,2.380,ZeroMinusTick,81d14707-994d-508a-985d-78d28f1dab26,1.33994e+10,56.3,133.994
1658190985,ALICEUSDT,Sell,23.6,2.380,ZeroMinusTick,d46cb5bb-cdc4-5980-948f-fb0d55375c7b,5.6168e+09,23.6,56.168
1658190985,ALICEUSDT,Sell,259.2,2.380,ZeroMinusTick,cf8b43b7-d968-5a96-8627-d194093fc237,6.168959999999999e+10,259.2,616.896
1658190985,ALICEUSDT,Sell,7.1,2.380,ZeroMinusTick,fac1dcf6-6170-5853-934f-8b583bb85eb5,1.6898e+09,7.1,16.898
1658190985,ALICEUSDT,Sell,238.4,2.380,ZeroMinusTick,2e0614b0-1090-516e-bf2b-f1d76920e526,5.673919999999999e+10,238.4,567.3919999999999
1658190985,ALICEUSDT,Sell,19.3,2.380,ZeroMinusTick,f0265b89-81a9-5cd0-aef9-d022f8443ba5,4.5934e+09,19.3,45.934
1658190985,ALICEUSDT,Sell,4.2,2.380,ZeroMinusTick,dfe7c145-abfb-5119-af01-cdb37ec8343f,9.996e+08,4.2,9.996
1658190985,ALICEUSDT,Sell,321,2.380,ZeroMinusTick,02666b55-38e6-51da-9abb-e3aa2e39afea,7.6398e+10,321,763.98
1658190985,ALICEUSDT,Sell,639.6,2.380,ZeroMinusTick,abff845e-b319-5c70-8e8c-ed51aa262106,1.522248e+11,639.6,1522.248
1658190985,ALICEUSDT,Sell,83.9,2.380,ZeroMinusTick,b1950433-c932-5f7c-8607-9fde785a0f8e,1.99682e+10,83.9,199.68200000000002
1658190985,ALICEUSDT,Sell,41.9,2.380,ZeroMinusTick,869deed4-f2c5-54f8-9667-bf5bb83b658f,9.9722e+09,41.9,99.722
1658190985,ALICEUSDT,Sell,17.9,2.380,ZeroMinusTick,a979ecf8-3d08-5115-ab2b-97cbadaef7bc,4.2601999999999995e+09,17.9,42.602
1658190985,ALICEUSDT,Sell,215,2.380,ZeroMinusTick,dad587d3-bb0d-5ac8-aaa4-01016e5b71a9,5.117e+10,215,511.7
1658190997,ALICEUSDT,Sell,153.7,2.375,MinusTick,267d945a-1bab-54b7-9d5c-fdf62038864e,3.650375e+10,153.7,365.03749999999997
1658190997,ALICEUSDT,Sell,80.5,2.375,ZeroMinusTick,6f003385-5196-57e7-8b47-db683a471e97,1.911875e+10,80.5,191.1875
1658191024,ALICEUSDT,Sell,234.2,2.370,MinusTick,cff431d8-f45d-520e-996e-464ff6081a6d,5.55054e+10,234.2,555.054
1658191024,ALICEUSDT,Sell,105.3,2.370,ZeroMinusTick,13a72d75-df86-5ce3-8414-f073b34a5020,2.49561e+10,105.3,249.561
1658191034,ALICEUSDT,Buy,238.4,2.370,ZeroMinusTick,cd7e9ae3-936c-568b-bf11-81c59bd76c73,5.650080000000001e+10,238.4,565.008
1658191034,ALICEUSDT,Buy,250.4,2.370,ZeroMinusTick,95b347d2-baa9-5ce5-ba55-a14655bf81bd,5.934480000000001e+10,250.4,593.4480000000001
1658191034,ALICEUSDT,Buy,4240.2,2.370,ZeroMinusTick,12f01571-435f-52e0-a991-38304ea4eba4,1.0049274e+12,4240.2,10049.274
1658191034,ALICEUSDT,Buy,723.5,2.370,ZeroMinusTick,d5476e31-e8e0-5bce-bbb8-7614279bd92b,1.7146950000000003e+11,723.5,1714.6950000000002
1658191034,ALICEUSDT,Buy,15.4,2.370,ZeroMinusTick,b34f13a2-85bb-55d7-8219-0f231f34c299,3.6498000000000005e+09,15.4,36.498000000000005
1658191034,ALICEUSDT,Buy,10.5,2.370,ZeroMinusTick,17829ca0-6ab9-5690-9fb1-002eba6f5cea,2.4885e+09,10.5,24.885
1658191034,ALICEUSDT,Buy,0.1,2.370,ZeroMinusTick,b5296e78-dcb4-5f6a-a75d-6d11f70da932,2.37e+07,0.1,0.23700000000000002
1658191034,ALICEUSDT,Buy,46.7,2.370,ZeroMinusTick,31d9104f-1257-5dd9-b117-9835e8a5f450,1.1067900000000002e+10,46.7,110.67900000000002
1658191034,ALICEUSDT,Buy,625.3,2.370,ZeroMinusTick,0e3dd614-81ce-5cce-ac9f-6bf78eee661d,1.481961e+11,625.3,1481.961
1658191034,ALICEUSDT,Buy,173.8,2.370,ZeroMinusTick,07be3c0a-594c-5f89-a41f-256987e8a5f4,4.119060000000001e+10,173.8,411.90600000000006
1658191034,ALICEUSDT,Buy,238.4,2.370,ZeroMinusTick,f845ba73-1109-5833-86e6-cec75b4b6495,5.650080000000001e+10,238.4,565.008
1658191048,ALICEUSDT,Sell,964.2,2.365,MinusTick,abd484a1-0b43-5995-b457-52fa86ce8ed3,2.2803330000000006e+11,964.2,2280.3330000000005
1658191048,ALICEUSDT,Sell,1015.4,2.365,ZeroMinusTick,6b71323b-27a5-5de7-b9ff-0b3c835678ab,2.4014210000000003e+11,1015.4,2401.4210000000003
1658191048,ALICEUSDT,Sell,1250,2.365,ZeroMinusTick,97540dae-c4fc-56c3-aa12-4967ef63cc27,2.9562500000000006e+11,1250,2956.2500000000005
1658191048,ALICEUSDT,Sell,337.8,2.365,ZeroMinusTick,6a51e3e1-2153-5539-b515-d116ef5710ff,7.98897e+10,337.8,798.897
1658191048,ALICEUSDT,Sell,1295.8,2.365,ZeroMinusTick,1468e7cc-02a8-51ca-a73c-2b29ccadbc60,3.064567e+11,1295.8,3064.567
1658191048,ALICEUSDT,Sell,83.9,2.365,ZeroMinusTick,e78fd419-5ab3-5879-9104-f7291e14205c,1.984235e+10,83.9,198.42350000000002
1658191050,ALICEUSDT,Buy,28.9,2.365,ZeroMinusTick,a180293c-f9e0-5774-aeed-14cfc4b9c163,6.83485e+09,28.9,68.3485
1658191050,ALICEUSDT,Buy,165,2.365,ZeroMinusTick,0f9b254d-5bca-5248-b714-9caec1df0496,3.90225e+10,165,390.225
1658191050,ALICEUSDT,Buy,1250,2.365,ZeroMinusTick,77c2dc0a-1f87-5eb6-a268-51b7052d6cbf,2.9562500000000006e+11,1250,2956.2500000000005
1658191050,ALICEUSDT,Buy,238.4,2.370,PlusTick,ee8c962c-c415-54d6-a9c1-ce2ce79d85b8,5.650080000000001e+10,238.4,565.008
1658191050,ALICEUSDT,Buy,266.4,2.370,ZeroMinusTick,db0d47ae-d946-531e-afef-20c91e31c3c9,6.313679999999999e+10,266.4,631.3679999999999
1658191050,ALICEUSDT,Buy,117,2.365,MinusTick,c2d26669-0c09-5ff1-bb3e-9228ad503271,2.7670500000000004e+10,117,276.70500000000004
1658191051,ALICEUSDT,Buy,113,2.365,ZeroMinusTick,8e6cd2cf-2484-578c-9a81-5e1f7ab4c91a,2.67245e+10,113,267.245
1658191051,ALICEUSDT,Buy,43,2.365,ZeroMinusTick,ba342f2c-0861-5201-a491-c0e252fe7084,1.01695e+10,43,101.69500000000001
1658191058,ALICEUSDT,Buy,41.9,2.365,ZeroMinusTick,99ac061c-03a2-5aa8-95b8-6ff3521a7109,9.90935e+09,41.9,99.0935
1658191059,ALICEUSDT,Sell,238.4,2.365,ZeroMinusTick,20f3a5ba-d50a-5b1e-a123-c8639368ebcb,5.63816e+10,238.4,563.816
1658191063,ALICEUSDT,Sell,26.6,2.360,MinusTick,57765eb5-332e-50f6-8dfa-776163443236,6.2776e+09,26.6,62.776
1658191063,ALICEUSDT,Sell,161.8,2.360,ZeroMinusTick,a2e84e4a-a5cf-53df-859a-233c4254a44b,3.81848e+10,161.8,381.848
1658191063,ALICEUSDT,Sell,238.4,2.360,ZeroMinusTick,e2d3b76a-6888-5666-bf22-c906a0de146f,5.62624e+10,238.4,562.624
1658191085,ALICEUSDT,Buy,793,2.360,ZeroMinusTick,68e73cb8-5d3a-53a2-b97b-924542e72053,1.8714799999999997e+11,793,1871.4799999999998
1658191090,ALICEUSDT,Buy,0.7,2.365,PlusTick,8d827dfb-a81f-5ca1-b664-5fb0e9d0abe9,1.6555e+08,0.7,1.6555
1658191122,ALICEUSDT,Buy,237.7,2.365,ZeroMinusTick,c58ef035-15da-5ad4-9c2b-4369f7c3ba33,5.621605000000001e+10,237.7,562.1605000000001
1658191128,ALICEUSDT,Buy,1073.6,2.370,PlusTick,9591e235-7ac4-5ecd-9d03-fd6d7e8dc9d9,2.5444319999999997e+11,1073.6,2544.432
1658191128,ALICEUSDT,Buy,1250,2.370,ZeroMinusTick,7d255574-d8fd-5106-9047-35ec5999e095,2.9625e+11,1250,2962.5
1658191128,ALICEUSDT,Buy,959.5,2.370,ZeroMinusTick,52d09a1f-d1bb-5c17-ad8f-03c551f0bf9d,2.2740150000000003e+11,959.5,2274.0150000000003
1658191144,ALICEUSDT,Sell,238.4,2.370,ZeroMinusTick,f6652264-cf17-51cc-a351-4c7e2804b40a,5.650080000000001e+10,238.4,565.008
1658191144,ALICEUSDT,Sell,740.7,2.370,ZeroMinusTick,4cfb1d75-37c6-5dee-b374-6a2462898b15,1.7554590000000003e+11,740.7,1755.4590000000003
1658191147,ALICEUSDT,Buy,238.4,2.370,ZeroMinusTick,58a79188-65d5-5c56-b5fb-8aa423249020,5.650080000000001e+10,238.4,565.008
1658191158,ALICEUSDT,Sell,238.4,2.370,ZeroMinusTick,2603341e-c638-5db0-8ff7-84c5aab9a7f6,5.650080000000001e+10,238.4,565.008
1658191158,ALICEUSDT,Sell,1023.6,2.370,ZeroMinusTick,abd6105f-29ac-52e4-b52f-7d2bb1598d3f,2.4259320000000003e+11,1023.6,2425.9320000000002
1658191158,ALICEUSDT,Sell,165,2.370,ZeroMinusTick,463eb11f-2e79-5eaf-b285-483f3beb506d,3.9105e+10,165,391.05
1658191186,ALICEUSDT,Sell,238.4,2.365,MinusTick,008e09fe-ce9c-5999-9b08-05905022aff5,5.63816e+10,238.4,563.816
1658191186,ALICEUSDT,Sell,165,2.365,ZeroMinusTick,290f159d-58a2-57e8-80a5-3e44d4df3f86,3.90225e+10,165,390.225
1658191186,ALICEUSDT,Sell,41.9,2.365,ZeroMinusTick,7f24db26-92e9-5217-926a-eb60d20c110a,9.90935e+09,41.9,99.0935
1658191186,ALICEUSDT,Sell,83.9,2.365,ZeroMinusTick,e84f1c59-07c1-52a4-8289-31df05efb63a,1.984235e+10,83.9,198.42350000000002
1658191190,ALICEUSDT,Sell,0.4,2.360,MinusTick,bffc7908-00d1-5a3f-9165-f02b2c6c4839,9.44e+07,0.4,0.944
1658191223,ALICEUSDT,Buy,865.8,2.365,PlusTick,bee3dbc8-ff20-5f9d-85d8-b46fdbeed5d2,2.0476170000000003e+11,865.8,2047.6170000000002
1658191224,ALICEUSDT,Buy,238.4,2.370,PlusTick,884bd57b-7106-508f-a640-d5ab17a0cc94,5.650080000000001e+10,238.4,565.008
1658191224,ALICEUSDT,Buy,105.5,2.370,ZeroMinusTick,3e076df4-77e5-55a7-b2ea-f4560046b431,2.5003500000000004e+10,105.5,250.03500000000003
1658191224,ALICEUSDT,Buy,165,2.370,ZeroMinusTick,224f3f1b-8690-52f0-ba0d-79cbacf3c47f,3.9105e+10,165,391.05
1658191224,ALICEUSDT,Buy,41.9,2.370,ZeroMinusTick,29c2fd2e-0397-5132-8f86-43f07ffaa572,9.9303e+09,41.9,99.303
1658191224,ALICEUSDT,Buy,83.9,2.370,ZeroMinusTick,251ed322-cc43-5f71-9411-5e542de3fa18,1.98843e+10,83.9,198.84300000000002
1658191224,ALICEUSDT,Buy,231.1,2.370,ZeroMinusTick,d34b3297-7616-5101-8838-9127a50736b1,5.47707e+10,231.1,547.707
1658191242,ALICEUSDT,Buy,238.4,2.365,MinusTick,9e3e92a5-225f-54e5-9149-3ecaccac6888,5.63816e+10,238.4,563.816
1658191242,ALICEUSDT,Buy,769.5,2.370,PlusTick,e29beb2b-ba5e-5dcb-ac48-e092bf9aa7fa,1.823715e+11,769.5,1823.7150000000001
