timestamp,symbol,side,size,price,tickDirection,trdMatchID,grossValue,homeNotional,foreignNotional
1658188810,ALPHAUSDT,Sell,55,0.13900,MinusTick,85d61426-5697-57f9-809c-1cbedffd0015,7.645e+08,55,7.6450000000000005
1658188844,ALPHAUSDT,Sell,649,0.13900,ZeroMinusTick,d1c53dc3-3eaf-5583-89f0-991b2b9f6dc2,9.021100000000002e+09,649,90.21100000000001
1658188844,ALPHAUSDT,Sell,2750,0.13900,ZeroMinusTick,6b8f8f77-2a1a-52e6-a57a-f2019c8cdcd4,3.822500000000001e+10,2750,382.25000000000006
1658188846,ALPHAUSDT,Sell,101,0.13900,ZeroMinusTick,812e578f-352b-5dd4-93b8-3b53df12dcc6,1.4039000000000002e+09,101,14.039000000000001
1658188846,ALPHAUSDT,Sell,1745,0.13900,ZeroMinusTick,e4580d5b-b49e-597c-a63b-c430acbf3b17,2.4255500000000004e+10,1745,242.55500000000004
1658188857,ALPHAUSDT,Sell,2750,0.13870,MinusTick,453f81fa-ab19-548a-8554-afbce752b039,3.814249999999999e+10,2750,381.42499999999995
1658188865,ALPHAUSDT,Sell,720,0.13850,MinusTick,8b4d79db-b157-5280-9bad-81efa13dada5,9.972000000000002e+09,720,99.72000000000001
1658188865,ALPHAUSDT,Sell,3500,0.13845,MinusTick,50abd4c0-64c6-58ec-8c70-284c4541d006,4.84575e+10,3500,484.575
1658188866,ALPHAUSDT,Buy,3500,0.13850,PlusTick,057f30a5-4caf-54df-b8cc-e34367e346d8,4.847500000000001e+10,3500,484.75000000000006
1658188868,ALPHAUSDT,Buy,3500,0.13840,MinusTick,250fb87d-2cd6-55c7-a7e1-ec642ad87cca,4.844e+10,3500,484.4
1658188872,ALPHAUSDT,Sell,2123,0.13830,MinusTick,1aedd20c-9304-5682-a21a-22d6d4254962,2.936109e+10,2123,293.6109
1658188889,ALPHAUSDT,Sell,3851,0.13790,MinusTick,f99f74ca-811e-57a4-b49a-5f8639b9b2b9,5.310529e+10,3851,531.0529
1658188889,ALPHAUSDT,Sell,500,0.13790,ZeroMinusTick,03d1624f-6015-5997-9817-077ed2c8e6cc,6.895e+09,500,68.95
1658188889,ALPHAUSDT,Sell,3500,0.13790,ZeroMinusTick,5f341307-1276-57d2-8b62-70863b4d975c,4.8265e+10,3500,482.65
1658188890,ALPHAUSDT,Buy,3500,0.13790,ZeroMinusTick,ac7ffe45-974e-56da-8f71-1d205be01bdb,4.8265e+10,3500,482.65
1658188893,ALPHAUSDT,Buy,3500,0.13795,PlusTick,e744166a-bfef-5718-8602-c49afa22643a,4.82825e+10,3500,482.825
1658188894,ALPHAUSDT,Sell,1279,0.13775,MinusTick,9b22f76e-ab9d-5086-a755-8d14a29a05b6,1.7618225e+10,1279,176.18225
1658188899,ALPHAUSDT,Buy,3500,0.13775,ZeroMinusTick,80339a4e-25fc-5c44-8113-766a8f9f6753,4.821250000000001e+10,3500,482.12500000000006
1658188899,ALPHAUSDT,Buy,5411,0.13775,ZeroMinusTick,44743d32-ca33-5623-bcf8-410f7bc4ffd0,7.4536525e+10,5411,745.3652500000001
1658188905,ALPHAUSDT,Sell,4364,0.13750,MinusTick,0bc47877-23dd-5061-a60c-3d1568c83bd5,6.000500000000001e+10,4364,600.0500000000001
1658188905,ALPHAUSDT,Sell,726,0.13750,ZeroMinusTick,af460697-71ac-537a-8c5a-bda54f4f68a8,9.9825e+09,726,99.825
1658188905,ALPHAUSDT,Buy,2752,0.13755,PlusTick,35de6549-685f-5579-b791-508f496ee03a,3.785376e+10,2752,378.5376
1658188908,ALPHAUSDT,Buy,3500,0.13765,PlusTick,9c97a448-7c52-5bc4-bea9-792d1f92f44f,4.81775e+10,3500,481.775
1658188908,ALPHAUSDT,Buy,9556,0.13765,ZeroMinusTick,0c700562-4733-55f1-ad10-0bf48aa754bc,1.3153834e+11,9556,1315.3834
1658188908,ALPHAUSDT,Buy,2349,0.13765,ZeroMinusTick,2c7c97cc-c702-5fb2-b1e7-4d6f28ef443e,3.2333985e+10,2349,323.33985
1658188913,ALPHAUSDT,Buy,4362,0.13775,PlusTick,009399bf-9dc9-5302-90cd-1f48083579c7,6.008655e+10,4362,600.8655
1658188914,ALPHAUSDT,Buy,1731,0.13775,ZeroMinusTick,f962c9d8-bc8c-5e9b-8551-03b33635f0c4,2.3844525e+10,1731,238.44525000000002
1658188918,ALPHAUSDT,Buy,5810,0.13785,PlusTick,a1e203ba-d46e-5ca2-9030-717b7836b2e8,8.009085e+10,5810,800.9085
1658188918,ALPHAUSDT,Buy,3500,0.13785,ZeroMinusTick,f8fa9c07-30d5-5a71-afc6-dacde4c6d641,4.82475e+10,3500,482.475
1658188927,ALPHAUSDT,Buy,3463,0.13795,PlusTick,18b89d8b-85dd-5d55-93de-d9987be72c20,4.7772085e+10,3463,477.72085
1658188927,ALPHAUSDT,Buy,892,0.13795,ZeroMinusTick,ca15093a-d9ff-53dd-aea2-87c12946c562,1.2305139999999998e+10,892,123.05139999999999
1658188948,ALPHAUSDT,Sell,423,0.13805,PlusTick,67c8cd9d-9118-5f62-80a5-eef530d88eb0,5.839515e+09,423,58.39515
1658188948,ALPHAUSDT,Buy,1,0.13815,PlusTick,045d6a23-f576-5c04-8c16-d0f92882c568,1.3815e+07,1,0.13815
1658189079,ALPHAUSDT,Sell,3500,0.13860,PlusTick,a432b40d-b945-56c0-ba2e-49fc755d8300,4.851e+10,3500,485.1
1658189098,ALPHAUSDT,Sell,1,0.13880,PlusTick,32325487-fa41-5666-8f82-62f0e43f2b92,1.388e+07,1,0.1388
1658189118,ALPHAUSDT,Sell,100,0.13910,PlusTick,68c7130f-cc60-59ce-8171-97d2947be1e9,1.391e+09,100,13.91
1658189118,ALPHAUSDT,Buy,493,0.13920,PlusTick,2d971620-1c71-57d2-baf6-899e1a1718e6,6.862559999999999e+09,493,68.62559999999999
1658189179,ALPHAUSDT,Sell,9556,0.13825,MinusTick,b59a6b7e-1d3e-5c29-981c-0f863b5e61e0,1.3211170000000002e+11,9556,1321.1170000000002
1658189205,ALPHAUSDT,Sell,648,0.13840,PlusTick,f5524bde-d195-5a2e-af1f-63258fa26495,8.96832e+09,648,89.6832
1658189209,ALPHAUSDT,Sell,3500,0.13840,ZeroMinusTick,8b741211-9553-5fb5-9c72-95a28c9bc755,4.844e+10,3500,484.4
1658189214,ALPHAUSDT,Buy,9556,0.13870,PlusTick,63f2a9f2-3e0e-538b-920d-dc30d11abb97,1.3254171999999998e+11,9556,1325.4171999999999
1658189215,ALPHAUSDT,Buy,3500,0.13885,PlusTick,b90b95e6-1c22-5a38-857a-a89c5628929a,4.85975e+10,3500,485.975
1658189218,ALPHAUSDT,Sell,1,0.13880,MinusTick,29ed729a-7c8e-5562-8fdf-dd172af44092,1.388e+07,1,0.1388
1658189348,ALPHAUSDT,Sell,1,0.13995,PlusTick,5a86b3c6-b015-5a84-b70b-80cafef1c6c9,1.3995e+07,1,0.13995
1658189356,ALPHAUSDT,Sell,2750,0.14005,PlusTick,44e18a53-433f-5318-aebd-91b616fd6176,3.851375000000001e+10,2750,385.13750000000005
1658189356,ALPHAUSDT,Sell,6806,0.14005,ZeroMinusTick,90ce6003-21c6-52d0-8de6-6601fd789164,9.531803000000002e+10,6806,953.1803000000001
1658189361,ALPHAUSDT,Buy,3500,0.13985,MinusTick,e054cd71-74e3-5d56-8a01-d709de759d53,4.89475e+10,3500,489.475
1658189377,ALPHAUSDT,Buy,3500,0.13965,MinusTick,ee0ad938-5344-5d7a-bdb0-0e664acc969b,4.88775e+10,3500,488.775
1658189400,ALPHAUSDT,Sell,2386,0.13980,PlusTick,b62bbb7e-e4bb-52f8-acbc-ae00a6415893,3.3356280000000004e+10,2386,333.56280000000004
1658189400,ALPHAUSDT,Sell,1085,0.13980,ZeroMinusTick,d4d946a9-8e35-5e2d-8018-7bd167b5a42e,1.5168300000000002e+10,1085,151.68300000000002
1658189405,ALPHAUSDT,Buy,3500,0.13975,MinusTick,a58bd247-40ec-5094-917c-acd5bd4d09a8,4.891250000000001e+10,3500,489.12500000000006
1658189405,ALPHAUSDT,Buy,467,0.13980,PlusTick,0d9e0657-bc73-538f-ae06-9d7c10217e93,6.528660000000001e+09,467,65.2866
1658189425,ALPHAUSDT,Buy,3500,0.14015,PlusTick,cba20b72-f65a-540c-a20a-12c2039964b4,4.90525e+10,3500,490.525
1658189430,ALPHAUSDT,Sell,500,0.14010,MinusTick,b28de6bd-6fef-5c51-87c9-7f3fe6355884,7.005e+09,500,70.05
1658189448,ALPHAUSDT,Sell,1,0.14030,PlusTick,e2cbd02f-55cf-51d2-9fd8-458abedfa64f,1.403e+07,1,0.1403
1658189467,ALPHAUSDT,Buy,29,0.14085,PlusTick,85086149-4084-5737-9ed9-28055918a43d,4.08465e+08,29,4.08465
1658189469,ALPHAUSDT,Sell,3500,0.14090,PlusTick,ea6412aa-afe7-57bc-b0b1-f9e74ac1bdc2,4.9315e+10,3500,493.15
1658189469,ALPHAUSDT,Sell,467,0.14075,MinusTick,8a3948a7-61d7-5e80-8d30-b20834168b20,6.573025e+09,467,65.73025
1658189482,ALPHAUSDT,Buy,3000,0.14110,PlusTick,7836fd95-fc24-5632-a8d3-d7d4382b81d5,4.233e+10,3000,423.3
1658189496,ALPHAUSDT,Sell,3500,0.14120,PlusTick,d1883fc3-aa4b-519d-8054-ed6f5e0515c2,4.942e+10,3500,494.2
1658189497,ALPHAUSDT,Sell,3500,0.14110,MinusTick,8a4969d8-e3cc-564d-93fb-56a2d230084e,4.9385e+10,3500,493.85
1658189508,ALPHAUSDT,Buy,1,0.14045,MinusTick,317d354b-816b-558f-a338-22ca37908520,1.4045e+07,1,0.14045
1658189517,ALPHAUSDT,Buy,9556,0.14045,ZeroMinusTick,732d5516-bd2f-54ff-8c5f-465a2aef55b3,1.3421401999999998e+11,9556,1342.1401999999998
1658189517,ALPHAUSDT,Buy,5704,0.14045,ZeroMinusTick,d77c27b1-9cb7-564c-90fb-fbd23a7b6a72,8.011268e+10,5704,801.1268
1658189517,ALPHAUSDT,Buy,3500,0.14045,ZeroMinusTick,fc7d30bc-c52a-548c-b3ca-965d7868e600,4.91575e+10,3500,491.575
1658189526,ALPHAUSDT,Sell,565,0.14025,MinusTick,43ff1d78-8eab-53eb-a92d-15b209a4d744,7.924125000000001e+09,565,79.24125000000001
1658189529,ALPHAUSDT,Sell,1194,0.14010,MinusTick,19892987-5994-51e0-91a2-cf334f8d1b89,1.6727940000000002e+10,1194,167.2794
1658189534,ALPHAUSDT,Sell,1092,0.13980,MinusTick,734ae84d-4b44-5034-a715-573410e4f07b,1.5266160000000002e+10,1092,152.66160000000002
1658189534,ALPHAUSDT,Sell,1750,0.13980,ZeroMinusTick,38ddb5c3-e00c-577f-8f9d-8dbd7b30b740,2.4465e+10,1750,244.65
1658189535,ALPHAUSDT,Buy,2000,0.13965,MinusTick,07858431-fa3b-50ff-b189-75bb243e6337,2.793e+10,2000,279.3
1658189541,ALPHAUSDT,Buy,3500,0.13995,PlusTick,82e642c0-6cb3-5047-afad-fdfb0e183ee6,4.89825e+10,3500,489.825
1658189547,ALPHAUSDT,Sell,2912,0.14010,PlusTick,e183a8e6-8ff1-50fe-944f-88f534b3e2ee,4.079712e+10,2912,407.9712
1658189547,ALPHAUSDT,Sell,1138,0.14010,ZeroMinusTick,f132fb0c-d51a-51a4-b173-a96324975339,1.594338e+10,1138,159.4338
1658189553,ALPHAUSDT,Buy,3500,0.14005,MinusTick,c081ace2-427c-548c-9687-111fd15c9edd,4.90175e+10,3500,490.175
1658189562,ALPHAUSDT,Sell,3500,0.14050,PlusTick,b9361e8a-db62-5af4-956a-497a48f82b70,4.917500000000001e+10,3500,491.75000000000006
1658189563,ALPHAUSDT,Sell,3500,0.14050,ZeroMinusTick,7e5fd5df-7c71-54fb-b1df-4fc6fb9c0a75,4.917500000000001e+10,3500,491.75000000000006
1658189568,ALPHAUSDT,Buy,3500,0.14085,PlusTick,bfa2e1da-3e55-56ff-836d-2a5f575bf3a9,4.92975e+10,3500,492.975
1658189572,ALPHAUSDT,Buy,3500,0.14105,PlusTick,4940cd3f-771b-55f8-85c6-87dbc069e7b2,4.93675e+10,3500,493.675
1658189575,ALPHAUSDT,Sell,3500,0.14090,MinusTick,676cfd73-27b3-5b75-b9b5-a5f557eebd50,4.9315e+10,3500,493.15
1658189576,ALPHAUSDT,Sell,478,0.14075,MinusTick,de51d99b-dc87-53db-994d-47aef9bf317b,6.727849999999999e+09,478,67.2785
1658189576,ALPHAUSDT,Sell,3500,0.14070,MinusTick,8735dd73-ae49-58f2-b9e1-2cdfe18ddeee,4.9245e+10,3500,492.45
1658189577,ALPHAUSDT,Sell,3500,0.14080,PlusTick,36c383ee-cb5f-5bbf-a21c-3c35ec00d64b,4.928e+10,3500,492.8
1658189578,ALPHAUSDT,Buy,3500,0.14075,MinusTick,5e63b743-cde6-5e42-b7b9-cee9d5ff7d11,4.926249999999999e+10,3500,492.62499999999994
1658189578,ALPHAUSDT,Sell,100,0.14055,MinusTick,45163744-49e4-5a5f-8ff2-4875afad2ade,1.4055000000000002e+09,100,14.055000000000001
1658189583,ALPHAUSDT,Sell,3500,0.14090,PlusTick,fc915ec1-0ee1-5bf4-9fd5-15f5817b8a4e,4.9315e+10,3500,493.15
1658189584,ALPHAUSDT,Sell,3500,0.14075,MinusTick,d9194271-141b-5d6e-97e2-6856debfa8cd,4.926249999999999e+10,3500,492.62499999999994
1658189609,ALPHAUSDT,Buy,3500,0.14065,MinusTick,383cc91b-ba3b-59b8-abc3-21fff2712c3b,4.92275e+10,3500,492.275
1658189620,ALPHAUSDT,Sell,3500,0.14080,PlusTick,07891468-bf22-51c3-8fd4-25c593736e0f,4.928e+10,3500,492.8
1658189630,ALPHAUSDT,Sell,3500,0.14070,MinusTick,93608283-123d-5414-ad03-a6b0ca2cc4e8,4.9245e+10,3500,492.45
1658189635,ALPHAUSDT,Buy,3500,0.14075,PlusTick,018ef9ed-d690-5694-b9bc-a4e5fd1bf3f3,4.926249999999999e+10,3500,492.62499999999994
1658189650,ALPHAUSDT,Buy,3500,0.14065,MinusTick,97a5aa80-cef7-5d25-b2df-1d7deb8d1bc9,4.92275e+10,3500,492.275
1658189650,ALPHAUSDT,Sell,3500,0.14080,PlusTick,54b7738d-f4d2-5d0a-8792-f6693da5123e,4.928e+10,3500,492.8
1658189663,ALPHAUSDT,Buy,3500,0.14045,MinusTick,1dd6ae4a-c914-5660-bbf4-502fe3353d26,4.91575e+10,3500,491.575
1658189675,ALPHAUSDT,Buy,3500,0.14055,PlusTick,679b49b7-3368-5f45-93ae-d6bf2cde018b,4.91925e+10,3500,491.925
1658189708,ALPHAUSDT,Buy,3565,0.14025,MinusTick,98494082-86fe-52ae-b41a-10eed638818d,4.9999125e+10,3565,499.99125000000004
1658189708,ALPHAUSDT,Buy,3500,0.14025,ZeroMinusTick,c75f9483-5e8e-5a17-9473-2d656b229000,4.908750000000001e+10,3500,490.87500000000006
1658189710,ALPHAUSDT,Sell,311,0.14020,MinusTick,5deed76e-5964-520a-a3bd-faa3f3311fc9,4.36022e+09,311,43.602199999999996
1658189715,ALPHAUSDT,Buy,3500,0.14045,PlusTick,b3ab99fb-f86c-5297-b5ec-9c52d86d4c33,4.91575e+10,3500,491.575
1658189748,ALPHAUSDT,Sell,1,0.14090,PlusTick,dcf7cb94-2eba-5bf4-ae7c-751fa1456e10,1.409e+07,1,0.1409
1658189749,ALPHAUSDT,Sell,3499,0.14090,ZeroMinusTick,47368a06-b122-5481-a03d-b738c9e5f617,4.930091e+10,3499,493.0091
1658189751,ALPHAUSDT,Sell,3500,0.14090,ZeroMinusTick,d24151ce-ecd3-550c-bd16-fd74b7b26895,4.9315e+10,3500,493.15
1658189764,ALPHAUSDT,Sell,2750,0.14065,MinusTick,3f210fac-335a-5134-b670-de1d92bbb961,3.867875e+10,2750,386.78749999999997
1658189765,ALPHAUSDT,Buy,1828,0.14075,PlusTick,53a0f6b0-818a-5292-a62b-5bca25649768,2.57291e+10,1828,257.291
1658189765,ALPHAUSDT,Buy,644,0.14075,ZeroMinusTick,66affdd1-5b69-5bf7-b8c8-d6af1230812f,9.064299999999998e+09,644,90.64299999999999
1658189772,ALPHAUSDT,Buy,3500,0.14065,MinusTick,76cb5926-2f74-5c6f-aef2-9afa09be5d7a,4.92275e+10,3500,492.275
1658189781,ALPHAUSDT,Buy,3500,0.14055,MinusTick,8b25b0f3-bbd0-527d-8c0b-6dc4d35945a9,4.91925e+10,3500,491.925
1658189813,ALPHAUSDT,Sell,4000,0.13965,MinusTick,6ebac575-ec9f-5c29-8879-5f7de94cb201,5.586e+10,4000,558.6
1658189861,ALPHAUSDT,Buy,3500,0.14045,PlusTick,2728f62c-062f-5e60-b730-a742383c6ceb,4.91575e+10,3500,491.575
1658189878,ALPHAUSDT,Buy,1,0.14035,MinusTick,8a064638-7275-54cc-90b5-921b886e7413,1.4035e+07,1,0.14035
1658189885,ALPHAUSDT,Sell,3500,0.14030,MinusTick,f23a458b-550b-5ecd-8bb4-34145ae534a0,4.9105e+10,3500,491.05
1658189903,ALPHAUSDT,Sell,3500,0.14050,PlusTick,6ef01821-ce08-5eec-bb8d-55ad901cee0a,4.917500000000001e+10,3500,491.75000000000006
1658189922,ALPHAUSDT,Buy,3500,0.14015,MinusTick,691c34e1-c9c2-543d-9e3b-9e113208a870,4.90525e+10,3500,490.525
1658189942,ALPHAUSDT,Sell,9193,0.13995,MinusTick,722f3d08-ae4d-57f7-b8d5-e3aad71ebc88,1.28656035e+11,9193,1286.56035
1658189946,ALPHAUSDT,Buy,3500,0.14005,PlusTick,0948fd4b-6c01-5a7a-9920-d8c61bbc2a63,4.90175e+10,3500,490.175
1658190012,ALPHAUSDT,Buy,2733,0.13965,MinusTick,27247eac-2041-5ddb-9b1c-b22bd0d5f39f,3.8166345e+10,2733,381.66345
1658190027,ALPHAUSDT,Sell,3500,0.13960,MinusTick,68bfb10d-2d2c-50e8-b0ac-7eca381949ae,4.886e+10,3500,488.6
1658190029,ALPHAUSDT,Buy,3500,0.13955,MinusTick,db2f5f47-73d1-55de-bca2-c91459cfbd1d,4.88425e+10,3500,488.425
1658190035,ALPHAUSDT,Sell,11825,0.13940,MinusTick,74d9dec9-36e8-5325-9130-799f968b2242,1.648405e+11,11825,1648.405
1658190046,ALPHAUSDT,Buy,3500,0.13925,MinusTick,b7931e95-0084-5370-8bbc-a0be093ce95a,4.873750000000001e+10,3500,487.37500000000006
1658190068,ALPHAUSDT,Sell,3500,0.13940,PlusTick,c2808d53-332a-50f8-beba-b0d5c2f97f41,4.879e+10,3500,487.9
1658190097,ALPHAUSDT,Buy,6750,0.13960,PlusTick,d90d0034-6a7b-52fe-94fb-a7d892238bde,9.423e+10,6750,942.3000000000001
1658190098,ALPHAUSDT,Buy,11841,0.13965,PlusTick,76e78095-4eed-58a0-99fb-e5d65013703f,1.65359565e+11,11841,1653.59565
1658190117,ALPHAUSDT,Sell,3500,0.13960,MinusTick,25a1668f-592c-5680-b4d2-6a580f1e67fd,4.886e+10,3500,488.6
1658190136,ALPHAUSDT,Sell,3500,0.13980,PlusTick,40ebf9b1-5678-5cdc-b7a0-6945c5f11ab5,4.893e+10,3500,489.3
1658190188,ALPHAUSDT,Buy,1,0.13955,MinusTick,47ba8d15-d97f-530d-a0b9-e373e85c9173,1.3955e+07,1,0.13955
1658190217,ALPHAUSDT,Buy,5727,0.13985,PlusTick,615769b6-db89-5efb-8be1-173d8dfd0a9d,8.0092095e+10,5727,800.9209500000001
1658190217,ALPHAUSDT,Buy,3500,0.13985,ZeroMinusTick,1d9f9ff8-e21b-565f-8000-9caacf98b436,4.89475e+10,3500,489.475
1658190241,ALPHAUSDT,Buy,11768,0.14010,PlusTick,4e3d752b-0bb6-57c7-9360-9409e16ecccc,1.6486968e+11,11768,1648.6968
1658190256,ALPHAUSDT,Sell,3500,0.14010,ZeroMinusTick,ed8dba62-bfbd-5fd3-bb9d-e24c978dc81a,4.9035e+10,3500,490.35
1658190266,ALPHAUSDT,Buy,3500,0.13995,MinusTick,a5e41805-d1ac-5357-b175-581a5f5d3a08,4.89825e+10,3500,489.825
1658190267,ALPHAUSDT,Sell,3500,0.13990,MinusTick,fa6cb3c3-64bc-5e85-bd65-b77be6d31ec9,4.8965e+10,3500,489.65
1658190281,ALPHAUSDT,Sell,3500,0.13990,ZeroMinusTick,324d0971-d810-5871-a33d-3670af1e403f,4.8965e+10,3500,489.65
1658190283,ALPHAUSDT,Buy,3500,0.13985,MinusTick,6e106bf0-df0c-54d4-8caa-fe778256d4b2,4.89475e+10,3500,489.475
1658190324,ALPHAUSDT,Sell,261,0.14020,PlusTick,c7d52202-bb3d-5f05-912e-5bbcf25f9883,3.65922e+09,261,36.5922
1658190342,ALPHAUSDT,Sell,3500,0.14030,PlusTick,a8b16caa-1196-5140-be36-34ab5b136f27,4.9105e+10,3500,491.05
1658190368,ALPHAUSDT,Buy,18,0.14040,PlusTick,b1134b78-ce0b-5422-a2da-a39f7e286e90,2.5272e+08,18,2.5272
1658190368,ALPHAUSDT,Sell,3500,0.14030,MinusTick,0ef49466-2876-52ad-aaa9-6fce60957438,4.9105e+10,3500,491.05
1658190372,ALPHAUSDT,Sell,3500,0.14020,MinusTick,b871dc7a-52d8-5357-af1e-22af17e35890,4.907e+10,3500,490.7
1658190383,ALPHAUSDT,Buy,3500,0.14025,PlusTick,a7ee7f56-4f41-5de4-820f-2732b5a1530e,4.908750000000001e+10,3500,490.87500000000006
1658190413,ALPHAUSDT,Buy,3500,0.13995,MinusTick,9475fc17-4f4b-5204-9f3b-d77316b884b2,4.89825e+10,3500,489.825
1658190415,ALPHAUSDT,Buy,3500,0.13985,MinusTick,ad50a90d-48c0-5c85-88c5-858b67fe5c41,4.89475e+10,3500,489.475
1658190427,ALPHAUSDT,Buy,3500,0.13985,ZeroMinusTick,e013caea-4cfc-5b12-a83a-cba74a58d4f3,4.89475e+10,3500,489.475
1658190463,ALPHAUSDT,Sell,437,0.13945,MinusTick,409f2105-7ead-5e71-a380-a3555fd1abc9,6.093964999999999e+09,437,60.93964999999999
1658190478,ALPHAUSDT,Buy,1,0.13935,MinusTick,426526d5-b71d-5806-98c4-6b96d9e362a9,1.3935e+07,1,0.13935
1658190499,ALPHAUSDT,Sell,2920,0.13935,ZeroMinusTick,b8a4f0c1-fde6-5e41-905d-1197895f692c,4.06902e+10,2920,406.902
1658190499,ALPHAUSDT,Sell,1603,0.13935,ZeroMinusTick,fcc60a34-a1e0-56cc-a460-0f6ea22bf8e4,2.2337805e+10,1603,223.37805
1658190502,ALPHAUSDT,Buy,3500,0.13935,ZeroMinusTick,747329cf-8392-568b-8f1b-8ac776618cae,4.87725e+10,3500,487.725
1658190526,ALPHAUSDT,Sell,4574,0.13935,ZeroMinusTick,0957ea09-acd3-5214-b738-21094cc66299,6.373869e+10,4574,637.3869
1658190526,ALPHAUSDT,Sell,4982,0.13935,ZeroMinusTick,ba4d81ec-e585-50ed-b972-ecd9e4de4a99,6.942417e+10,4982,694.2417
1658190536,ALPHAUSDT,Buy,3500,0.13925,MinusTick,4479126d-d2e7-50da-b8d2-a6bb5e46eec4,4.873750000000001e+10,3500,487.37500000000006
1658190539,ALPHAUSDT,Buy,1417,0.13930,PlusTick,289baafa-6433-5f2e-8b18-188a37550dc2,1.973881e+10,1417,197.3881
1658190539,ALPHAUSDT,Buy,3500,0.13935,PlusTick,7be3f5ff-1c84-5548-ae94-a2b0a63fcf50,4.87725e+10,3500,487.725
1658190584,ALPHAUSDT,Sell,2000,0.13980,PlusTick,6268d750-75d4-5290-8090-5213d3d8287d,2.7960000000000004e+10,2000,279.6
1658190584,ALPHAUSDT,Sell,1143,0.13980,ZeroMinusTick,6061a2d4-1a15-51c9-93c7-0f64f0ebdabc,1.5979140000000002e+10,1143,159.7914
1658190584,ALPHAUSDT,Sell,1501,0.13980,ZeroMinusTick,2f32f160-2acc-5264-9388-3d58e731ad06,2.0983980000000004e+10,1501,209.83980000000003
1658190606,ALPHAUSDT,Sell,3500,0.13960,MinusTick,9a35c421-3159-5138-875d-41b6fb8a637d,4.886e+10,3500,488.6
1658190609,ALPHAUSDT,Buy,291,0.13945,MinusTick,ab407c65-2f3c-55c3-a546-09e0ca2c1692,4.0579949999999995e+09,291,40.57995
1658190616,ALPHAUSDT,Sell,3500,0.13960,PlusTick,125b4fa8-a558-5b84-ad76-14d622a556f0,4.886e+10,3500,488.6
1658190623,ALPHAUSDT,Sell,1774,0.13980,PlusTick,7a677891-c5b3-55f8-ab25-c99903d85fd4,2.480052e+10,1774,248.0052
1658190623,ALPHAUSDT,Buy,3500,0.13995,PlusTick,d18481fe-ad55-5a32-948d-ffb79a13f173,4.89825e+10,3500,489.825
1658190624,ALPHAUSDT,Buy,3500,0.14005,PlusTick,4c48e309-0fa9-5f69-a408-241dfc30c779,4.90175e+10,3500,490.175
1658190652,ALPHAUSDT,Sell,3500,0.13990,MinusTick,d06328de-5985-5b1d-b817-0c4146b3dec6,4.8965e+10,3500,489.65
1658190663,ALPHAUSDT,Buy,11829,0.13975,MinusTick,583f731d-49f1-5a64-845c-37eeaea49872,1.6531027500000003e+11,11829,1653.1027500000002
1658190663,ALPHAUSDT,Buy,3500,0.13975,ZeroMinusTick,4d114af8-e765-5ecc-b1d0-881f81b537b9,4.891250000000001e+10,3500,489.12500000000006
1658190663,ALPHAUSDT,Buy,5727,0.13975,ZeroMinusTick,df3dcd0c-a4df-545b-b572-24b67c7a139a,8.003482500000002e+10,5727,800.3482500000001
1658190678,ALPHAUSDT,Sell,1,0.13990,PlusTick,26e34bfa-8e5a-5c99-a9a7-1f01c7c02c0d,1.399e+07,1,0.1399
1658190737,ALPHAUSDT,Sell,3500,0.13960,MinusTick,7fa647e0-f39b-55b7-aec4-f7feb186e75c,4.886e+10,3500,488.6
1658190745,ALPHAUSDT,Sell,3500,0.13950,MinusTick,5a2b4d02-f417-569c-b909-25be439e38ce,4.882500000000001e+10,3500,488.25000000000006
1658190749,ALPHAUSDT,Sell,6056,0.13935,MinusTick,7d9a1de2-bf71-5451-92d5-3dafd0d8d511,8.439036e+10,6056,843.9036
1658190788,ALPHAUSDT,Buy,100,0.13915,MinusTick,6458aac2-3f6a-52b1-9226-fed2e30d3b83,1.3915e+09,100,13.915
1658190803,ALPHAUSDT,Sell,3500,0.13880,MinusTick,05279940-6554-5593-ab15-5d8bd4ae9eb9,4.858e+10,3500,485.8
1658190815,ALPHAUSDT,Buy,2000,0.13885,PlusTick,ff3ca1ca-020f-561a-ac31-ca839aa24c71,2.777e+10,2000,277.7
1658190835,ALPHAUSDT,Sell,3500,0.13890,PlusTick,b5e9e996-d709-5fe4-bd04-357f2d36e7be,4.8615e+10,3500,486.15
1658190848,ALPHAUSDT,Sell,3500,0.13910,PlusTick,b2094d53-3899-539d-8b8a-462c7ac0eed4,4.8685e+10,3500,486.85
1658190862,ALPHAUSDT,Sell,3500,0.13900,MinusTick,7f649d83-b610-5001-a81c-0fbd0a0bbfa4,4.865000000000001e+10,3500,486.50000000000006
1658190898,ALPHAUSDT,Sell,1,0.13870,MinusTick,32aaa6d8-df8c-52c1-9259-40cc4fde8915,1.3869999999999998e+07,1,0.1387
1658190910,ALPHAUSDT,Sell,3500,0.13860,MinusTick,7f8f05ce-96e7-531d-9a59-552650b70767,4.851e+10,3500,485.1
1658190910,ALPHAUSDT,Sell,439,0.13860,ZeroMinusTick,a35297df-5d53-5f11-b734-82105d21008c,6.08454e+09,439,60.8454
1658190910,ALPHAUSDT,Sell,922,0.13860,ZeroMinusTick,d1227598-7f48-5c1a-99f0-8ea239442337,1.277892e+10,922,127.7892
1658190943,ALPHAUSDT,Sell,602,0.13860,ZeroMinusTick,edd39fd6-9ffe-5fb4-bb5e-6a20ec2f6376,8.34372e+09,602,83.4372
1658190943,ALPHAUSDT,Sell,437,0.13855,MinusTick,a27b5527-5a16-5151-92e5-70077696beb6,6.054635e+09,437,60.546350000000004
1658190957,ALPHAUSDT,Sell,3500,0.13850,MinusTick,d3d862d3-d5d7-5689-b550-1fefe57a6246,4.847500000000001e+10,3500,484.75000000000006
1658190978,ALPHAUSDT,Sell,1,0.13890,PlusTick,abac13d3-21ab-5943-a6dc-5ddf4e00e7c2,1.389e+07,1,0.1389
1658190979,ALPHAUSDT,Sell,3499,0.13890,ZeroMinusTick,04958ccf-c01b-50fa-bff0-86f7761e267b,4.860111e+10,3499,486.0111
1658190979,ALPHAUSDT,Sell,2501,0.13885,MinusTick,51e39b56-04c0-5a60-aad9-eceeb70eceaf,3.4726385e+10,2501,347.26385
1658190985,ALPHAUSDT,Sell,3500,0.13900,PlusTick,27f83691-2408-537f-8a97-85a6de238f8c,4.865000000000001e+10,3500,486.50000000000006
1658190985,ALPHAUSDT,Sell,708,0.13900,ZeroMinusTick,9d6ee417-1e2f-5df1-94f1-3ae5bde91d1b,9.8412e+09,708,98.412
1658190985,ALPHAUSDT,Sell,1824,0.13895,MinusTick,c1ec1c2c-0cdf-5177-9304-03e02725557b,2.534448e+10,1824,253.4448
1658190985,ALPHAUSDT,Sell,4573,0.13890,MinusTick,e6932151-525c-51e8-8bd8-5b8fda257b1c,6.351897e+10,4573,635.1897
1658190985,ALPHAUSDT,Sell,3002,0.13885,MinusTick,50210bce-0c98-591a-ad1c-8f2311f1c387,4.168277e+10,3002,416.8277
1658190985,ALPHAUSDT,Sell,11013,0.13880,MinusTick,ef0428d7-1c49-584a-b0e3-30df2d035937,1.5286044000000003e+11,11013,1528.6044000000002
1658190994,ALPHAUSDT,Sell,3500,0.13870,MinusTick,acb87499-7255-5f01-8b09-f14c2ad73cfe,4.8545e+10,3500,485.45
1658190994,ALPHAUSDT,Sell,5805,0.13870,ZeroMinusTick,c4e16de7-8b61-55d3-ad4e-2a002a16b473,8.051534999999998e+10,5805,805.1534999999999
1658190994,ALPHAUSDT,Sell,510,0.13865,MinusTick,d3d8056e-422f-54fc-bd0c-9b25330f60c3,7.07115e+09,510,70.7115
1658190994,ALPHAUSDT,Sell,3500,0.13855,MinusTick,c43da93e-56d4-59d7-b9d2-4ee997f23531,4.84925e+10,3500,484.925
1658191015,ALPHAUSDT,Sell,3500,0.13855,ZeroMinusTick,8822ce61-bd77-5c84-bb31-b37041ddfaf1,4.84925e+10,3500,484.925
1658191038,ALPHAUSDT,Sell,3500,0.13850,MinusTick,dbfef625-fd80-5617-ac1c-334db9a11db1,4.847500000000001e+10,3500,484.75000000000006
1658191043,ALPHAUSDT,Sell,11880,0.13810,MinusTick,831f4eee-9ae1-55f4-9091-47df66aa4156,1.640628e+11,11880,1640.628
1658191044,ALPHAUSDT,Buy,3500,0.13810,ZeroMinusTick,6224c3dd-d223-5441-9136-3331231cc3f6,4.8335e+10,3500,483.35
1658191058,ALPHAUSDT,Buy,1,0.13845,PlusTick,2ca3b8ac-3eb2-5a21-af6e-c6b8fa044f16,1.3844999999999998e+07,1,0.13845
1658191141,ALPHAUSDT,Sell,3500,0.13810,MinusTick,92c2c4fa-31c7-5f15-b384-3962ea6fd50b,4.8335e+10,3500,483.35
1658191148,ALPHAUSDT,Buy,1,0.13815,PlusTick,d4134a5d-cf57-52e7-97e3-25674c47148e,1.3815e+07,1,0.13815
1658191195,ALPHAUSDT,Buy,3500,0.13780,MinusTick,34625f2c-5918-518a-bf17-4d5a640188c0,4.823e+10,3500,482.3
1658191275,ALPHAUSDT,Sell,3500,0.13800,PlusTick,e2b43c09-63fa-5ba8-9a7c-13affb978c06,4.830000000000001e+10,3500,483.00000000000006
1658191285,ALPHAUSDT,Buy,3500,0.13790,MinusTick,27f30e73-b686-5abb-b5a4-20b1d368d6ce,4.8265e+10,3500,482.65
1658191318,ALPHAUSDT,Buy,6,0.13805,PlusTick,8515c5f9-b064-57aa-8068-b7b85b6903ef,8.283e+07,6,0.8283
1658191319,ALPHAUSDT,Buy,726,0.13805,ZeroMinusTick,57dda63c-54b8-5b18-836b-170b491733f6,1.002243e+10,726,100.2243
1658191327,ALPHAUSDT,Sell,3500,0.13830,PlusTick,7cc431c2-d391-5c44-9bb3-8f0d90044fd9,4.8405e+10,3500,484.05
1658191401,ALPHAUSDT,Sell,5804,0.13770,MinusTick,87562c01-54bd-55d8-abc9-0b876e57fc5f,7.992108e+10,5804,799.2108
1658191417,ALPHAUSDT,Buy,3500,0.13780,PlusTick,3f4ab573-35cc-5d59-abd4-fe2aa4736103,4.823e+10,3500,482.3
1658191428,ALPHAUSDT,Sell,1,0.13760,MinusTick,db2d665b-e482-54ec-b8da-0979d587e33b,1.376e+07,1,0.1376
1658191444,ALPHAUSDT,Sell,3500,0.13780,PlusTick,678c1e70-b360-5a28-9f40-64cd95f4721b,4.823e+10,3500,482.3
1658191444,ALPHAUSDT,Sell,3957,0.13780,ZeroMinusTick,756cce81-b293-5671-b11e-e5e52d2c6503,5.452746000000001e+10,3957,545.2746000000001
1658191444,ALPHAUSDT,Sell,1888,0.13780,ZeroMinusTick,d57fda13-e2fb-5635-a562-14526a867ff0,2.601664e+10,1888,260.1664
1658191474,ALPHAUSDT,Sell,3500,0.13795,PlusTick,5d4d6010-9fa5-5fc9-be63-cc25a0649215,4.82825e+10,3500,482.825
1658191488,ALPHAUSDT,Sell,923,0.13765,MinusTick,4f0bf326-ba8e-5402-b99d-59e2d86a1332,1.2705095e+10,923,127.05095
1658191510,ALPHAUSDT,Sell,25,0.13765,ZeroMinusTick,fa882683-d30f-572c-9a1a-d693a32da762,3.4412499999999994e+08,25,3.4412499999999997
1658191571,ALPHAUSDT,Sell,3500,0.13785,PlusTick,10002401-4bbd-5d8c-a429-769aac365e6d,4.82475e+10,3500,482.475
1658191590,ALPHAUSDT,Buy,3500,0.13800,PlusTick,1f343a1d-9156-5427-a48c-34783e2a4f0f,4.830000000000001e+10,3500,483.00000000000006
1658191595,ALPHAUSDT,Buy,3500,0.13790,MinusTick,1fa2ea64-3088-5c43-82cb-10b4a5d8428a,4.8265e+10,3500,482.65
1658191608,ALPHAUSDT,Sell,1,0.13785,MinusTick,8a42dbdf-8a44-5dbc-92c1-2059b50c5ec6,1.3785e+07,1,0.13785
1658191703,ALPHAUSDT,Sell,3021,0.13805,PlusTick,8e3eb575-a362-5561-a5e1-00dd5ad5b4a4,4.1704905e+10,3021,417.04905
1658191703,ALPHAUSDT,Sell,479,0.13805,ZeroMinusTick,460557b4-58b9-59ee-a931-953765a20f1c,6.612595e+09,479,66.12595
1658191798,ALPHAUSDT,Sell,14,0.13790,MinusTick,f65d9ea7-1192-58e6-8112-32002ba00a29,1.9306e+08,14,1.9305999999999999
1658191915,ALPHAUSDT,Buy,11315,0.13825,PlusTick,22a3a7ae-eb3b-5db3-b551-a4e4d447d9e8,1.5642987500000003e+11,11315,1564.2987500000002
1658192015,ALPHAUSDT,Sell,1915,0.13875,PlusTick,92d53f34-9f5f-5d07-91b2-45bc02d816f8,2.6570625e+10,1915,265.70625
1658192084,ALPHAUSDT,Sell,285,0.13845,MinusTick,48d0236f-4a96-53f0-8715-f337f24a8be8,3.945825e+09,285,39.45825
1658192098,ALPHAUSDT,Buy,9,0.13860,PlusTick,ca10c097-4d70-5a2f-abdd-b5df7d563d6d,1.2474e+08,9,1.2474
1658192168,ALPHAUSDT,Buy,100,0.13850,MinusTick,dd043b42-8bf8-53c4-87c2-920f45b97dcd,1.3850000000000002e+09,100,13.850000000000001
1658192176,ALPHAUSDT,Buy,3500,0.13840,MinusTick,33eef569-e52f-52d9-8517-e9c8a8215b9c,4.844e+10,3500,484.4
1658192213,ALPHAUSDT,Sell,15,0.13845,PlusTick,fad19c23-4261-5418-b467-d98f0ded0129,2.0767499999999997e+08,15,2.0767499999999997
1658192263,ALPHAUSDT,Sell,11323,0.13800,MinusTick,6455f2db-7ea4-5af9-9897-39fd7e6036a6,1.562574e+11,11323,1562.574
1658192263,ALPHAUSDT,Sell,7789,0.13795,MinusTick,1f2d4a96-e10d-51b8-a3d5-f84bf215578e,1.07449255e+11,7789,1074.49255
1658192263,ALPHAUSDT,Sell,2443,0.13795,ZeroMinusTick,e824c479-9a22-5589-bf6f-5bfec842b864,3.3701185e+10,2443,337.01185
1658192263,ALPHAUSDT,Sell,7864,0.13795,ZeroMinusTick,46983512-75fd-5c8f-b0f6-bb9eb5878eaa,1.0848388e+11,7864,1084.8388
1658192263,ALPHAUSDT,Sell,3729,0.13795,ZeroMinusTick,da37f513-e410-5102-9026-080128303b2e,5.144155499999999e+10,3729,514.4155499999999
1658192263,ALPHAUSDT,Sell,613,0.13770,MinusTick,71dc98d8-51b4-5574-8061-b7e9adeb5175,8.44101e+09,613,84.4101
1658192263,ALPHAUSDT,Sell,1296,0.13765,MinusTick,13fbbeb2-fd20-5255-a2ff-497def1a60eb,1.783944e+10,1296,178.3944
1658192263,ALPHAUSDT,Sell,576,0.13765,ZeroMinusTick,82de6547-44d7-5ddd-905b-bcb0bff44a6c,7.92864e+09,576,79.2864
1658192263,ALPHAUSDT,Sell,847,0.13765,ZeroMinusTick,33ab5a03-fb32-5bbd-9a0c-1b13cfe3db96,1.1658954999999998e+10,847,116.58954999999999
1658192263,ALPHAUSDT,Sell,224,0.13765,ZeroMinusTick,12b78a59-7b90-5e4f-9502-5ac62e7411df,3.0833599999999995e+09,224,30.833599999999997
1658192263,ALPHAUSDT,Sell,4734,0.13765,ZeroMinusTick,c24db4d5-1cda-5833-b556-aeb2e4664095,6.516351e+10,4734,651.6351
1658192263,ALPHAUSDT,Sell,5805,0.13765,ZeroMinusTick,49aba198-8865-51ec-8456-04bf69f27067,7.9905825e+10,5805,799.0582499999999
1658192263,ALPHAUSDT,Sell,4357,0.13740,MinusTick,e8a0a0d5-99a6-556d-bdc7-636d9cc1de01,5.986518e+10,4357,598.6518
1658192263,ALPHAUSDT,Sell,1185,0.13730,MinusTick,ef508edc-f322-55bf-b0b5-647ec3790edf,1.627005e+10,1185,162.7005
1658192263,ALPHAUSDT,Sell,2450,0.13725,MinusTick,8dca5f8f-08c5-5db7-bfdd-6cb4d4fb0901,3.3626250000000004e+10,2450,336.26250000000005
1658192263,ALPHAUSDT,Sell,1609,0.13720,MinusTick,bc458fc8-ed45-5ff1-9a43-6fadb690346f,2.207548e+10,1609,220.7548
1658192268,ALPHAUSDT,Buy,1,0.13750,PlusTick,2ca908b9-5532-5cff-8844-3bfd9a019fac,1.3750000000000002e+07,1,0.1375
1658192279,ALPHAUSDT,Buy,3500,0.13740,MinusTick,8e408d3d-d49c-5596-8f6a-a9762af64ba0,4.809e+10,3500,480.9
1658192403,ALPHAUSDT,Buy,3688,0.13765,PlusTick,b4b94083-1ee7-57ed-9977-aa283255ed56,5.076532e+10,3688,507.65319999999997
1658192405,ALPHAUSDT,Sell,3500,0.13775,PlusTick,418b9cae-6d76-5060-b6d5-de313ca96a21,4.821250000000001e+10,3500,482.12500000000006
1658192406,ALPHAUSDT,Sell,366,0.13775,ZeroMinusTick,1f80df32-eb72-5216-94b3-12caa8b29a88,5.041650000000001e+09,366,50.416500000000006
1658192410,ALPHAUSDT,Buy,29,0.13780,PlusTick,42d333fe-1eb3-5bd1-a4a4-14201d519e9d,3.9962e+08,29,3.9962
1658192417,ALPHAUSDT,Sell,3500,0.13765,MinusTick,71404baf-46d8-55c6-96f4-20dcda932944,4.81775e+10,3500,481.775
1658192448,ALPHAUSDT,Sell,100,0.13745,MinusTick,76fcfc72-5b43-52e4-9975-af257a0be5e0,1.3745e+09,100,13.745
1658192465,ALPHAUSDT,Sell,740,0.13775,PlusTick,41795a0a-e297-5a28-a808-7fb8df28bd4f,1.01935e+10,740,101.935
1658192515,ALPHAUSDT,Buy,11932,0.13805,PlusTick,835386ef-ce65-53a5-b780-949769708cbc,1.6472126e+11,11932,1647.2126
1658192515,ALPHAUSDT,Buy,11968,0.13810,PlusTick,ea509b58-47d3-5f62-a456-cabccae30303,1.6527808e+11,11968,1652.7808
1658192515,ALPHAUSDT,Buy,7144,0.13815,PlusTick,4ecc16b8-e3e8-54de-8c93-f5a4114e155c,9.869436e+10,7144,986.9436
1658192606,ALPHAUSDT,Buy,294,0.13850,PlusTick,3ac23bc2-0935-5b2e-8717-f569170cc424,4.0719e+09,294,40.719
1658192612,ALPHAUSDT,Sell,463,0.13845,MinusTick,4bfade2b-29c3-51e8-a0fe-2e3e63f45f69,6.410235e+09,463,64.10235
1658192612,ALPHAUSDT,Sell,399,0.13845,ZeroMinusTick,d96d32df-cd50-505a-9072-46cf80def3be,5.524155e+09,399,55.24155
1658192618,ALPHAUSDT,Buy,3500,0.13840,MinusTick,a93e0844-efb4-599c-a793-d9c12ba83a5d,4.844e+10,3500,484.4
1658192738,ALPHAUSDT,Buy,1,0.13895,PlusTick,502852ce-8806-59d0-91fa-5a747bc85590,1.3894999999999998e+07,1,0.13895
1658192770,ALPHAUSDT,Sell,11802,0.13880,MinusTick,44741585-6b67-5ff5-a390-7a0515b8d551,1.6381176e+11,11802,1638.1176
1658192770,ALPHAUSDT,Sell,3500,0.13875,MinusTick,e9fdd35b-e963-5d09-a247-ff3b50db4f8e,4.856250000000001e+10,3500,485.62500000000006
1658192771,ALPHAUSDT,Sell,11952,0.13870,MinusTick,368757b6-0bdc-5339-8983-053f6296c3de,1.6577424e+11,11952,1657.7423999999999
1658192808,ALPHAUSDT,Sell,17,0.13835,MinusTick,b3556248-8c8e-5b3f-adc0-1f0f7d3ace14,2.35195e+08,17,2.35195
1658192860,ALPHAUSDT,Sell,3500,0.13825,MinusTick,f8f55077-fd53-5740-90cf-610216e91376,4.838750000000001e+10,3500,483.87500000000006
1658192878,ALPHAUSDT,Sell,1,0.13815,MinusTick,27f9149a-0e7f-59e9-8ef1-daea1e8ab505,1.3815e+07,1,0.13815
1658192985,ALPHAUSDT,Sell,7361,0.13775,MinusTick,b24562e5-8df5-561b-b217-e7f4287437dd,1.0139777500000002e+11,7361,1013.9777500000001
1658192985,ALPHAUSDT,Sell,3500,0.13775,ZeroMinusTick,9f15dbf9-c16c-5485-9f1e-f911b85855af,4.821250000000001e+10,3500,482.12500000000006
1658192994,ALPHAUSDT,Sell,3500,0.13765,MinusTick,dd4a0e41-0f02-58f7-9381-06d232233185,4.81775e+10,3500,481.775
1658193010,ALPHAUSDT,Buy,3500,0.13770,PlusTick,c013c18a-526e-52fb-bc1e-31d7952730a5,4.8195e+10,3500,481.95
1658193024,ALPHAUSDT,Sell,3500,0.13755,MinusTick,87f6eeeb-669f-596b-aa31-e9db3fcbc17b,4.81425e+10,3500,481.425
1658193031,ALPHAUSDT,Buy,11006,0.13765,PlusTick,bf271648-6a32-5685-995c-309689014fc0,1.5149759e+11,11006,1514.9759
1658193058,ALPHAUSDT,Buy,1,0.13780,PlusTick,86636ccc-8fca-5590-93ae-e883c558f921,1.378e+07,1,0.1378
1658193097,ALPHAUSDT,Sell,3500,0.13775,MinusTick,f5a63b09-02b9-579c-8c96-1520ac50111a,4.821250000000001e+10,3500,482.12500000000006
1658193134,ALPHAUSDT,Sell,378,0.13755,MinusTick,fcd52c70-7ef8-5b67-81d9-b3bc2728c505,5.19939e+09,378,51.993900000000004
1658193134,ALPHAUSDT,Sell,1643,0.13755,ZeroMinusTick,e3016531-0342-56e8-98fe-51f00750f740,2.2599465e+10,1643,225.99465
1658193143,ALPHAUSDT,Sell,2691,0.13785,PlusTick,19ff6332-0cb8-54c4-bfee-33586b10c8d2,3.7095435e+10,2691,370.95435
1658193143,ALPHAUSDT,Sell,365,0.13785,ZeroMinusTick,fbf1c16c-bbfa-5e8c-8c53-ff6505c5f162,5.031525e+09,365,50.31525
1658193155,ALPHAUSDT,Sell,2487,0.13760,MinusTick,76a87fee-cb2a-57b3-bcf9-f4bd87e60de6,3.4221120000000004e+10,2487,342.2112
1658193162,ALPHAUSDT,Buy,3500,0.13750,MinusTick,0c5abdb7-d737-590e-97fe-4d9c8199cf64,4.812500000000001e+10,3500,481.25000000000006
1658193168,ALPHAUSDT,Buy,8,0.13765,PlusTick,1e337bd8-b2c3-5136-b185-145a64fc56b3,1.1012e+08,8,1.1012
1658193261,ALPHAUSDT,Buy,11279,0.13775,PlusTick,40a2134a-39a9-5155-a669-3c5b21795c0f,1.55368225e+11,11279,1553.68225
1658193283,ALPHAUSDT,Sell,3632,0.13765,MinusTick,40b1f38b-6dfd-5b70-b3f0-e2d5aa24b4a5,4.999448e+10,3632,499.9448
1658193312,ALPHAUSDT,Buy,21,0.13770,PlusTick,64620739-9532-5f30-93de-a43decd52e6d,2.8917e+08,21,2.8916999999999997
1658193314,ALPHAUSDT,Sell,3500,0.13775,PlusTick,87e58328-ca42-5cff-bda5-ca3423c372b9,4.821250000000001e+10,3500,482.12500000000006
1658193348,ALPHAUSDT,Buy,1,0.13800,PlusTick,84408575-09a3-5325-93e4-8fc71318234d,1.3800000000000002e+07,1,0.138
1658193413,ALPHAUSDT,Sell,3500,0.13805,PlusTick,24a9b1c2-a3ef-59b5-9644-d6c900234ddf,4.83175e+10,3500,483.175
1658193420,ALPHAUSDT,Buy,208,0.13815,PlusTick,842b9ee2-1c6f-56ea-8eb2-e78f31749e7d,2.87352e+09,208,28.7352
1658193427,ALPHAUSDT,Sell,3500,0.13805,MinusTick,34014b83-6f2a-5624-8a5f-c22a1eee927e,4.83175e+10,3500,483.175
1658193429,ALPHAUSDT,Sell,208,0.13795,MinusTick,73bd695d-c8a6-514e-9b85-09f72003623c,2.8693599999999995e+09,208,28.693599999999996
1658193434,ALPHAUSDT,Buy,261,0.13800,PlusTick,d1083883-91f1-58d9-b986-ee0f34c15419,3.6018e+09,261,36.018
1658193458,ALPHAUSDT,Sell,1,0.13805,PlusTick,3ad16722-765a-5e1c-8210-0a321df9022f,1.3805e+07,1,0.13805
1658193578,ALPHAUSDT,Sell,1,0.13795,MinusTick,e0085fad-e4cf-5116-9df1-c06b7c1bbfb3,1.3794999999999998e+07,1,0.13795
1658193698,ALPHAUSDT,Sell,3500,0.13775,MinusTick,c0c8b4f5-40ae-5da2-9648-343e00d4ecb7,4.821250000000001e+10,3500,482.12500000000006
1658193708,ALPHAUSDT,Buy,17,0.13780,PlusTick,c74c6ac9-3270-5179-8ae3-61680681d60e,2.3426e+08,17,2.3426
1658193731,ALPHAUSDT,Buy,727,0.13765,MinusTick,8d7bd864-55fc-5760-bc40-53cb1397e581,1.0007155e+10,727,100.07155
1658193781,ALPHAUSDT,Sell,3500,0.13795,PlusTick,d2140a71-0fed-578c-861b-8f8059a1b4cd,4.82825e+10,3500,482.825
1658193856,ALPHAUSDT,Sell,10976,0.13780,MinusTick,7960e2de-38f9-515e-a02a-1dcb07341c8c,1.5124928e+11,10976,1512.4928
1658193937,ALPHAUSDT,Buy,9556,0.13745,MinusTick,2ceb3539-1243-53af-b036-94ef6d492b8d,1.3134722e+11,9556,1313.4722
1658193978,ALPHAUSDT,Buy,1,0.13760,PlusTick,4288bdea-16a6-5379-a8ab-169eb221a01e,1.376e+07,1,0.1376
1658193988,ALPHAUSDT,Sell,3500,0.13765,PlusTick,24519c0a-148a-5f35-a9a5-073a7fd782e0,4.81775e+10,3500,481.775
1658194014,ALPHAUSDT,Buy,3500,0.13740,MinusTick,0df9a286-d94f-564b-9bee-e2d2227df585,4.809e+10,3500,480.9
1658194018,ALPHAUSDT,Buy,11266,0.13755,PlusTick,a3e2101c-2148-5208-a09c-8a15ff4dd96f,1.5496383e+11,11266,1549.6383
1658194018,ALPHAUSDT,Buy,521,0.13755,ZeroMinusTick,72af69a4-e3a0-59f5-ba29-4af62339daa8,7.166355e+09,521,71.66355
1658194018,ALPHAUSDT,Buy,3635,0.13755,ZeroMinusTick,545ed9b7-4ff3-587e-a2d7-e4f1bbd73885,4.9999425e+10,3635,499.99425
1658194045,ALPHAUSDT,Sell,5800,0.13775,PlusTick,8e33cfde-78e4-5b52-beeb-a2e88b9d7652,7.9895e+10,5800,798.95
1658194128,ALPHAUSDT,Buy,1,0.13820,PlusTick,1c55bbfc-5a15-5ab2-a897-483ae38ad729,1.3819999999999998e+07,1,0.1382
1658194169,ALPHAUSDT,Sell,250,0.13825,PlusTick,f17b89f7-eac6-55e2-b691-ec2bfebfb198,3.45625e+09,250,34.5625
1658194190,ALPHAUSDT,Buy,11819,0.13845,PlusTick,cf636810-5315-5e4d-9d17-536f6391c996,1.63634055e+11,11819,1636.34055
1658194190,ALPHAUSDT,Buy,9556,0.13855,PlusTick,d00c899b-e0b6-51eb-9313-27cf499d44b1,1.3239838e+11,9556,1323.9838
1658194190,ALPHAUSDT,Buy,7009,0.13855,ZeroMinusTick,d44d968e-f66c-5f16-8f9a-d41bf026019d,9.7109695e+10,7009,971.09695
1658194193,ALPHAUSDT,Buy,3500,0.13870,PlusTick,effe1171-bad5-56ce-90d0-0564797f3846,4.8545e+10,3500,485.45
1658194209,ALPHAUSDT,Buy,489,0.13870,ZeroMinusTick,e1c8187c-a952-554b-af7a-8de7c7604832,6.782429999999999e+09,489,67.8243
1658194214,ALPHAUSDT,Sell,23,0.13875,PlusTick,6ebca09b-7a3a-58ad-9ad6-6b1ec5803602,3.19125e+08,23,3.19125
1658194221,ALPHAUSDT,Sell,3500,0.13865,MinusTick,7fb61073-8972-59e7-bbe0-96baf78d1338,4.85275e+10,3500,485.275
1658194222,ALPHAUSDT,Sell,11663,0.13850,MinusTick,61366ada-0e84-57ca-9335-588f41beef00,1.6153255e+11,11663,1615.3255000000001
1658194252,ALPHAUSDT,Buy,3500,0.13860,PlusTick,d6f6f705-5d15-594b-a84a-3883c73ced5f,4.851e+10,3500,485.1
1658194296,ALPHAUSDT,Buy,3500,0.13850,MinusTick,1c017ef8-d8fd-5883-bbdd-5c531771627f,4.847500000000001e+10,3500,484.75000000000006
1658194315,ALPHAUSDT,Sell,3500,0.13865,PlusTick,3c552fde-cada-526b-ad76-17a0a6960046,4.85275e+10,3500,485.275
1658194350,ALPHAUSDT,Buy,3500,0.13840,MinusTick,d295da10-d321-52f5-b712-f9c48faf3c35,4.844e+10,3500,484.4
1658194388,ALPHAUSDT,Sell,1,0.13835,MinusTick,cc41161e-cf41-56d8-a3e4-21318148138a,1.3835e+07,1,0.13835
1658194393,ALPHAUSDT,Buy,9556,0.13855,PlusTick,cdd5c5e4-bdae-5783-9f8e-a25f18b30c52,1.3239838e+11,9556,1323.9838
1658194506,ALPHAUSDT,Buy,3500,0.13840,MinusTick,60cd36bf-31f3-5093-bdd8-a608ac3a3283,4.844e+10,3500,484.4
1658194558,ALPHAUSDT,Sell,6,0.13820,MinusTick,c6e28d32-aead-58ed-b252-b567cf918793,8.292e+07,6,0.8291999999999999
1658194598,ALPHAUSDT,Sell,1,0.13825,PlusTick,f58ca319-9fb2-56fc-919e-1ff82257a249,1.3825000000000002e+07,1,0.13825
1658194611,ALPHAUSDT,Sell,3499,0.13825,ZeroMinusTick,4f2dd39f-0813-573c-a653-a092eef493e6,4.8373675e+10,3499,483.73675000000003
1658194612,ALPHAUSDT,Sell,11840,0.13815,MinusTick,c88ce28c-166e-54a4-a5cc-2318d6c123ba,1.635696e+11,11840,1635.696
1658194686,ALPHAUSDT,Buy,11483,0.13835,PlusTick,2a7b52eb-a10f-54fe-b65a-308decd9d77b,1.58867305e+11,11483,1588.67305
1658194694,ALPHAUSDT,Sell,3500,0.13845,PlusTick,95c0c80f-afbc-5209-9e70-04063c3652cf,4.84575e+10,3500,484.575
1658194718,ALPHAUSDT,Sell,4,0.13800,MinusTick,cc609258-c3a9-5f06-9a8c-0faaa8f9cb85,5.520000000000001e+07,4,0.552
1658194777,ALPHAUSDT,Buy,3500,0.13780,MinusTick,378f6d9e-e3e9-565a-b49c-6437e86e394c,4.823e+10,3500,482.3
1658194778,ALPHAUSDT,Buy,1,0.13790,PlusTick,0288be7c-9b9b-5e5c-9a1e-74168e633d43,1.379e+07,1,0.1379
1658194788,ALPHAUSDT,Buy,3500,0.13780,MinusTick,e5e8d5ef-4709-5e8a-8470-f836b28bfc45,4.823e+10,3500,482.3
1658194810,ALPHAUSDT,Buy,3500,0.13790,PlusTick,a461186c-3a70-5bb3-a1c6-865be2fe60f6,4.8265e+10,3500,482.65
1658194849,ALPHAUSDT,Buy,3500,0.13750,MinusTick,ceff09d8-84a8-55bf-babc-300a8e5f1be4,4.812500000000001e+10,3500,481.25000000000006
1658194858,ALPHAUSDT,Sell,15,0.13745,MinusTick,1ee97b9e-d1ee-5e8b-a0d3-11d28ebda645,2.06175e+08,15,2.06175
1658194887,ALPHAUSDT,Sell,1011,0.13740,MinusTick,22393169-0342-5b1d-9b35-c5c988762aca,1.3891139999999998e+10,1011,138.9114
1658194889,ALPHAUSDT,Buy,3500,0.13740,ZeroMinusTick,873b8993-0962-532e-aa14-f61f526d05a5,4.809e+10,3500,480.9
1658194923,ALPHAUSDT,Buy,3500,0.13730,MinusTick,38664167-acb4-56f5-bb5c-e9c9c971a34b,4.8055e+10,3500,480.55
1658194998,ALPHAUSDT,Sell,1,0.13670,MinusTick,3623835c-a748-542b-931c-bbbfc5add398,1.3669999999999998e+07,1,0.1367
1658194998,ALPHAUSDT,Sell,4511,0.13670,ZeroMinusTick,f0257c09-78da-5cb0-9aea-275cb3719b03,6.166536999999999e+10,4511,616.6537
1658195032,ALPHAUSDT,Buy,3500,0.13690,PlusTick,69c47e78-fa93-5f50-bf5e-29beabcc5079,4.7915e+10,3500,479.15
1658195096,ALPHAUSDT,Buy,3500,0.13670,MinusTick,56204528-1c71-52ae-9eb8-a59f014b461f,4.784499999999999e+10,3500,478.44999999999993
1658195112,ALPHAUSDT,Buy,3500,0.13670,ZeroMinusTick,7935ad57-4074-522a-940f-327a05868f75,4.784499999999999e+10,3500,478.44999999999993
1658195116,ALPHAUSDT,Sell,1604,0.13660,MinusTick,cf7f8b40-d2c5-5779-a626-83a2ecf9240d,2.191064e+10,1604,219.1064
1658195116,ALPHAUSDT,Sell,716,0.13650,MinusTick,f41a39e1-bba4-5528-bba1-4873b83772ec,9.7734e+09,716,97.73400000000001
1658195117,ALPHAUSDT,Buy,3500,0.13650,ZeroMinusTick,f7a12ea8-91d3-5fee-94c6-a878b5d5d958,4.777500000000001e+10,3500,477.75000000000006
1658195139,ALPHAUSDT,Sell,463,0.13630,MinusTick,739c3732-3b2a-5dde-b3bc-548ea6835407,6.31069e+09,463,63.1069
1658195141,ALPHAUSDT,Buy,3500,0.13630,ZeroMinusTick,5fe7cdf9-250e-5ad7-b40b-df2247b16201,4.7705e+10,3500,477.05
1658195147,ALPHAUSDT,Sell,1860,0.13625,MinusTick,feeb73f8-116a-5609-b89b-50de1e57178a,2.53425e+10,1860,253.425
1658195147,ALPHAUSDT,Sell,742,0.13625,ZeroMinusTick,badf6b0c-41b0-5b38-ab2c-a6d3d96ee37a,1.0109750000000002e+10,742,101.09750000000001
1658195147,ALPHAUSDT,Sell,870,0.13625,ZeroMinusTick,099b349d-f795-5744-80b1-ee698270701e,1.185375e+10,870,118.53750000000001
1658195205,ALPHAUSDT,Sell,1249,0.13630,PlusTick,ab71b90b-f2a0-5da4-b0c1-91ce56e3171e,1.702387e+10,1249,170.2387
1658195205,ALPHAUSDT,Sell,461,0.13630,ZeroMinusTick,a7ed0cf3-9164-5861-95bc-19c5a72a0c03,6.28343e+09,461,62.8343
1658195228,ALPHAUSDT,Buy,1,0.13625,MinusTick,43afd564-7d52-530b-8b77-fbd91bb61e74,1.3625000000000002e+07,1,0.13625
1658195249,ALPHAUSDT,Sell,1247,0.13625,ZeroMinusTick,a9ab3b46-3fae-5a1f-be4d-38b25816f36f,1.6990375e+10,1247,169.90375
1658195249,ALPHAUSDT,Sell,5231,0.13625,ZeroMinusTick,60ecbbc1-c89a-56c9-9da9-738f6fcec469,7.1272375e+10,5231,712.72375
1658195344,ALPHAUSDT,Sell,3500,0.13640,PlusTick,8565bf24-b97a-5c4e-8fb3-8589065fbbea,4.774e+10,3500,477.4
1658195368,ALPHAUSDT,Buy,10,0.13660,PlusTick,0412f4c2-42b4-57dd-91f0-6f7fbac407cc,1.366e+08,10,1.366
1658195392,ALPHAUSDT,Sell,381,0.13685,PlusTick,1149abd7-21aa-5323-9815-090fcb3d1f56,5.213985e+09,381,52.13985
1658195449,ALPHAUSDT,Buy,734,0.13660,MinusTick,4ebb059e-4cb2-562c-b0a8-8f0442d5aeba,1.002644e+10,734,100.2644
1658195450,ALPHAUSDT,Buy,830,0.13670,PlusTick,2f920256-2435-53d9-b433-bdd8f62d2bdb,1.1346099999999998e+10,830,113.46099999999998
1658195460,ALPHAUSDT,Buy,201,0.13665,MinusTick,d99b85bc-e927-5cc9-9fc0-cebc2c5cc408,2.746665e+09,201,27.466649999999998
1658195548,ALPHAUSDT,Sell,2,0.13655,MinusTick,c02563af-ca21-5d33-9056-66e2535de7a7,2.731e+07,2,0.2731
1658195631,ALPHAUSDT,Sell,3500,0.13645,MinusTick,635444d5-8d50-59d4-abf2-057221e20ec1,4.775749999999999e+10,3500,477.57499999999993
1658195665,ALPHAUSDT,Buy,3500,0.13620,MinusTick,cc98b40a-b4c3-54c8-92b6-46bd60a582aa,4.766999999999999e+10,3500,476.69999999999993
1658195678,ALPHAUSDT,Sell,4,0.13615,MinusTick,bc278622-bb8d-5e4b-9772-389847795152,5.446e+07,4,0.5446
1658195695,ALPHAUSDT,Sell,3500,0.13635,PlusTick,a12fb579-23f1-5e50-ac7d-cc887429f0c3,4.77225e+10,3500,477.225
1658195695,ALPHAUSDT,Sell,1256,0.13635,ZeroMinusTick,153c6b13-e852-5b5a-a81a-09b9ce7a2168,1.7125559999999998e+10,1256,171.2556
1658195725,ALPHAUSDT,Sell,3479,0.13670,PlusTick,4de79c6d-b059-5b8b-9098-f84733b96aa4,4.755792999999999e+10,3479,475.57929999999993
1658195725,ALPHAUSDT,Sell,531,0.13670,ZeroMinusTick,3dda20d3-d02f-5da9-9d2a-d79405a9f1da,7.25877e+09,531,72.5877
1658195725,ALPHAUSDT,Sell,1071,0.13670,ZeroMinusTick,42d2bdcd-cd98-5297-8ae5-505adb046bac,1.464057e+10,1071,146.4057
1658195828,ALPHAUSDT,Sell,3,0.13645,MinusTick,53193882-a1a6-57af-acb9-7f4b3e474b55,4.0935e+07,3,0.40935
1658195856,ALPHAUSDT,Buy,3500,0.13650,PlusTick,78908e9b-6fac-5de8-a315-69b606c09379,4.777500000000001e+10,3500,477.75000000000006
1658195918,ALPHAUSDT,Sell,10999,0.13610,MinusTick,02d9e8dc-a008-5d24-9bb8-38d8a253277b,1.4969639e+11,10999,1496.9639
1658195922,ALPHAUSDT,Sell,895,0.13600,MinusTick,75849072-4e51-5a1b-a818-bf7de0e6d921,1.2172000000000002e+10,895,121.72000000000001
1658195938,ALPHAUSDT,Buy,15,0.13630,PlusTick,c18ea984-7fd0-584f-9c3d-5624422ec982,2.0445000000000003e+08,15,2.0445
1658195944,ALPHAUSDT,Sell,3500,0.13625,MinusTick,53d78d43-d556-56cf-bce5-81dd7345fa18,4.768750000000001e+10,3500,476.87500000000006
1658195944,ALPHAUSDT,Sell,700,0.13625,ZeroMinusTick,cad5bb08-8004-509d-825d-254213d2164a,9.5375e+09,700,95.375
1658195946,ALPHAUSDT,Sell,844,0.13620,MinusTick,036d794f-6860-51c1-b07b-71fb7ffe9470,1.149528e+10,844,114.9528
1658195950,ALPHAUSDT,Sell,1031,0.13605,MinusTick,e25fd3bf-0e34-5f16-ab94-5e4dd8e6e4f9,1.4026755e+10,1031,140.26755
1658195981,ALPHAUSDT,Sell,3500,0.13605,ZeroMinusTick,a64b6674-990e-5555-9eca-635e42488a53,4.76175e+10,3500,476.175
1658196010,ALPHAUSDT,Buy,3500,0.13590,MinusTick,5937f73c-696a-56dd-ad7b-82e853fe4417,4.7565e+10,3500,475.65
1658196012,ALPHAUSDT,Buy,2720,0.13595,PlusTick,8a4e4398-25c8-5432-8026-05be69297429,3.69784e+10,2720,369.784
1658196025,ALPHAUSDT,Sell,9,0.13585,MinusTick,1f1a7467-ffda-5840-99f4-75251bebbe19,1.22265e+08,9,1.22265
1658196092,ALPHAUSDT,Sell,3500,0.13615,PlusTick,88678ba7-1125-5353-abd8-c45af066a55a,4.76525e+10,3500,476.525
1658196119,ALPHAUSDT,Buy,736,0.13610,MinusTick,a0b904cf-2953-5201-8a75-a398812116ac,1.001696e+10,736,100.1696
1658196124,ALPHAUSDT,Sell,3500,0.13615,PlusTick,c31b5c01-71b9-5c16-827f-227d29772948,4.76525e+10,3500,476.525
1658196124,ALPHAUSDT,Sell,3675,0.13605,MinusTick,83d608ab-7c95-5a0e-81c4-0705c8b22cf7,4.999837500000001e+10,3675,499.98375000000004
1658196130,ALPHAUSDT,Buy,3500,0.13590,MinusTick,f3d1a5eb-be19-5f7f-9beb-fbc0e8958894,4.7565e+10,3500,475.65
1658196131,ALPHAUSDT,Buy,736,0.13600,PlusTick,f18f5990-338f-5c12-a3dc-046056c4e530,1.00096e+10,736,100.096
1658196138,ALPHAUSDT,Buy,1,0.13610,PlusTick,8fc80d85-27e2-5d8c-81d5-4e8864f4f091,1.361e+07,1,0.1361
1658196142,ALPHAUSDT,Sell,3500,0.13595,MinusTick,8df75458-98d3-51fb-9171-9877b05808cd,4.758249999999999e+10,3500,475.82499999999993
1658196143,ALPHAUSDT,Sell,3539,0.13590,MinusTick,a0334ef3-f75f-5fc7-b9d1-09f99f287289,4.809501e+10,3539,480.95009999999996
1658196143,ALPHAUSDT,Sell,3500,0.13585,MinusTick,a7c4a89d-f9eb-5fb0-a6da-9ea27c786935,4.75475e+10,3500,475.475
1658196143,ALPHAUSDT,Sell,2432,0.13570,MinusTick,3fd15ec3-999b-517b-9673-e8c38fd77092,3.3002239999999996e+10,2432,330.02239999999995
1658196157,ALPHAUSDT,Sell,449,0.13575,PlusTick,95bd8d07-9827-511d-a138-70ce022b11e6,6.095175e+09,449,60.951750000000004
1658196157,ALPHAUSDT,Sell,1048,0.13575,ZeroMinusTick,5a0ed353-29c0-558f-a213-77a07da527d1,1.4226600000000002e+10,1048,142.26600000000002
1658196191,ALPHAUSDT,Buy,737,0.13600,PlusTick,93ca19d1-a937-556c-bfe2-d6390a104e92,1.0023200000000002e+10,737,100.23200000000001
1658196243,ALPHAUSDT,Sell,3500,0.13605,PlusTick,b5860bca-d4e7-56f9-9f79-a12e04275ac1,4.76175e+10,3500,476.175
1658196244,ALPHAUSDT,Sell,3500,0.13605,ZeroMinusTick,a8a10d93-8ed4-541b-b6a0-4ea558186356,4.76175e+10,3500,476.175
1658196308,ALPHAUSDT,Sell,11,0.13575,MinusTick,2bf56e0e-3498-5345-88b3-560f1de7fcad,1.4932500000000003e+08,11,1.4932500000000002
1658196351,ALPHAUSDT,Buy,6103,0.13535,MinusTick,b6acba10-7ed4-5ae2-a4ac-edf905e32984,8.2604105e+10,6103,826.04105
1658196353,ALPHAUSDT,Buy,739,0.13540,PlusTick,0cacea91-a0d2-57d9-85e6-e2934172623f,1.000606e+10,739,100.0606
1658196378,ALPHAUSDT,Sell,1,0.13515,MinusTick,99bb75e0-21f4-5720-99b8-b066fab0020c,1.3515e+07,1,0.13515
1658196418,ALPHAUSDT,Buy,739,0.13555,PlusTick,3e763948-4443-5a77-8de1-f264ea415274,1.0017145e+10,739,100.17145000000001
1658196464,ALPHAUSDT,Sell,3500,0.13565,PlusTick,8945bea0-0a8f-5d52-bb10-992a2c2a8238,4.74775e+10,3500,474.775
1658196477,ALPHAUSDT,Buy,739,0.13580,PlusTick,e04c4d11-688a-51ac-95a0-b03ba510dd35,1.003562e+10,739,100.3562
1658196477,ALPHAUSDT,Buy,8412,0.13585,PlusTick,53cb529b-6c2d-5672-bc1c-2d7bba745bce,1.1427702e+11,8412,1142.7702
1658196522,ALPHAUSDT,Buy,3500,0.13590,PlusTick,3582317b-5b9e-5895-bba6-da60f0c05248,4.7565e+10,3500,475.65
1658196530,ALPHAUSDT,Sell,3500,0.13595,PlusTick,c82d1774-ddfd-5612-bb27-5d2d681496c7,4.758249999999999e+10,3500,475.82499999999993
1658196538,ALPHAUSDT,Buy,19,0.13610,PlusTick,43e846a4-5dd4-5c7c-b536-973aa3623d20,2.5859e+08,19,2.5859
1658196608,ALPHAUSDT,Sell,17,0.13585,MinusTick,d7a8844c-fb79-5fbd-8975-47f0ff13a0fb,2.30945e+08,17,2.30945
1658196626,ALPHAUSDT,Sell,3500,0.13595,PlusTick,51263b9b-c30c-5029-b4f2-8d91f0a217c1,4.758249999999999e+10,3500,475.82499999999993
1658196649,ALPHAUSDT,Sell,3500,0.13585,MinusTick,c2598dfa-a04f-516a-9c2d-1eb2c83427ac,4.75475e+10,3500,475.475
1658196709,ALPHAUSDT,Sell,3500,0.13565,MinusTick,965e8b01-b331-5d55-bf91-8eb3d7ac276f,4.74775e+10,3500,474.775
1658196710,ALPHAUSDT,Sell,3500,0.13565,ZeroMinusTick,803249cf-464c-5c31-af78-6da0d35d7866,4.74775e+10,3500,474.775
1658196798,ALPHAUSDT,Buy,1,0.13540,MinusTick,4de909ea-99b2-54d0-b30f-d131fcbea636,1.354e+07,1,0.1354
1658196860,ALPHAUSDT,Sell,608,0.13535,MinusTick,bfab5b80-99a5-55e9-981a-507bc6929de6,8.22928e+09,608,82.2928
1658196898,ALPHAUSDT,Sell,15,0.13515,MinusTick,0b17a809-427f-520e-b040-3ab96e13d129,2.02725e+08,15,2.02725
1658196913,ALPHAUSDT,Sell,232,0.13545,PlusTick,e4f4179f-317c-5ecc-874c-43a67c3d371c,3.14244e+09,232,31.4244
1658196943,ALPHAUSDT,Buy,3500,0.13520,MinusTick,2e539894-c726-5400-b4b2-574442871813,4.731999999999999e+10,3500,473.19999999999993
1658197008,ALPHAUSDT,Buy,1,0.13530,PlusTick,0a00344d-081b-5639-b289-93c1b342b97f,1.353e+07,1,0.1353
1658197119,ALPHAUSDT,Sell,3500,0.13555,PlusTick,d7301b9d-9474-5044-a902-670f6df4b8b3,4.74425e+10,3500,474.425
1658197128,ALPHAUSDT,Sell,1,0.13545,MinusTick,c5f7184a-d58c-528c-af06-8f18184f7d11,1.3544999999999998e+07,1,0.13545
1658197184,ALPHAUSDT,Buy,3500,0.13560,PlusTick,ed45727c-ceed-5ddd-878e-0cd55af610d9,4.746e+10,3500,474.59999999999997
1658197228,ALPHAUSDT,Sell,1,0.13555,MinusTick,1650849b-a995-5dbc-9406-ebeca6406a0c,1.3555e+07,1,0.13555
1658197358,ALPHAUSDT,Buy,1,0.13610,PlusTick,f68e6995-00ec-576b-8839-7ff44476889f,1.361e+07,1,0.1361
1658197483,ALPHAUSDT,Sell,1325,0.13615,PlusTick,ca4029dd-cfce-50cd-b0f2-e7d685387276,1.8039874999999996e+10,1325,180.39874999999998
1658197483,ALPHAUSDT,Sell,1325,0.13615,ZeroMinusTick,db0eb063-3e28-52ce-8dee-de4e52fdc5e0,1.8039874999999996e+10,1325,180.39874999999998
1658197483,ALPHAUSDT,Sell,850,0.13615,ZeroMinusTick,d0eac6aa-1396-5160-a900-08f37bf1d329,1.157275e+10,850,115.72749999999999
1658197538,ALPHAUSDT,Sell,1,0.13615,ZeroMinusTick,7f6b2d2e-a2f0-5f04-9849-55c3f8a7d2d8,1.3615e+07,1,0.13615
1658197561,ALPHAUSDT,Sell,3500,0.13615,ZeroMinusTick,974cbfd6-9305-5cf6-b5ab-6f1b591ddf4e,4.76525e+10,3500,476.525
1658197629,ALPHAUSDT,Buy,9556,0.13635,PlusTick,be2d4c6b-47ef-5ec5-ae24-13b029fee458,1.3029605999999998e+11,9556,1302.9605999999999
1658197630,ALPHAUSDT,Sell,3500,0.13635,ZeroMinusTick,f414414c-1d6e-584b-89d3-0de1a38c0b31,4.77225e+10,3500,477.225
1658197630,ALPHAUSDT,Sell,3577,0.13620,MinusTick,6d85ebcf-5f06-587c-bc19-d7ce3ea9b1c6,4.871874e+10,3577,487.18739999999997
1658197691,ALPHAUSDT,Sell,3500,0.13645,PlusTick,5c76a9d3-9b40-5bf8-975f-cf055fa8c3ac,4.775749999999999e+10,3500,477.57499999999993
1658197708,ALPHAUSDT,Sell,1,0.13635,MinusTick,6532158b-f2ea-5d54-a920-5a10f55656fa,1.3635e+07,1,0.13635
1658197785,ALPHAUSDT,Buy,7579,0.13660,PlusTick,6c12d3c9-2890-5d30-b395-dea11990c513,1.0352914e+11,7579,1035.2914
1658197796,ALPHAUSDT,Sell,3500,0.13695,PlusTick,0221e364-8f58-5e07-a6d7-0825f048a82a,4.793249999999999e+10,3500,479.32499999999993
1658197818,ALPHAUSDT,Sell,1,0.13705,PlusTick,9565dd4b-cd12-5abf-b1b4-5398ef5aa03e,1.3705e+07,1,0.13705
1658197865,ALPHAUSDT,Sell,1806,0.13695,MinusTick,c65fc4c4-e126-5566-92f6-a5265a986f2b,2.473317e+10,1806,247.33169999999998
1658197900,ALPHAUSDT,Sell,18,0.13690,MinusTick,c1b3aa5e-0778-5d9d-bbd3-7c5a0ec71c44,2.4642e+08,18,2.4642
1658197998,ALPHAUSDT,Sell,15,0.13675,MinusTick,db603133-e4e8-59ee-a46a-0879eb6d0acd,2.05125e+08,15,2.05125
1658198063,ALPHAUSDT,Sell,3500,0.13685,PlusTick,fb638602-6e11-59ce-8565-b445df21a03c,4.78975e+10,3500,478.975
1658198148,ALPHAUSDT,Buy,5,0.13690,PlusTick,b6acafa5-b47b-555f-8422-e25c4bd15ec1,6.845e+07,5,0.6845
1658198199,ALPHAUSDT,Sell,3500,0.13695,PlusTick,92311330-2899-57b1-a138-ddf1dd5393e8,4.793249999999999e+10,3500,479.32499999999993
1658198208,ALPHAUSDT,Sell,1,0.13665,MinusTick,fd00da82-1d0f-59a7-87c7-e3ea9a044dc0,1.3665e+07,1,0.13665
1658198278,ALPHAUSDT,Sell,1,0.13685,PlusTick,9448ab2e-bb4a-54b8-88ab-1fbb89ddddf8,1.3685e+07,1,0.13685
1658198398,ALPHAUSDT,Buy,1,0.13710,PlusTick,f7698784-4dcb-5758-97f0-e6b1ac9d715b,1.371e+07,1,0.1371
1658198407,ALPHAUSDT,Buy,8723,0.13715,PlusTick,be0522c4-fb3a-5b77-be7a-8d4730fef3eb,1.19635945e+11,8723,1196.35945
1658198459,ALPHAUSDT,Sell,1500,0.13745,PlusTick,297d5365-28de-5ffe-8f8b-2e2f544cca4d,2.06175e+10,1500,206.17499999999998
1658198459,ALPHAUSDT,Sell,1500,0.13745,ZeroMinusTick,df193068-8b55-5fee-a251-406e08b8e692,2.06175e+10,1500,206.17499999999998
1658198459,ALPHAUSDT,Sell,500,0.13745,ZeroMinusTick,66bab7e9-83e2-5df8-841a-cce457283286,6.872499999999999e+09,500,68.725
1658198488,ALPHAUSDT,Buy,1,0.13760,PlusTick,0fd1115c-5750-54c9-9a3a-578d23612d4b,1.376e+07,1,0.1376
1658198637,ALPHAUSDT,Sell,3500,0.13725,MinusTick,b8da4ff5-14af-543b-899f-d9f9c3d2cc3f,4.803750000000001e+10,3500,480.37500000000006
1658198648,ALPHAUSDT,Sell,1,0.13715,MinusTick,3d489b2d-792d-5abc-8c90-3bc4da824a68,1.3715e+07,1,0.13715
1658198713,ALPHAUSDT,Sell,8,0.13735,PlusTick,6c1ffed2-9a18-5555-bcac-69918274fdac,1.0988e+08,8,1.0988
1658198721,ALPHAUSDT,Sell,3500,0.13755,PlusTick,2359a442-0003-50f4-ad6d-5196001536df,4.81425e+10,3500,481.425
1658198828,ALPHAUSDT,Buy,2,0.13760,PlusTick,144d14e4-aeb4-5275-8316-d5e311acc7e1,2.752e+07,2,0.2752
1658198948,ALPHAUSDT,Buy,19,0.13765,PlusTick,6e397586-e20c-58c0-a13b-b80e0a0dbe6f,2.6153499999999997e+08,19,2.61535
1658198968,ALPHAUSDT,Buy,1,0.13760,MinusTick,639aa29b-f189-5be6-ad65-7ce735577240,1.376e+07,1,0.1376
1658199032,ALPHAUSDT,Buy,7000,0.13760,ZeroMinusTick,1dbba755-4557-5b31-b0e5-5d26c263ecc9,9.632e+10,7000,963.2
1658199032,ALPHAUSDT,Buy,4546,0.13760,ZeroMinusTick,1d76304f-f69a-5ace-b095-c5f4de154e53,6.255295999999999e+10,4546,625.5296
1658199032,ALPHAUSDT,Buy,2454,0.13760,ZeroMinusTick,9f3a48b5-62bc-53d8-9a58-3a9ccf4e89b9,3.3767039999999996e+10,2454,337.6704
1658199032,ALPHAUSDT,Buy,1046,0.13760,ZeroMinusTick,52253392-d731-5256-9dda-512e4d7e7d9b,1.439296e+10,1046,143.9296
1658199168,ALPHAUSDT,Buy,1,0.13770,PlusTick,1ceedcf5-5e64-5454-9de7-ff730a36d6bd,1.3769999999999998e+07,1,0.1377
1658199179,ALPHAUSDT,Buy,9554,0.13775,PlusTick,de8c2ba1-4b55-5f0d-8c28-c8b5a396a6db,1.3160635000000002e+11,9554,1316.0635000000002
1658199179,ALPHAUSDT,Buy,5812,0.13775,ZeroMinusTick,29593a83-cf50-5490-96c2-dc77a2ecd72d,8.00603e+10,5812,800.6030000000001
1658199258,ALPHAUSDT,Buy,100,0.13770,MinusTick,faeb9a0f-e3ac-568d-b234-080dbdd9f0be,1.377e+09,100,13.77
1658199266,ALPHAUSDT,Sell,4368,0.13750,MinusTick,d7b5b6d1-4b4c-532e-b80c-73646e89be8c,6.006e+10,4368,600.6
1658199324,ALPHAUSDT,Buy,3500,0.13730,MinusTick,87a1bf50-1f35-5935-85be-bb5d47a1544d,4.8055e+10,3500,480.55
1658199428,ALPHAUSDT,Buy,6,0.13760,PlusTick,3f71ee75-07d8-5d24-89fb-20f4678b0cfb,8.256e+07,6,0.8256
1658199468,ALPHAUSDT,Sell,100,0.13765,PlusTick,1446db63-88e6-57dc-9d27-dde5d7089352,1.3764999999999998e+09,100,13.764999999999999
1658199469,ALPHAUSDT,Buy,3500,0.13770,PlusTick,458e6aea-0711-504a-832e-0b687a7b6a08,4.8195e+10,3500,481.95
1658199558,ALPHAUSDT,Sell,100,0.13765,MinusTick,f2ff72b0-589a-58e9-b26c-4b03b05c2c21,1.3764999999999998e+09,100,13.764999999999999
1658199676,ALPHAUSDT,Sell,840,0.13790,PlusTick,c813cc0a-e87e-5b60-b43f-590d088e60da,1.15836e+10,840,115.836
1658199689,ALPHAUSDT,Buy,3500,0.13790,ZeroMinusTick,8ee90cab-0254-594c-b7fd-a995bce7648a,4.8265e+10,3500,482.65
1658199698,ALPHAUSDT,Buy,11,0.13805,PlusTick,53f02843-10de-593f-bd52-28df98a87556,1.51855e+08,11,1.51855
1658199729,ALPHAUSDT,Sell,1,0.13785,MinusTick,58918345-9809-51a7-9303-4141c99859a5,1.3785e+07,1,0.13785
1658199759,ALPHAUSDT,Sell,1,0.13785,ZeroMinusTick,c158de80-2a17-5601-a1d8-c801c7aed23d,1.3785e+07,1,0.13785
1658199849,ALPHAUSDT,Buy,3500,0.13750,MinusTick,91e360d0-7b34-55c6-bcb3-86e0d566f0e3,4.812500000000001e+10,3500,481.25000000000006
1658199849,ALPHAUSDT,Buy,3500,0.13750,ZeroMinusTick,ec7b1220-8e54-5d8a-bb55-96e577720cd1,4.812500000000001e+10,3500,481.25000000000006
1658199889,ALPHAUSDT,Sell,19,0.13745,MinusTick,03c2e610-3dba-5fd8-a2b1-a168b66d292e,2.6115499999999997e+08,19,2.61155
1658199904,ALPHAUSDT,Buy,3757,0.13760,PlusTick,cea1687c-10a1-5d31-bcd3-23254902d414,5.169632e+10,3757,516.9632
1658199921,ALPHAUSDT,Buy,3754,0.13780,PlusTick,5524e482-b9d6-5a30-9723-05e18c451469,5.173012e+10,3754,517.3012
1658200000,ALPHAUSDT,Sell,3500,0.13795,PlusTick,0421f1bf-f320-56a8-b2ea-f2ae3a887e58,4.82825e+10,3500,482.825
1658200059,ALPHAUSDT,Buy,1,0.13800,PlusTick,8f66251c-3ab1-56f8-9235-2770c5174ff8,1.3800000000000002e+07,1,0.138
1658200076,ALPHAUSDT,Buy,18,0.13810,PlusTick,67bb9450-d77b-5b33-a012-bd71e5dc5fe5,2.4858000000000003e+08,18,2.4858000000000002
1658200076,ALPHAUSDT,Buy,3736,0.13810,ZeroMinusTick,841ed025-56e7-56a9-affb-f1cd3c554e9f,5.159416e+10,3736,515.9416
1658200148,ALPHAUSDT,Buy,6000,0.13855,PlusTick,9b2e922c-6b03-5862-9294-096c267e75b8,8.313e+10,6000,831.3000000000001
1658200148,ALPHAUSDT,Buy,3556,0.13855,ZeroMinusTick,d8d989ca-f601-519a-9ff8-e5cffa1fb45c,4.926838e+10,3556,492.6838
1658200209,ALPHAUSDT,Buy,1,0.13880,PlusTick,a498f907-df4c-5333-be24-f1d2ac6b59ee,1.388e+07,1,0.1388
1658200209,ALPHAUSDT,Buy,1417,0.13880,ZeroMinusTick,d93beee9-8685-5c83-a925-3bf862a51283,1.9667960000000004e+10,1417,196.67960000000002
1658200259,ALPHAUSDT,Buy,100,0.13880,ZeroMinusTick,57fe92de-3ba0-59b3-a086-9e6e6aeb1c43,1.388e+09,100,13.88
1658200399,ALPHAUSDT,Buy,1,0.13880,ZeroMinusTick,b6245eec-79cf-5b8e-a433-ad22f724cfbf,1.388e+07,1,0.1388
1658200420,ALPHAUSDT,Sell,721,0.13875,MinusTick,02b7ef21-2cb6-509e-ba75-42b418fb1e30,1.0003875e+10,721,100.03875000000001
1658200511,ALPHAUSDT,Sell,9,0.13870,MinusTick,094e5224-1606-552c-bf6c-d4d8bb7b918a,1.2483e+08,9,1.2483
1658200537,ALPHAUSDT,Sell,3500,0.13865,MinusTick,2c3dcb67-f57f-5215-83a2-a7e82fd6544e,4.85275e+10,3500,485.275
1658200559,ALPHAUSDT,Sell,18,0.13855,MinusTick,6690bc06-98be-5734-bed1-eb007434067a,2.4939e+08,18,2.4939
1658200605,ALPHAUSDT,Buy,426,0.13860,PlusTick,69b64eb4-a3a0-50e2-b2d9-cd7f7bab77f7,5.90436e+09,426,59.0436
1658200605,ALPHAUSDT,Buy,2692,0.13860,ZeroMinusTick,59cf198a-3a6c-58f0-9a1c-7c44b1ef1a23,3.731112e+10,2692,373.1112
1658200670,ALPHAUSDT,Buy,392,0.13875,PlusTick,3049a66c-df0a-5ec3-ad45-6af5b7d9fcc0,5.439000000000001e+09,392,54.39000000000001
1658200670,ALPHAUSDT,Buy,940,0.13875,ZeroMinusTick,5b08900e-6ed6-5b7b-b128-d25ba6145400,1.3042500000000002e+10,940,130.425
1658200670,ALPHAUSDT,Buy,1332,0.13875,ZeroMinusTick,626b4487-584d-5b0c-acb1-3647d489c6ce,1.8481500000000004e+10,1332,184.81500000000003
1658200670,ALPHAUSDT,Buy,1332,0.13875,ZeroMinusTick,c2296fb1-bc23-5bf6-9e7d-9f9969f59c05,1.8481500000000004e+10,1332,184.81500000000003
1658200670,ALPHAUSDT,Buy,2925,0.13875,ZeroMinusTick,1edfc8a8-2648-50eb-a300-80d7bc325822,4.058437500000001e+10,2925,405.84375000000006
1658200670,ALPHAUSDT,Buy,411,0.13875,ZeroMinusTick,e3ba7fd6-9c07-5dbd-b28d-2173635ad70e,5.702625e+09,411,57.026250000000005
1658200670,ALPHAUSDT,Buy,2424,0.13875,ZeroMinusTick,18d9a831-7cba-5e89-ac70-0c1411e85df8,3.3633000000000004e+10,2424,336.33000000000004
1658200670,ALPHAUSDT,Buy,7132,0.13880,PlusTick,04c64f0f-e56d-590f-b23e-f9cc8f2002e4,9.899216e+10,7132,989.9216
1658200670,ALPHAUSDT,Buy,2424,0.13880,ZeroMinusTick,c2cb0217-a33b-514c-a12e-8fb23606956c,3.3645120000000004e+10,2424,336.45120000000003
1658200670,ALPHAUSDT,Buy,4227,0.13875,MinusTick,73be2201-4dd3-5486-88fd-0ea7a79c9c45,5.8649625e+10,4227,586.49625
1658200701,ALPHAUSDT,Sell,10996,0.13895,PlusTick,94a4949a-53e0-5a2a-8dd8-38fd2758f54a,1.5278942e+11,10996,1527.8942
1658200701,ALPHAUSDT,Sell,2602,0.13895,ZeroMinusTick,6ee9ca36-9365-51b3-bd85-f4ada9dfb488,3.615479e+10,2602,361.54789999999997
1658200701,ALPHAUSDT,Sell,898,0.13895,ZeroMinusTick,2abe6514-e0b7-5cea-9218-e318f93c664f,1.2477709999999998e+10,898,124.77709999999999
1658200701,ALPHAUSDT,Sell,1102,0.13895,ZeroMinusTick,0e87854b-d981-552a-8fb6-49ce45d81357,1.5312289999999998e+10,1102,153.1229
1658200717,ALPHAUSDT,Buy,3500,0.13880,MinusTick,94b405d8-af1b-5b54-a099-773e04136eb4,4.858e+10,3500,485.8
1658200723,ALPHAUSDT,Buy,3500,0.13880,ZeroMinusTick,62090f7a-5a42-5d6b-81e5-0a3ba74f7e38,4.858e+10,3500,485.8
1658200731,ALPHAUSDT,Sell,1080,0.13915,PlusTick,75032364-dd2d-53fd-b81e-7fbfcf47ba36,1.5028199999999998e+10,1080,150.28199999999998
1658200749,ALPHAUSDT,Buy,1,0.13965,PlusTick,575c94ab-158e-5c4a-a78f-a913328a92f5,1.3965e+07,1,0.13965
1658200786,ALPHAUSDT,Buy,1080,0.13960,MinusTick,79e6b1bf-eb17-58a3-bf6f-be0f209be6d4,1.50768e+10,1080,150.768
1658200789,ALPHAUSDT,Sell,1,0.13945,MinusTick,78d0cff2-50e8-59ac-88ff-ac8a4f1d0393,1.3944999999999998e+07,1,0.13945
1658200796,ALPHAUSDT,Buy,1954,0.13970,PlusTick,c04a483a-9ef7-5553-ad18-704f930cfb27,2.729738e+10,1954,272.9738
1658200809,ALPHAUSDT,Sell,1,0.13965,MinusTick,9f2ec110-5774-5e0e-925e-84932cee0cd1,1.3965e+07,1,0.13965
1658200931,ALPHAUSDT,Buy,3500,0.13940,MinusTick,72c3d269-19a0-535f-8359-2a0001bf432c,4.879e+10,3500,487.9
1658201009,ALPHAUSDT,Buy,15,0.13990,PlusTick,6788ee4d-7f46-53f7-b407-d408df6bccd9,2.0985e+08,15,2.0985
1658201023,ALPHAUSDT,Sell,6540,0.13980,MinusTick,4aef6a9f-9492-51ec-8627-4ee6b8c4cc0d,9.14292e+10,6540,914.292
1658201039,ALPHAUSDT,Buy,3500,0.14000,PlusTick,32feea68-068a-5480-9027-24f1dc8c84cf,4.900000000000001e+10,3500,490.00000000000006
1658201069,ALPHAUSDT,Sell,1,0.13975,MinusTick,aaaa6a8e-4bf9-5afa-a37c-f915b322aed0,1.3975000000000002e+07,1,0.13975
1658201099,ALPHAUSDT,Sell,94,0.13975,ZeroMinusTick,68daa145-801a-5102-801b-ac432e44f4ef,1.3136500000000002e+09,94,13.136500000000002
1658201139,ALPHAUSDT,Sell,1,0.13995,PlusTick,d9691b33-f911-5362-b96e-8894636f49c4,1.3995e+07,1,0.13995
1658201144,ALPHAUSDT,Sell,3499,0.13995,ZeroMinusTick,51373cf4-9f1c-5651-9f63-cf3857d3fecd,4.8968505e+10,3499,489.68505
1658201164,ALPHAUSDT,Buy,3500,0.14000,PlusTick,3c70841a-19bb-5c55-9051-ce8c0c80ee15,4.900000000000001e+10,3500,490.00000000000006
1658201192,ALPHAUSDT,Sell,3500,0.13985,MinusTick,9dd77f5e-d54f-5e95-be25-ab79897db474,4.89475e+10,3500,489.475
1658201192,ALPHAUSDT,Sell,3040,0.13980,MinusTick,c0674845-0e3a-5570-88a1-cc6f42768de3,4.24992e+10,3040,424.992
1658201192,ALPHAUSDT,Sell,3500,0.13965,MinusTick,14436232-b208-5b04-85de-3f6a5f00ad24,4.88775e+10,3500,488.775
1658201192,ALPHAUSDT,Sell,4297,0.13960,MinusTick,55bf0569-cce0-5575-99a8-d04f7c2ef261,5.998612000000001e+10,4297,599.8612
1658201244,ALPHAUSDT,Sell,3500,0.13955,MinusTick,86e8e5a3-5fc0-5359-bb07-a9d13dd5df08,4.88425e+10,3500,488.425
1658201250,ALPHAUSDT,Buy,3500,0.13950,MinusTick,7d36fe04-6732-55b1-b980-f6e46a720e28,4.882500000000001e+10,3500,488.25000000000006
1658201289,ALPHAUSDT,Sell,1,0.13955,PlusTick,3a854259-1023-5431-9b46-da6402aba4a5,1.3955e+07,1,0.13955
1658201372,ALPHAUSDT,Buy,3500,0.13980,PlusTick,fa259041-b44d-54b0-94c7-d644074a8a4d,4.893e+10,3500,489.3
1658201399,ALPHAUSDT,Buy,1,0.13990,PlusTick,a7fe89c9-47a6-58f1-9287-3cc19cfbd64f,1.399e+07,1,0.1399
1658201424,ALPHAUSDT,Buy,3500,0.13970,MinusTick,955417d2-663f-5aa3-bb74-b1996cd7f9f7,4.8895e+10,3500,488.95
1658201424,ALPHAUSDT,Buy,341,0.13970,ZeroMinusTick,3396fc05-2295-5b2f-a716-2f65bdf8c4c9,4.76377e+09,341,47.637699999999995
1658201424,ALPHAUSDT,Buy,369,0.13970,ZeroMinusTick,4bdf72ae-31f0-5cdf-8973-76ee3daa1905,5.15493e+09,369,51.549299999999995
1658201429,ALPHAUSDT,Sell,33,0.13965,MinusTick,dd3ce56f-edf3-519c-adb4-66458f2f1831,4.6084499999999994e+08,33,4.6084499999999995
1658201472,ALPHAUSDT,Buy,3500,0.13970,PlusTick,6b3c2f23-762d-53fd-8dab-26880647143c,4.8895e+10,3500,488.95
1658201472,ALPHAUSDT,Buy,673,0.13970,ZeroMinusTick,5ac71839-884a-59d4-98c8-57a300b4d78b,9.401809999999998e+09,673,94.01809999999999
1658201479,ALPHAUSDT,Buy,487,0.13975,PlusTick,6b2a06e0-47f2-554d-a6ab-6394d334cda4,6.805825e+09,487,68.05825
1658201498,ALPHAUSDT,Buy,3500,0.13990,PlusTick,79fb815f-3c43-53d2-b1dd-af7e8be8faf0,4.8965e+10,3500,489.65
1658201569,ALPHAUSDT,Buy,100,0.14010,PlusTick,b97ace96-48ec-5593-a105-540a2f145b3a,1.401e+09,100,14.01
1658201618,ALPHAUSDT,Sell,172,0.13975,MinusTick,206b60c3-5243-5df3-bb24-5ff8003806ac,2.4037000000000005e+09,172,24.037000000000003
1658201679,ALPHAUSDT,Buy,585,0.14000,PlusTick,531bfa93-3338-59b8-828e-e485fffb62a4,8.190000000000001e+09,585,81.9
1658201679,ALPHAUSDT,Buy,1916,0.14000,ZeroMinusTick,61f5b97f-f0fe-50dd-94ce-7612f2677e11,2.6824e+10,1916,268.24
1658201720,ALPHAUSDT,Sell,3500,0.13985,MinusTick,95474d26-1496-5777-8f2c-2b40d4801474,4.89475e+10,3500,489.475
1658201723,ALPHAUSDT,Buy,3500,0.13980,MinusTick,478687ef-bbed-535f-9d35-f19a9801d2e8,4.893e+10,3500,489.3
1658201723,ALPHAUSDT,Buy,9738,0.13980,ZeroMinusTick,11f72d61-ddd9-57d1-856d-3245de814376,1.3613724e+11,9738,1361.3724
1658201723,ALPHAUSDT,Buy,4928,0.13980,ZeroMinusTick,d6c36a63-2e84-5b5b-a783-3375c3107aa8,6.889344e+10,4928,688.9344
1658201749,ALPHAUSDT,Sell,1,0.13985,PlusTick,3a7f10c0-049f-5ca7-adeb-52c9377058f1,1.3985e+07,1,0.13985
1658201789,ALPHAUSDT,Buy,1,0.14010,PlusTick,c895ff67-02f2-565d-b870-b7e4fc396952,1.401e+07,1,0.1401
1658201833,ALPHAUSDT,Sell,11404,0.13995,MinusTick,65f766e9-853c-5676-84ab-58d1e7cea2dc,1.5959897999999997e+11,11404,1595.9897999999998
1658201833,ALPHAUSDT,Sell,113,0.13995,ZeroMinusTick,38c053a3-a3fd-5cba-9232-aeb06437f29c,1.581435e+09,113,15.81435
1658201833,ALPHAUSDT,Sell,3500,0.13995,ZeroMinusTick,d81404d6-b58e-56cd-9329-e8718e6e7d90,4.89825e+10,3500,489.825
1658201879,ALPHAUSDT,Sell,1,0.13965,MinusTick,451d600c-89c7-5529-9785-f9e72af8f170,1.3965e+07,1,0.13965
1658201935,ALPHAUSDT,Buy,11277,0.13995,PlusTick,8adb6eee-9a13-59ca-acdc-96ebd7d7024f,1.57821615e+11,11277,1578.21615
1658201935,ALPHAUSDT,Buy,11677,0.14000,PlusTick,164fbea0-bf91-52f3-9e00-4a225cc53e0f,1.6347800000000003e+11,11677,1634.7800000000002
1658202069,ALPHAUSDT,Buy,1,0.13990,MinusTick,81fcf251-e90a-5f76-afff-f01662ef2e17,1.399e+07,1,0.1399
1658202179,ALPHAUSDT,Buy,1,0.14000,PlusTick,1213488e-858e-533f-8803-0f8fed5baedd,1.4000000000000002e+07,1,0.14
1658202188,ALPHAUSDT,Buy,3499,0.14000,ZeroMinusTick,3c6b8886-3660-5f8f-9cb4-c122ec0ea11f,4.898600000000001e+10,3499,489.86000000000007
1658202217,ALPHAUSDT,Buy,3572,0.13995,MinusTick,8bb54c38-f7ad-5cbf-bb19-e53496eaa144,4.999014e+10,3572,499.90139999999997
1658202307,ALPHAUSDT,Buy,3500,0.13960,MinusTick,6195a9de-f6df-5f7b-94af-7c808df6ee72,4.886e+10,3500,488.6
1658202309,ALPHAUSDT,Sell,38,0.13955,MinusTick,42965097-7570-5062-8927-a0b410aeb877,5.3029e+08,38,5.3029
1658202312,ALPHAUSDT,Buy,3500,0.13970,PlusTick,b8d80c72-2ed4-5a79-ac78-27477edca49d,4.8895e+10,3500,488.95
1658202369,ALPHAUSDT,Buy,3500,0.13940,MinusTick,69afd61c-6fb3-5f54-9856-ba06f6c223d3,4.879e+10,3500,487.9
1658202379,ALPHAUSDT,Buy,1,0.13960,PlusTick,eafd30ba-2332-5360-b070-5fb3dc3a7777,1.396e+07,1,0.1396
1658202442,ALPHAUSDT,Sell,11425,0.13920,MinusTick,f4af69f0-f31d-535d-afa9-ddc08f16ff34,1.59036e+11,11425,1590.36
1658202459,ALPHAUSDT,Buy,3500,0.13890,MinusTick,f1fa3f1e-3163-54aa-8642-1440e44064f0,4.8615e+10,3500,486.15
1658202499,ALPHAUSDT,Buy,1,0.13870,MinusTick,4fb42e73-aaba-5a58-b366-44f3a36479d6,1.3869999999999998e+07,1,0.1387
1658202520,ALPHAUSDT,Buy,3500,0.13850,MinusTick,a3c91b4c-d842-502e-8d30-253820a9c78e,4.847500000000001e+10,3500,484.75000000000006
1658202523,ALPHAUSDT,Buy,3500,0.13860,PlusTick,85dc4f41-dfa0-5542-a500-5b912fd6136d,4.851e+10,3500,485.1
1658202639,ALPHAUSDT,Buy,1,0.13830,MinusTick,8e4f9714-12aa-5c0b-ad3a-5c79ba3fddf5,1.383e+07,1,0.1383
1658202683,ALPHAUSDT,Sell,3500,0.13775,MinusTick,86a91ed6-00d3-53d7-a7c6-dbca2768c910,4.821250000000001e+10,3500,482.12500000000006
1658202684,ALPHAUSDT,Sell,5860,0.13765,MinusTick,7e44ba1b-dd5c-5dd8-b924-0db41ef458b7,8.06629e+10,5860,806.629
1658202689,ALPHAUSDT,Buy,3500,0.13750,MinusTick,f002f962-60fd-5214-812c-8753b8739fbd,4.812500000000001e+10,3500,481.25000000000006
1658202699,ALPHAUSDT,Buy,1,0.13760,PlusTick,5e15bea8-1820-5f08-87ee-315d24e5a604,1.376e+07,1,0.1376
1658202709,ALPHAUSDT,Sell,3500,0.13765,PlusTick,969eca56-3255-56f4-8fef-3a20dda8bd43,4.81775e+10,3500,481.775
1658202762,ALPHAUSDT,Sell,195,0.13805,PlusTick,826e16eb-9adc-5180-b6b8-122398ffd8c8,2.691975e+09,195,26.91975
1658202812,ALPHAUSDT,Sell,3500,0.13835,PlusTick,94935d57-1c21-5770-9c1b-62a81f85da31,4.84225e+10,3500,484.225
1658202817,ALPHAUSDT,Buy,10791,0.13845,PlusTick,177204f3-53da-5ed1-b005-b0fbf9d39a7d,1.4940139499999997e+11,10791,1494.0139499999998
1658202879,ALPHAUSDT,Buy,1,0.13880,PlusTick,47fb8eda-7d7a-5609-9c2e-5ee18dc21b46,1.388e+07,1,0.1388
1658202913,ALPHAUSDT,Buy,3500,0.13870,MinusTick,6bd6cd5c-c6fd-51a5-bc8a-d4f261f13249,4.8545e+10,3500,485.45
1658203000,ALPHAUSDT,Buy,195,0.13880,PlusTick,528ed95e-fb55-59bf-9c1f-c11dfc7fdb60,2.7066000000000005e+09,195,27.066000000000003
1658203029,ALPHAUSDT,Sell,1,0.13865,MinusTick,b523eed2-4f43-5df0-9504-6f9972303b20,1.3865e+07,1,0.13865
1658203127,ALPHAUSDT,Sell,9556,0.13860,MinusTick,63fa5b4b-1aa5-56c8-932a-956554832379,1.3244616000000002e+11,9556,1324.4616
1658203127,ALPHAUSDT,Sell,10444,0.13860,ZeroMinusTick,0e8b5364-1f7c-5c6c-b16a-0560db41eae4,1.4475384e+11,10444,1447.5384
1658203159,ALPHAUSDT,Sell,17,0.13805,MinusTick,8817049d-5a17-520c-91a2-3c581bd9d965,2.34685e+08,17,2.34685
1658203210,ALPHAUSDT,Sell,39,0.13825,PlusTick,1b3a2e1d-2334-580a-80e8-fa9b03ec32dc,5.39175e+08,39,5.39175
1658203215,ALPHAUSDT,Sell,3461,0.13825,ZeroMinusTick,4805c292-c269-507b-aae2-3a01a66cb969,4.784832500000001e+10,3461,478.48325000000006
1658203215,ALPHAUSDT,Sell,146,0.13825,ZeroMinusTick,dedeb7e6-85b5-55e2-b342-6dee70681e6c,2.0184500000000002e+09,146,20.184500000000003
1658203217,ALPHAUSDT,Sell,3500,0.13815,MinusTick,989bed8a-3c2d-570c-98ea-d98547fc79cc,4.83525e+10,3500,483.525
1658203217,ALPHAUSDT,Sell,723,0.13810,MinusTick,40243343-f364-5041-8171-23dc2dd8348d,9.98463e+09,723,99.8463
1658203229,ALPHAUSDT,Buy,3500,0.13820,PlusTick,fe70112c-86fd-59a8-ba96-07327e69fca5,4.837e+10,3500,483.7
1658203299,ALPHAUSDT,Buy,1,0.13820,ZeroMinusTick,f6c65b8d-208d-573f-928d-79409c89d4c9,1.3819999999999998e+07,1,0.1382
1658203317,ALPHAUSDT,Sell,168,0.13815,MinusTick,6dfd607e-9c3e-541a-8ef5-5e072d98a3c2,2.32092e+09,168,23.2092
1658203379,ALPHAUSDT,Buy,100,0.13750,MinusTick,b872f9a6-c107-5c23-bd43-745f9c272ee8,1.3750000000000002e+09,100,13.750000000000002
1658203384,ALPHAUSDT,Sell,3500,0.13745,MinusTick,170ce012-a514-5286-80af-d0fc4a5d7dee,4.81075e+10,3500,481.075
1658203389,ALPHAUSDT,Buy,723,0.13750,PlusTick,418ba9ab-5df5-501c-b679-cf9377ae11dd,9.94125e+09,723,99.41250000000001
1658203447,ALPHAUSDT,Sell,852,0.13755,PlusTick,9d1dd25e-98ba-5388-83f9-0a8041493a24,1.171926e+10,852,117.1926
1658203465,ALPHAUSDT,Sell,723,0.13730,MinusTick,3e58335d-7660-502c-b663-0931064d027d,9.92679e+09,723,99.2679
1658203469,ALPHAUSDT,Buy,3500,0.13730,ZeroMinusTick,4e963118-c459-529f-a24c-c731c570e14e,4.8055e+10,3500,480.55
1658203486,ALPHAUSDT,Sell,9556,0.13730,ZeroMinusTick,4114c1cd-d3f3-5a82-abbf-94641033a5e6,1.3120388e+11,9556,1312.0388
1658203519,ALPHAUSDT,Buy,1,0.13675,MinusTick,322bed41-bae0-5453-b7c0-2ec8d403a611,1.3675000000000002e+07,1,0.13675
1658203530,ALPHAUSDT,Sell,14763,0.13670,MinusTick,a21c6515-ee01-549e-b027-8f10bfe1e2cd,2.0181020999999997e+11,14763,2018.1020999999998
1658203547,ALPHAUSDT,Sell,723,0.13620,MinusTick,43bb838a-1c94-5c25-ad6c-31f147524c85,9.847259999999998e+09,723,98.47259999999999
1658203549,ALPHAUSDT,Buy,1,0.13620,ZeroMinusTick,b61b8197-21f4-5639-aec8-14f8e4404e4a,1.3619999999999998e+07,1,0.1362
1658203568,ALPHAUSDT,Buy,706,0.13640,PlusTick,c3acfcc3-1790-526e-b5ef-a945091610a0,9.62984e+09,706,96.2984
1658203569,ALPHAUSDT,Buy,17,0.13640,ZeroMinusTick,b9e99683-82f7-5b69-941e-052c3c7bd3fc,2.3188e+08,17,2.3188
1658203680,ALPHAUSDT,Buy,3500,0.13650,PlusTick,aa5d9df7-fecd-514b-8d30-2055deafb388,4.777500000000001e+10,3500,477.75000000000006
1658203680,ALPHAUSDT,Buy,1422,0.13660,PlusTick,3506db2a-bdb9-5562-be48-a403a561387e,1.942452e+10,1422,194.2452
1658203699,ALPHAUSDT,Buy,1,0.13660,ZeroMinusTick,b2f8a6d9-1ce2-59d8-b23f-e74578c25094,1.366e+07,1,0.1366
1658203734,ALPHAUSDT,Sell,3500,0.13655,MinusTick,19a0284d-fb46-5635-82a8-04bb45706af4,4.77925e+10,3500,477.925
1658203748,ALPHAUSDT,Sell,3500,0.13655,ZeroMinusTick,02b34e7f-3b0f-548b-ba59-03eb7f114960,4.77925e+10,3500,477.925
1658203767,ALPHAUSDT,Buy,11225,0.13675,PlusTick,f4c5ca44-aadb-53ce-9d74-dc0e57495909,1.5350187500000003e+11,11225,1535.0187500000002
1658203804,ALPHAUSDT,Sell,3500,0.13685,PlusTick,7d1ca062-072e-5067-b51f-c3cf9b70e30d,4.78975e+10,3500,478.975
1658203843,ALPHAUSDT,Buy,852,0.13690,PlusTick,c4734b70-b418-5b3a-b17d-b097e73bd1cf,1.1663879999999998e+10,852,116.63879999999999
1658203849,ALPHAUSDT,Sell,1,0.13685,MinusTick,345c2327-64ec-5c2b-a82d-9377f5743939,1.3685e+07,1,0.13685
1658203873,ALPHAUSDT,Sell,3500,0.13685,ZeroMinusTick,31254017-73e9-5183-961c-a0634ccaf492,4.78975e+10,3500,478.975
1658203873,ALPHAUSDT,Sell,10294,0.13675,MinusTick,55337b77-13fb-5105-bd32-1f301aa359de,1.4077045e+11,10294,1407.7045
1658203909,ALPHAUSDT,Sell,7435,0.13660,MinusTick,518116a3-b06a-5c85-befa-09d3501cd5a7,1.015621e+11,7435,1015.621
1658203909,ALPHAUSDT,Sell,2565,0.13660,ZeroMinusTick,692aa31f-91f2-561b-91e3-2e6696eeef15,3.50379e+10,2565,350.379
1658203909,ALPHAUSDT,Sell,8609,0.13660,ZeroMinusTick,f7d19c11-c888-560b-b0d7-64709ca39569,1.1759894e+11,8609,1175.9894
1658203918,ALPHAUSDT,Sell,3500,0.13635,MinusTick,4e7b025f-1d6f-5a73-b431-d8ca2078fdfb,4.77225e+10,3500,477.225
1658203923,ALPHAUSDT,Buy,11505,0.13650,PlusTick,49ae7c87-1db0-5f77-8cc4-e0fc4624094d,1.5704325e+11,11505,1570.4325000000001
1658203923,ALPHAUSDT,Buy,723,0.13650,ZeroMinusTick,89ca093d-7d8f-5447-a990-579e38ecd71c,9.868950000000002e+09,723,98.68950000000001
1658203924,ALPHAUSDT,Buy,723,0.13660,PlusTick,b7713bf7-2188-5bf5-8899-4bbe6d795b3a,9.87618e+09,723,98.7618
1658203932,ALPHAUSDT,Sell,723,0.13660,ZeroMinusTick,2d68a5e9-2802-5642-90a3-257cb64ae1e8,9.87618e+09,723,98.7618
1658203932,ALPHAUSDT,Sell,3500,0.13655,MinusTick,ca6d9d9a-d850-5599-8e94-7285b2304e5f,4.77925e+10,3500,477.925
1658203981,ALPHAUSDT,Buy,3500,0.13640,MinusTick,59eef1b0-3116-5d0b-bdf5-b52abd34aa68,4.774e+10,3500,477.4
1658203981,ALPHAUSDT,Buy,3500,0.13650,PlusTick,0ec45066-680e-5ddb-9b1e-1c3b065cf107,4.777500000000001e+10,3500,477.75000000000006
1658204016,ALPHAUSDT,Buy,3500,0.13640,MinusTick,15793ad4-4df1-50f9-ae45-0b75200f17a0,4.774e+10,3500,477.4
1658204029,ALPHAUSDT,Buy,13,0.13650,PlusTick,3d27a337-7879-54ff-ae02-fc9864b0c80c,1.7745000000000003e+08,13,1.7745000000000002
1658204090,ALPHAUSDT,Sell,370,0.13635,MinusTick,9da66c57-ddee-5c69-81a0-40881587f558,5.04495e+09,370,50.4495
1658204090,ALPHAUSDT,Sell,11149,0.13630,MinusTick,7ebcbeab-3b40-5e6c-a5a5-a35e7a0c592e,1.5196087e+11,11149,1519.6087
1658204129,ALPHAUSDT,Sell,100,0.13645,PlusTick,430303b3-eef2-59af-9477-3a00013d6eac,1.3645e+09,100,13.645
1658204132,ALPHAUSDT,Sell,619,0.13645,ZeroMinusTick,4f5803c8-bf7d-5a31-94d1-033c8cea2f21,8.446254999999999e+09,619,84.46255
1658204132,ALPHAUSDT,Sell,524,0.13645,ZeroMinusTick,a9971814-0a86-505c-a27f-bf71dd7ff2a4,7.149979999999999e+09,524,71.4998
1658204136,ALPHAUSDT,Sell,920,0.13640,MinusTick,93c17cd2-0e9c-58b1-91c3-967875603ab8,1.25488e+10,920,125.488
1658204136,ALPHAUSDT,Sell,746,0.13640,ZeroMinusTick,6780b259-b8a5-514d-9181-a4de00bf1a88,1.0175439999999998e+10,746,101.75439999999999
1658204149,ALPHAUSDT,Buy,3500,0.13630,MinusTick,4ea6e69e-2961-5083-b889-c62e5dc19ed6,4.7705e+10,3500,477.05
1658204175,ALPHAUSDT,Sell,11843,0.13615,MinusTick,7da48446-03f9-59d2-a605-242881f0d646,1.61242445e+11,11843,1612.42445
1658204188,ALPHAUSDT,Sell,2769,0.13595,MinusTick,0a3bbb98-fc36-577d-a232-3acb61e54a34,3.7644555e+10,2769,376.44554999999997
1658204196,ALPHAUSDT,Sell,592,0.13585,MinusTick,f7f2c797-82cd-5521-b16e-afbdade09639,8.042319999999999e+09,592,80.4232
1658204202,ALPHAUSDT,Buy,3500,0.13590,PlusTick,8b8f9596-66a3-5dd4-adb2-0e99a86387ee,4.7565e+10,3500,475.65
1658204229,ALPHAUSDT,Buy,11424,0.13615,PlusTick,95684d85-f180-542d-ae0c-ac5c1f619bf7,1.5553776e+11,11424,1555.3776
1658204274,ALPHAUSDT,Buy,279,0.13650,PlusTick,10033bea-0c65-5f6c-b990-61a5c25ab808,3.80835e+09,279,38.0835
1658204274,ALPHAUSDT,Buy,11102,0.13655,PlusTick,422426a2-cd8e-5f57-9000-19867d53ce22,1.5159781e+11,11102,1515.9781
1658204303,ALPHAUSDT,Sell,1152,0.13665,PlusTick,ca371ae5-a8b1-5c49-b3e5-0c61df8a2d2a,1.5742079999999998e+10,1152,157.42079999999999
1658204303,ALPHAUSDT,Sell,2228,0.13665,ZeroMinusTick,f710480f-0d02-5150-a13f-b88495a40a70,3.0445619999999996e+10,2228,304.45619999999997
1658204308,ALPHAUSDT,Sell,538,0.13660,MinusTick,e3e28da3-90ba-5b3b-9cc9-d619b064c063,7.349079999999999e+09,538,73.4908
1658204308,ALPHAUSDT,Sell,1130,0.13660,ZeroMinusTick,d6c8bce5-6f99-51fb-ac39-9e333a48d6b7,1.54358e+10,1130,154.358
1658204309,ALPHAUSDT,Buy,18,0.13675,PlusTick,67932c1a-72e7-52b9-a88d-bdd06be53830,2.4615e+08,18,2.4615
1658204318,ALPHAUSDT,Buy,3500,0.13670,MinusTick,bb0643db-c64c-5b6a-bb19-a5c3be4dc895,4.784499999999999e+10,3500,478.44999999999993
1658204379,ALPHAUSDT,Buy,1,0.13670,ZeroMinusTick,5d16975c-5448-59ad-a77d-5cd77628dc8d,1.3669999999999998e+07,1,0.1367
1658204409,ALPHAUSDT,Buy,100,0.13660,MinusTick,924a5c30-e4f5-5050-be79-dc1f24551838,1.366e+09,100,13.66
1658204450,ALPHAUSDT,Sell,3500,0.13665,PlusTick,2097cae7-877b-53ca-bca6-ad2dffb7b112,4.78275e+10,3500,478.275
1658204469,ALPHAUSDT,Buy,3500,0.13670,PlusTick,c6beb129-0b92-5bb5-a810-391002b6dfc2,4.784499999999999e+10,3500,478.44999999999993
1658204469,ALPHAUSDT,Buy,7433,0.13670,ZeroMinusTick,3b96b2f8-c9e7-5d72-9072-11d6ac4eeb9a,1.0160910999999998e+11,7433,1016.0910999999999
1658204469,ALPHAUSDT,Buy,3526,0.13670,ZeroMinusTick,3e772e10-2a8d-5013-8879-83c9a908cbf2,4.820042e+10,3526,482.00419999999997
1658204529,ALPHAUSDT,Sell,100,0.13675,PlusTick,bd39a240-e989-5637-8511-37f1f29f5d1b,1.3675e+09,100,13.675
1658204619,ALPHAUSDT,Sell,3500,0.13695,PlusTick,82cfd7c5-15a2-5f3c-aeeb-2284e4e1861e,4.793249999999999e+10,3500,479.32499999999993
1658204636,ALPHAUSDT,Buy,347,0.13720,PlusTick,85534c07-802c-5c41-8731-252b6019ea30,4.76084e+09,347,47.608399999999996
1658204679,ALPHAUSDT,Buy,1,0.13720,ZeroMinusTick,fd6829ca-6b0c-5c66-9694-8861654c43c9,1.3719999999999998e+07,1,0.1372
1658204709,ALPHAUSDT,Sell,1,0.13715,MinusTick,27cf976d-9380-5f52-946b-c801b71249f2,1.3715e+07,1,0.13715
1658204759,ALPHAUSDT,Buy,3500,0.13760,PlusTick,86aba648-a2f3-5f00-a5ff-7eb54989fa7b,4.816e+10,3500,481.6
1658204764,ALPHAUSDT,Sell,3500,0.13765,PlusTick,627afe7b-96dd-5ae9-9311-a50845742061,4.81775e+10,3500,481.775
1658204909,ALPHAUSDT,Buy,16,0.13780,PlusTick,9bca3985-c27b-58a0-b339-010be78942d0,2.2048e+08,16,2.2048
1658205062,ALPHAUSDT,Buy,723,0.13810,PlusTick,4d651284-0dcc-5578-8240-dadc70e2d861,9.98463e+09,723,99.8463
1658205069,ALPHAUSDT,Sell,17,0.13815,PlusTick,6fa8f075-64fe-5d36-a2e4-c3da9dd8c32b,2.34855e+08,17,2.34855
1658205074,ALPHAUSDT,Sell,915,0.13815,ZeroMinusTick,4ad3c601-4ec3-5928-ae61-8c4d5844bfc2,1.2640725e+10,915,126.40724999999999
1658205074,ALPHAUSDT,Sell,5318,0.13805,MinusTick,da3a13c8-542c-5e4d-ad5a-81f18c6c5dba,7.341499e+10,5318,734.1499
1658205074,ALPHAUSDT,Sell,2477,0.13805,ZeroMinusTick,8443d5f9-146d-589c-a22d-797f9fc04ee1,3.4194985000000004e+10,2477,341.94985
1658205074,ALPHAUSDT,Sell,723,0.13800,MinusTick,f2411d8b-6cb9-5b95-a8b3-28ccb84cba64,9.977400000000002e+09,723,99.77400000000002
1658205090,ALPHAUSDT,Buy,3500,0.13800,ZeroMinusTick,be33a75a-22fa-5089-972c-2656063b06db,4.830000000000001e+10,3500,483.00000000000006
1658205090,ALPHAUSDT,Buy,723,0.13800,ZeroMinusTick,26caa0b1-13a9-5f63-9816-8b8aab5cf876,9.977400000000002e+09,723,99.77400000000002
1658205090,ALPHAUSDT,Buy,464,0.13805,PlusTick,71fda26c-bbc3-56a1-9d79-7cbc09bf3fcf,6.40552e+09,464,64.0552
1658205107,ALPHAUSDT,Buy,3500,0.13790,MinusTick,e2962747-c565-515d-9877-09ff560cab81,4.8265e+10,3500,482.65
1658205107,ALPHAUSDT,Buy,723,0.13790,ZeroMinusTick,9316c1ef-6b13-51c5-be6e-30a6fa0db984,9.97017e+09,723,99.7017
1658205120,ALPHAUSDT,Buy,723,0.13800,PlusTick,5668e3c5-ba44-5743-b71c-71c95b7886ac,9.977400000000002e+09,723,99.77400000000002
1658205137,ALPHAUSDT,Sell,10749,0.13785,MinusTick,5f9025da-3eec-5cc5-b3d9-5e700c4104ae,1.48174965e+11,10749,1481.74965
1658205137,ALPHAUSDT,Sell,725,0.13785,ZeroMinusTick,6eb32d41-781f-50a2-a261-0fd7d1b799e8,9.994125e+09,725,99.94125
1658205137,ALPHAUSDT,Sell,3500,0.13785,ZeroMinusTick,112ecdea-2b7c-5f46-9dff-60b7e9a72ebf,4.82475e+10,3500,482.475
1658205137,ALPHAUSDT,Sell,6970,0.13780,MinusTick,dd61eb3e-810d-51b3-9334-7e0118af3032,9.60466e+10,6970,960.466
1658205138,ALPHAUSDT,Sell,22,0.13770,MinusTick,c35e09d2-0a8f-5a1a-b14d-36437a9f04d7,3.0294e+08,22,3.0294
1658205159,ALPHAUSDT,Sell,18,0.13750,MinusTick,c3ae6ed1-e830-59d4-b063-4be55f4955f1,2.475e+08,18,2.475
1658205178,ALPHAUSDT,Buy,723,0.13770,PlusTick,10dbd252-67bc-5b08-bc69-51fdd6821a1e,9.95571e+09,723,99.55709999999999
1658205178,ALPHAUSDT,Buy,5816,0.13770,ZeroMinusTick,c8383eec-0811-5422-b8e2-fe1a8a0a07f6,8.008631999999998e+10,5816,800.8631999999999
1658205178,ALPHAUSDT,Buy,3500,0.13770,ZeroMinusTick,bffe9819-7c95-566e-9de8-712f1c4a0c0f,4.8195e+10,3500,481.95
1658205181,ALPHAUSDT,Buy,723,0.13790,PlusTick,72b6c01a-722b-5545-89e3-d210e7ec408a,9.97017e+09,723,99.7017
1658205192,ALPHAUSDT,Buy,723,0.13810,PlusTick,73cc1fe2-d6b6-579d-bf1b-710672567965,9.98463e+09,723,99.8463
1658205193,ALPHAUSDT,Buy,723,0.13820,PlusTick,92198727-aa05-5ba8-86cf-90daaacc51bb,9.99186e+09,723,99.9186
1658205193,ALPHAUSDT,Sell,3500,0.13825,PlusTick,98859d5f-2991-5878-94d9-aac2c475ea86,4.838750000000001e+10,3500,483.87500000000006
1658205259,ALPHAUSDT,Buy,1,0.13840,PlusTick,6ad99552-5680-5d1d-9555-ad686abd1ba5,1.384e+07,1,0.1384
1658205349,ALPHAUSDT,Buy,1,0.13850,PlusTick,ef9a3443-25bf-5e2e-978f-cd80f4917ef4,1.3850000000000002e+07,1,0.1385
1658205409,ALPHAUSDT,Sell,1,0.13835,MinusTick,1f70f8be-eab8-53b8-a665-3f4da65aaaec,1.3835e+07,1,0.13835
1658205589,ALPHAUSDT,Buy,1,0.13910,PlusTick,09300919-1d5d-52ac-8748-fb0ac4e79783,1.391e+07,1,0.1391
1658205686,ALPHAUSDT,Sell,3500,0.13915,PlusTick,64fc5c7d-46d3-541d-adcb-e5af08f648a9,4.87025e+10,3500,487.025
1658205709,ALPHAUSDT,Buy,1,0.13930,PlusTick,44868415-5af0-5695-8f1e-8cbf5f7c828d,1.393e+07,1,0.1393
1658205739,ALPHAUSDT,Sell,100,0.13945,PlusTick,bef2ff7f-f3c0-5027-89ac-bd4a57ffb014,1.3944999999999998e+09,100,13.944999999999999
1658205754,ALPHAUSDT,Sell,3400,0.13945,ZeroMinusTick,b1ba98f0-37e9-5260-bab2-bba71197a663,4.7413e+10,3400,474.13
1658205754,ALPHAUSDT,Buy,2460,0.13945,ZeroMinusTick,6ad025e4-2bdd-5745-a6ba-0c7ddf1e27c8,3.4304699999999996e+10,2460,343.04699999999997
1658205769,ALPHAUSDT,Buy,1,0.13950,PlusTick,1b268061-3a7b-5a1f-b42a-2aa8c4fa9ac3,1.3950000000000002e+07,1,0.1395
1658205812,ALPHAUSDT,Buy,11749,0.13950,ZeroMinusTick,72521f2c-b81d-5e85-b489-c1252e1d17b3,1.6389855000000003e+11,11749,1638.9855000000002
1658205812,ALPHAUSDT,Buy,251,0.13950,ZeroMinusTick,80598e19-ec3d-5460-bbed-009d297f99c3,3.5014500000000005e+09,251,35.014500000000005
1658205812,ALPHAUSDT,Buy,3249,0.13950,ZeroMinusTick,45117968-8729-51ed-b157-47e1a63d5b79,4.532355000000001e+10,3249,453.23550000000006
1658205831,ALPHAUSDT,Buy,3359,0.13970,PlusTick,f2df7b03-2cb7-56e1-a1a3-4051a17b457b,4.692523e+10,3359,469.2523
1658205842,ALPHAUSDT,Sell,347,0.13955,MinusTick,ea743451-5793-52f9-a915-6dc93689aea6,4.842385e+09,347,48.42385
1658205843,ALPHAUSDT,Buy,723,0.13980,PlusTick,393c2909-bfb1-541b-86dd-c879507d5453,1.010754e+10,723,101.0754
1658205843,ALPHAUSDT,Buy,5841,0.13980,ZeroMinusTick,27a64fb1-8ece-5faa-84a3-d4e06f23e3c5,8.165718e+10,5841,816.5718
1658205859,ALPHAUSDT,Buy,1,0.13985,PlusTick,5a35a4af-14e2-5551-ac73-ecbb35d9c3c7,1.3985e+07,1,0.13985
1658205913,ALPHAUSDT,Sell,45,0.13960,MinusTick,26165c77-2f98-59a1-9c17-e3cd7b74e019,6.282e+08,45,6.282
1658205929,ALPHAUSDT,Buy,1,0.13960,ZeroMinusTick,f4b94944-f37b-5332-ba8c-d3b3e4deec8f,1.396e+07,1,0.1396
1658206009,ALPHAUSDT,Sell,7,0.13950,MinusTick,06c3c72e-ea92-5332-b7e2-ec75d98215e2,9.765000000000001e+07,7,0.9765000000000001
1658206061,ALPHAUSDT,Sell,2910,0.13955,PlusTick,2643a1df-809d-536f-8d72-3f35e99498d7,4.060905e+10,2910,406.0905
1658206100,ALPHAUSDT,Buy,723,0.13990,PlusTick,504ac628-40a9-5a42-b001-f2483a3b3ac2,1.011477e+10,723,101.1477
1658206101,ALPHAUSDT,Buy,1,0.14000,PlusTick,579fa35b-3114-5342-b590-c99e2e58b0f2,1.4000000000000002e+07,1,0.14
1658206101,ALPHAUSDT,Buy,722,0.14000,ZeroMinusTick,43e41888-697b-54da-bc4a-fbe6e2d5aa26,1.0108000000000002e+10,722,101.08000000000001
1658206101,ALPHAUSDT,Buy,8152,0.14010,PlusTick,8f723a6a-e07a-5491-8e17-ead16b522173,1.1420952e+11,8152,1142.0952
1658206101,ALPHAUSDT,Buy,4233,0.14050,PlusTick,49431fab-7310-55cb-8eec-8b44f3dce940,5.947365000000001e+10,4233,594.7365000000001
1658206102,ALPHAUSDT,Sell,3500,0.14045,MinusTick,f743de91-a7d5-5d80-a9eb-8c794b106e4b,4.91575e+10,3500,491.575
1658206153,ALPHAUSDT,Buy,723,0.14040,MinusTick,e70a38ea-59a8-53d3-ad05-8b79d99dfd04,1.015092e+10,723,101.50919999999999
1658206153,ALPHAUSDT,Buy,3500,0.14040,ZeroMinusTick,726910b8-3677-50f0-8938-a478c969b137,4.914e+10,3500,491.4
1658206153,ALPHAUSDT,Buy,5701,0.14045,PlusTick,9358d0d7-d73e-5715-9c69-ac32e3c89a76,8.0070545e+10,5701,800.7054499999999
1658206169,ALPHAUSDT,Sell,11202,0.14020,MinusTick,2f476020-6c73-5265-b819-ba301780766a,1.5705204e+11,11202,1570.5203999999999
1658206171,ALPHAUSDT,Sell,723,0.14000,MinusTick,6111f432-af80-53c6-800e-b867affb34d4,1.0122000000000002e+10,723,101.22000000000001
1658206179,ALPHAUSDT,Buy,100,0.13940,MinusTick,8d7b3ab6-70c9-5f32-b931-cb3c2ea11956,1.394e+09,100,13.94
1658206186,ALPHAUSDT,Buy,723,0.13950,PlusTick,479b50bd-1549-51d4-9498-8850c55d7449,1.008585e+10,723,100.8585
1658206186,ALPHAUSDT,Buy,3500,0.13950,ZeroMinusTick,05a6ca88-c664-509e-a66b-894c26a694a5,4.882500000000001e+10,3500,488.25000000000006
1658206208,ALPHAUSDT,Buy,723,0.13980,PlusTick,1305667a-49fd-54d6-b4c2-159f74987ac4,1.010754e+10,723,101.0754
1658206208,ALPHAUSDT,Buy,5727,0.13990,PlusTick,38ab58e2-d046-503e-be65-9bba1dc97779,8.012073e+10,5727,801.2073
1658206208,ALPHAUSDT,Buy,5727,0.13990,ZeroMinusTick,c47c05f4-1a93-5994-9127-e4b0132e4bda,8.012073e+10,5727,801.2073
1658206208,ALPHAUSDT,Buy,723,0.13990,ZeroMinusTick,1de8fbba-9710-517c-a725-2627e9460d73,1.011477e+10,723,101.1477
1658206208,ALPHAUSDT,Buy,5701,0.14000,PlusTick,d9d19941-3e20-59d7-a3b8-7c714482a0df,7.981400000000002e+10,5701,798.1400000000001
1658206208,ALPHAUSDT,Buy,723,0.14000,ZeroMinusTick,e37bfab4-5516-53f0-b1d9-b5d1f1ffd235,1.0122000000000002e+10,723,101.22000000000001
1658206294,ALPHAUSDT,Buy,3500,0.14030,PlusTick,50e88574-0cf9-5bb4-9610-2c6f50ef6880,4.9105e+10,3500,491.05
1658206296,ALPHAUSDT,Buy,723,0.14040,PlusTick,ce6ab955-fac9-50b1-a4f8-5f549def4934,1.015092e+10,723,101.50919999999999
1658206314,ALPHAUSDT,Buy,3500,0.14040,ZeroMinusTick,0623c962-f006-5c02-bef5-499997be10c6,4.914e+10,3500,491.4
1658206335,ALPHAUSDT,Buy,671,0.14050,PlusTick,4289f821-6d5b-54b8-822f-29c5094155d6,9.42755e+09,671,94.27550000000001
1658206339,ALPHAUSDT,Buy,13,0.14065,PlusTick,0fed769d-f0e2-5d8d-a86c-e9a0661a1c44,1.82845e+08,13,1.82845
1658206365,ALPHAUSDT,Buy,2103,0.14065,ZeroMinusTick,ef38b400-ae32-5cc4-9cf0-d5c880b64a25,2.9578695e+10,2103,295.78695
1658206389,ALPHAUSDT,Buy,1,0.14060,MinusTick,196d3c34-6c6b-51f4-b06f-b1398fa9de84,1.406e+07,1,0.1406
1658206390,ALPHAUSDT,Buy,3499,0.14060,ZeroMinusTick,fbe45201-2629-577d-b181-21e1ea246402,4.919594e+10,3499,491.9594
1658206390,ALPHAUSDT,Buy,999,0.14060,ZeroMinusTick,a73a332f-64fc-540c-9b88-2a32c3a9ae09,1.4045940000000002e+10,999,140.45940000000002
1658206390,ALPHAUSDT,Buy,1417,0.14060,ZeroMinusTick,1283076d-218f-52d4-8e8d-254c853af6bc,1.992302e+10,1417,199.2302
1658206390,ALPHAUSDT,Buy,100,0.14060,ZeroMinusTick,1b0c9037-b30c-5a8f-bac7-fcac952f9f75,1.406e+09,100,14.06
1658206391,ALPHAUSDT,Buy,609,0.14060,ZeroMinusTick,63b16ee5-e661-5584-a049-43edee172261,8.56254e+09,609,85.6254
1658206403,ALPHAUSDT,Buy,100,0.14065,PlusTick,119ccf87-7c3c-561b-bd25-eb4fa9fe3610,1.4065e+09,100,14.065
1658206403,ALPHAUSDT,Buy,911,0.14065,ZeroMinusTick,55e7cd63-4e4e-52ff-82dc-9df9c359fb38,1.2813215e+10,911,128.13215
1658206403,ALPHAUSDT,Buy,1328,0.14065,ZeroMinusTick,d169a917-972c-512e-856c-7682ad492e0b,1.867832e+10,1328,186.7832
1658206409,ALPHAUSDT,Buy,100,0.14070,PlusTick,f2515bef-d143-59aa-9cef-d02e94f516d9,1.4069999999999998e+09,100,14.069999999999999
1658206409,ALPHAUSDT,Buy,1000,0.14070,ZeroMinusTick,7a807c54-1c82-52ee-b3b6-049526585982,1.4069999999999998e+10,1000,140.7
1658206458,ALPHAUSDT,Buy,100,0.14090,PlusTick,93fddf93-18a4-5b6a-859e-c0301d9325c9,1.409e+09,100,14.09
1658206484,ALPHAUSDT,Buy,859,0.14095,PlusTick,be7bed2e-f504-50cd-8771-bcdcc1c4cdd0,1.2107605e+10,859,121.07605
1658206484,ALPHAUSDT,Buy,5180,0.14095,ZeroMinusTick,b3acd7ee-a8ad-505e-8800-db25e7be47f7,7.30121e+10,5180,730.121
1658206484,ALPHAUSDT,Buy,2487,0.14095,ZeroMinusTick,29d1e74e-848c-51fb-8a21-9f269dee508c,3.5054265e+10,2487,350.54265
1658206494,ALPHAUSDT,Sell,3500,0.14085,MinusTick,fbd71337-76d8-5f1f-a35c-ea5d70db979c,4.92975e+10,3500,492.975
1658206494,ALPHAUSDT,Sell,4202,0.14080,MinusTick,6285212c-5465-555d-8bc6-4b48d7d9c91d,5.916416000000001e+10,4202,591.6416
1658206494,ALPHAUSDT,Sell,5677,0.14080,ZeroMinusTick,a5c2a072-cb26-563a-b743-e20853c6bbdb,7.993216000000002e+10,5677,799.3216000000001
1658206494,ALPHAUSDT,Sell,723,0.14080,ZeroMinusTick,ac0d64c3-a693-59f9-a483-0e0b4782da76,1.017984e+10,723,101.7984
1658206500,ALPHAUSDT,Buy,3500,0.14080,ZeroMinusTick,19536812-ce81-516c-97c1-ff9ad8a6ec7f,4.928e+10,3500,492.8
1658206500,ALPHAUSDT,Buy,690,0.14080,ZeroMinusTick,ca441232-f8cd-574d-bf24-d1f5f42d4b3f,9.7152e+09,690,97.152
1658206500,ALPHAUSDT,Buy,11478,0.14085,PlusTick,151bdb3b-ec40-5b7f-b27b-1086150cab77,1.6166763e+11,11478,1616.6763
1658206518,ALPHAUSDT,Buy,100,0.14100,PlusTick,ea50d678-ea31-54c3-bea9-0063ad0b010d,1.4099999999999998e+09,100,14.099999999999998
1658206518,ALPHAUSDT,Buy,723,0.14110,PlusTick,bf21aca9-8bb1-529b-b23a-5814e46bbc0b,1.020153e+10,723,102.0153
1658206520,ALPHAUSDT,Buy,723,0.14130,PlusTick,a13e320b-d7d4-5b2a-a2d9-b3c52f4e532e,1.021599e+10,723,102.15990000000001
1658206520,ALPHAUSDT,Buy,723,0.14140,PlusTick,976d2388-62e9-55a5-9640-2acc49251385,1.022322e+10,723,102.23219999999999
1658206520,ALPHAUSDT,Buy,100,0.14150,PlusTick,c3aad3fb-3a7f-5bfe-8365-d4bc50ff19db,1.4149999999999998e+09,100,14.149999999999999
1658206520,ALPHAUSDT,Buy,100,0.14150,ZeroMinusTick,61d4b77e-3d3c-5d4f-acb6-5825a946f2d4,1.4149999999999998e+09,100,14.149999999999999
1658206520,ALPHAUSDT,Buy,2710,0.14160,PlusTick,93fd220a-8f47-5c58-9b37-989b6a03dad1,3.83736e+10,2710,383.736
1658206520,ALPHAUSDT,Buy,387,0.14160,ZeroMinusTick,21794464-c012-5c8c-9c59-32220534ee28,5.47992e+09,387,54.7992
1658206536,ALPHAUSDT,Buy,3500,0.14155,MinusTick,ea7aecac-55ae-597b-892f-32bfd48166b9,4.95425e+10,3500,495.425
1658206546,ALPHAUSDT,Sell,2868,0.14135,MinusTick,555ce464-80a6-5e4a-9c1e-fa2e6cd9cb7c,4.053918e+10,2868,405.3918
1658206565,ALPHAUSDT,Buy,723,0.14190,PlusTick,6c1edfd3-af23-50fd-b5b7-042c813a9c8d,1.025937e+10,723,102.5937
1658206565,ALPHAUSDT,Buy,723,0.14190,ZeroMinusTick,47d7e7b0-5aff-56b1-bc11-b1f4505d6463,1.025937e+10,723,102.5937
1658206565,ALPHAUSDT,Buy,723,0.14190,ZeroMinusTick,a879ba50-7384-5de8-bd60-20b97c358a95,1.025937e+10,723,102.5937
1658206565,ALPHAUSDT,Buy,3000,0.14190,ZeroMinusTick,0dcd67a0-472a-5084-96e9-790f8040ed62,4.257e+10,3000,425.7
1658206565,ALPHAUSDT,Buy,238,0.14190,ZeroMinusTick,c48a7ce5-6f3b-54f8-bb37-a5a427014d59,3.37722e+09,238,33.7722
1658206565,ALPHAUSDT,Buy,730,0.14190,ZeroMinusTick,791bd977-5dc2-5639-88a4-202bacbb7dc3,1.03587e+10,730,103.587
1658206565,ALPHAUSDT,Buy,230,0.14190,ZeroMinusTick,d75ae1e5-4d27-530a-b27a-e88a8aa99cef,3.2637e+09,230,32.637
1658206565,ALPHAUSDT,Buy,100,0.14200,PlusTick,58b2be78-b48e-573e-9244-58142440f11f,1.42e+09,100,14.2
1658206565,ALPHAUSDT,Buy,1235,0.14200,ZeroMinusTick,ba4f1ab1-a737-592b-b192-079fdf07be80,1.7536999999999996e+10,1235,175.36999999999998
1658206565,ALPHAUSDT,Buy,723,0.14200,ZeroMinusTick,9dba1803-3fa8-52ef-9158-25182c6f187d,1.02666e+10,723,102.666
1658206565,ALPHAUSDT,Buy,1517,0.14205,PlusTick,553ce7f1-f542-525f-8f3b-ae91a2423943,2.1548985e+10,1517,215.48985000000002
1658206565,ALPHAUSDT,Buy,1802,0.14190,MinusTick,abfa6bfe-9faa-5e69-a7ba-484c5024d992,2.557038e+10,1802,255.7038
1658206565,ALPHAUSDT,Buy,3842,0.14190,ZeroMinusTick,f75cdfff-e9e8-53a8-8c39-0080fe1b9d13,5.451798e+10,3842,545.1798
1658206566,ALPHAUSDT,Buy,3500,0.14205,PlusTick,e20942cf-fea7-59d8-93b6-344820a5d33f,4.97175e+10,3500,497.175
1658206566,ALPHAUSDT,Buy,1862,0.14215,PlusTick,c241cb55-19a4-58c0-b156-8175a3f411a1,2.6468329999999996e+10,1862,264.6833
1658206566,ALPHAUSDT,Buy,224,0.14215,ZeroMinusTick,01534963-999e-5323-8a2d-532aeee89edc,3.18416e+09,224,31.8416
1658206570,ALPHAUSDT,Sell,3500,0.14180,MinusTick,562f3070-82eb-5b99-a64b-bbb3c91535f4,4.963e+10,3500,496.3
1658206570,ALPHAUSDT,Sell,723,0.14180,ZeroMinusTick,7a41e3b7-38b0-5d4a-8d59-32c4e9633dbc,1.025214e+10,723,102.5214
1658206570,ALPHAUSDT,Sell,5636,0.14175,MinusTick,c7b8fb1d-e75e-53a9-a6e1-e9b93b62b309,7.989029999999998e+10,5636,798.9029999999999
1658206570,ALPHAUSDT,Sell,5636,0.14175,ZeroMinusTick,471b47d5-daa5-5934-915f-2accd458082f,7.989029999999998e+10,5636,798.9029999999999
1658206609,ALPHAUSDT,Sell,1,0.14175,ZeroMinusTick,8351c974-44c1-53f1-a3a2-50aeb529123d,1.4174999999999998e+07,1,0.14175
1658206616,ALPHAUSDT,Buy,3500,0.14195,PlusTick,3816aa2d-548c-5dc7-8a2c-b3982da895b3,4.96825e+10,3500,496.825
1658206626,ALPHAUSDT,Sell,3500,0.14180,MinusTick,65067727-a090-533d-b707-e864d3409e8a,4.963e+10,3500,496.3
1658206628,ALPHAUSDT,Sell,723,0.14170,MinusTick,fcd01853-1645-5ab5-8021-c1ab9631db7b,1.024491e+10,723,102.4491
1658206628,ALPHAUSDT,Sell,723,0.14160,MinusTick,c0e11792-a11a-5f1d-a0bc-6584c86ae792,1.023768e+10,723,102.3768
1658206628,ALPHAUSDT,Sell,1,0.14150,MinusTick,0a41395c-3532-58cb-a751-620016c97049,1.4149999999999998e+07,1,0.1415
1658206628,ALPHAUSDT,Sell,722,0.14150,ZeroMinusTick,9aaf0609-ae5e-560c-9933-b679cd0c04b1,1.02163e+10,722,102.163
1658206628,ALPHAUSDT,Sell,723,0.14140,MinusTick,5f0cda9d-bb33-50b6-bf44-0a68a3c4bca2,1.022322e+10,723,102.23219999999999
1658206629,ALPHAUSDT,Buy,3500,0.14130,MinusTick,8bcc1c0a-3fdf-5ba2-843f-6173afe7c6fc,4.9455e+10,3500,494.55
1658206683,ALPHAUSDT,Buy,6000,0.14185,PlusTick,6bc0c44e-a516-5190-ab70-41981534a92c,8.511e+10,6000,851.1
1658206692,ALPHAUSDT,Sell,1236,0.14180,MinusTick,32749088-94b0-5353-ba8b-487da0360a42,1.752648e+10,1236,175.2648
1658206692,ALPHAUSDT,Sell,1236,0.14180,ZeroMinusTick,7edfeda4-e6bd-5eb5-98d7-2320e0598370,1.752648e+10,1236,175.2648
1658206692,ALPHAUSDT,Sell,8395,0.14180,ZeroMinusTick,df1a2409-2532-5353-907f-b1c43c0be453,1.190411e+11,8395,1190.411
1658206692,ALPHAUSDT,Sell,723,0.14180,ZeroMinusTick,159b7dd4-f736-5584-8de2-a1134fef7224,1.025214e+10,723,102.5214
1658206692,ALPHAUSDT,Sell,3500,0.14180,ZeroMinusTick,3e1b2447-cae3-5cbf-b050-e9007cde418b,4.963e+10,3500,496.3
1658206692,ALPHAUSDT,Sell,5636,0.14180,ZeroMinusTick,1d789fc2-7e56-520c-ae7e-e02a616ce396,7.991848000000002e+10,5636,799.1848000000001
1658206692,ALPHAUSDT,Sell,1236,0.14180,ZeroMinusTick,f8036fb9-c7ae-58a2-aea4-1ba16f903c51,1.752648e+10,1236,175.2648
1658206692,ALPHAUSDT,Sell,1236,0.14180,ZeroMinusTick,d15c8321-c9f3-57a9-b0c5-5592903384fa,1.752648e+10,1236,175.2648
1658206699,ALPHAUSDT,Buy,3500,0.14160,MinusTick,6eff0ea3-feec-5c0f-bab1-2b4ffe418855,4.956e+10,3500,495.6
1658206719,ALPHAUSDT,Buy,1,0.14175,PlusTick,4b4a4ba8-19da-54fd-857d-e4b66943bc96,1.4174999999999998e+07,1,0.14175
1658206740,ALPHAUSDT,Buy,3500,0.14145,MinusTick,e2fe3380-9ae8-5a16-8b3b-c30e15067351,4.95075e+10,3500,495.075
1658206774,ALPHAUSDT,Buy,3500,0.14135,MinusTick,40237e2f-8d2d-539f-9c66-6887615c8cd0,4.94725e+10,3500,494.725
1658206816,ALPHAUSDT,Sell,14,0.14120,MinusTick,a7a99cd7-0a05-5e81-8e17-480aab324940,1.9768e+08,14,1.9768
1658206819,ALPHAUSDT,Buy,3500,0.14115,MinusTick,ef48f3e7-7d39-58b6-8221-168eada1d7df,4.94025e+10,3500,494.025
1658206838,ALPHAUSDT,Sell,11624,0.14105,MinusTick,5f3576b8-417f-57d1-b4d0-ad47991f6aff,1.6395652e+11,11624,1639.5652
1658206859,ALPHAUSDT,Buy,13,0.14070,MinusTick,ab74acf6-4ee3-55bc-8d50-fad86b1328c0,1.8291e+08,13,1.8291
1658206864,ALPHAUSDT,Buy,997,0.14070,ZeroMinusTick,c23f448b-8a9a-501b-a58f-cd80f71548e6,1.4027789999999998e+10,997,140.2779
1658206871,ALPHAUSDT,Sell,1639,0.14075,PlusTick,2beeb166-5c3d-5e77-9693-a76b83f98dad,2.3068925e+10,1639,230.68925
1658206890,ALPHAUSDT,Sell,6892,0.14060,MinusTick,f9fbbcb4-607f-5d42-b924-e8963b0c6d5f,9.690152e+10,6892,969.0152
1658206890,ALPHAUSDT,Sell,3677,0.14060,ZeroMinusTick,2788998b-9e92-59ea-a9af-fa74148a9269,5.169862000000001e+10,3677,516.9862
1658206890,ALPHAUSDT,Sell,707,0.14060,ZeroMinusTick,70151429-3607-5371-8e5c-37c08709f3d2,9.94042e+09,707,99.4042
1658206890,ALPHAUSDT,Sell,3500,0.14055,MinusTick,309f918d-4e11-5ceb-bb6c-75fa8145ac9e,4.91925e+10,3500,491.925
1658206897,ALPHAUSDT,Sell,707,0.14040,MinusTick,a8f57a9d-bcde-54e5-9132-402159735aca,9.92628e+09,707,99.2628
1658206897,ALPHAUSDT,Sell,2652,0.14040,ZeroMinusTick,a2fdcc9f-1821-5ebb-81df-9a46e75bf1fc,3.723408e+10,2652,372.3408
1658206902,ALPHAUSDT,Buy,8125,0.14060,PlusTick,773a000a-57d8-510f-b670-f0091fecf94f,1.142375e+11,8125,1142.375
1658206902,ALPHAUSDT,Buy,3500,0.14065,PlusTick,80e54431-41d9-5e27-9a1d-24bee471e02b,4.92275e+10,3500,492.275
1658206902,ALPHAUSDT,Buy,6892,0.14070,PlusTick,dffaf93e-f070-5f03-9c72-60b0b5e0bc31,9.697044e+10,6892,969.7044
1658206989,ALPHAUSDT,Sell,707,0.14070,ZeroMinusTick,1383732f-84c1-5f67-be52-27fdf8372d6b,9.94749e+09,707,99.47489999999999
1658206992,ALPHAUSDT,Sell,9556,0.14065,MinusTick,fe8e1fe2-d644-5fc4-b65b-4c56e7ed0e33,1.3440514e+11,9556,1344.0514
1658207030,ALPHAUSDT,Buy,3500,0.14045,MinusTick,a95b0677-9675-52b3-adc4-d23f0cc0e234,4.91575e+10,3500,491.575
1658207030,ALPHAUSDT,Buy,707,0.14050,PlusTick,ee3ab690-5ad6-513b-a228-1855f4e9ee30,9.933350000000002e+09,707,99.33350000000002
1658207049,ALPHAUSDT,Sell,1,0.14060,PlusTick,2877726b-4604-5312-bea5-3c2167b5008b,1.406e+07,1,0.1406
1658207072,ALPHAUSDT,Buy,3500,0.14065,PlusTick,548ab313-bf1f-5c59-bb5a-cbc10bc2760d,4.92275e+10,3500,492.275
1658207096,ALPHAUSDT,Buy,3500,0.14065,ZeroMinusTick,ab63f32c-ebe3-50cd-b4b0-849fb9d4c8f2,4.92275e+10,3500,492.275
1658207119,ALPHAUSDT,Sell,1,0.14080,PlusTick,583f29db-6f35-512d-abd6-ba08c984ca12,1.408e+07,1,0.1408
1658207142,ALPHAUSDT,Buy,11003,0.14095,PlusTick,7f3bf870-f39e-5217-a415-119aca7d4520,1.55087285e+11,11003,1550.87285
1658207208,ALPHAUSDT,Sell,3500,0.14110,PlusTick,0e012f30-a89e-57f9-8613-8813c53e4563,4.9385e+10,3500,493.85
1658207209,ALPHAUSDT,Sell,707,0.14100,MinusTick,f67e1992-9350-5b0d-9ea3-343108b35811,9.968699999999998e+09,707,99.68699999999998
1658207267,ALPHAUSDT,Sell,9463,0.14030,MinusTick,17c8e46d-ddf1-5aee-b6d9-bb10af552586,1.3276589000000002e+11,9463,1327.6589000000001
1658207267,ALPHAUSDT,Sell,1977,0.14030,ZeroMinusTick,5c3adb0a-8995-5e20-a800-08bd5228103b,2.7737310000000004e+10,1977,277.3731
1658207267,ALPHAUSDT,Sell,707,0.14030,ZeroMinusTick,f20aa110-8842-5de1-9c3b-adbd6c601cd6,9.919210000000002e+09,707,99.19210000000001
1658207273,ALPHAUSDT,Sell,707,0.14010,MinusTick,ae2cd553-d7c0-56ba-b934-9c09ebf37a15,9.90507e+09,707,99.0507
1658207273,ALPHAUSDT,Sell,707,0.14000,MinusTick,abcdea37-10d0-5d0d-aaf3-697ce3cf0ce7,9.898e+09,707,98.98
1658207274,ALPHAUSDT,Sell,3500,0.13995,MinusTick,750f36ca-a362-5e73-ac0b-a2c89a91564a,4.89825e+10,3500,489.825
1658207275,ALPHAUSDT,Sell,1,0.13980,MinusTick,be03cfec-ea7b-53e0-b97f-1f3fea50c794,1.398e+07,1,0.1398
1658207275,ALPHAUSDT,Sell,706,0.13980,ZeroMinusTick,5702fb22-fe51-5671-9b1a-55dc94d22de0,9.86988e+09,706,98.6988
1658207275,ALPHAUSDT,Sell,5716,0.13970,MinusTick,3e8922b2-6b82-579f-b695-148e1be36037,7.985252e+10,5716,798.5251999999999
1658207275,ALPHAUSDT,Sell,5717,0.13965,MinusTick,c6c98d0a-cef3-5031-8ed2-8804d44c0385,7.9837905e+10,5717,798.37905
1658207278,ALPHAUSDT,Sell,6152,0.13950,MinusTick,2f3339f7-bbbb-5186-8fa5-d879d419555c,8.58204e+10,6152,858.2040000000001
