timestamp,symbol,side,size,price,tickDirection,trdMatchID,grossValue,homeNotional,foreignNotional
1658102404,ALPHAUSDT,Buy,1,0.12650,PlusTick,fbfcff61-e731-5d95-836f-6d3ca90e51d6,1.265e+07,1,0.1265
1658102409,ALPHAUSDT,Buy,20,0.12650,ZeroMinusTick,f16eeea9-b95e-5d15-b5ba-86782eaf0fe4,2.5300000000000003e+08,20,2.5300000000000002
1658102424,ALPHAUSDT,Buy,1,0.12690,PlusTick,c1ce6f76-e4b7-5a18-973f-470d4322db58,1.2690000000000002e+07,1,0.1269
1658102434,ALPHAUSDT,Sell,3500,0.12695,PlusTick,21baaee3-11a3-54c2-be65-7eca871960ee,4.443250000000001e+10,3500,444.32500000000005
1658102454,ALPHAUSDT,Sell,3101,0.12655,MinusTick,da29be7b-15ab-5150-9d1a-3c7c3b9e0699,3.924315499999999e+10,3101,392.43154999999996
1658102454,ALPHAUSDT,Sell,4784,0.12655,ZeroMinusTick,3212d103-92c6-5fdf-9335-af5e5b4f0e60,6.054152e+10,4784,605.4152
1658102454,ALPHAUSDT,Sell,4784,0.12655,ZeroMinusTick,ece6e2c3-074e-54f7-8382-bc12578107b3,6.054152e+10,4784,605.4152
1658102462,ALPHAUSDT,Buy,3500,0.12650,MinusTick,3e440e22-94a2-5175-9776-af99a7baed60,4.4275e+10,3500,442.75
1658102484,ALPHAUSDT,Sell,19,0.12650,ZeroMinusTick,9f0d5b4b-09d9-585c-8f17-abefbc5b4258,2.4035000000000003e+08,19,2.4035
1658102486,ALPHAUSDT,Sell,2494,0.12645,MinusTick,d54399a0-f6e4-5328-9bd1-356047abc7d7,3.1536630000000004e+10,2494,315.3663
1658102506,ALPHAUSDT,Sell,3500,0.12635,MinusTick,720e9b5c-492d-5a18-b69b-21726bb18c8f,4.42225e+10,3500,442.22499999999997
1658102522,ALPHAUSDT,Buy,3500,0.12650,PlusTick,4ec07ae1-9c8d-5b57-8541-698195d20b5f,4.4275e+10,3500,442.75
1658102522,ALPHAUSDT,Buy,12139,0.12650,ZeroMinusTick,ac015cf7-0735-5b55-b6a0-de9b2553fe9d,1.5355835e+11,12139,1535.5835
1658102528,ALPHAUSDT,Sell,3500,0.12665,PlusTick,7e75d862-2590-514b-ab16-565ee79fc85f,4.43275e+10,3500,443.27500000000003
1658102534,ALPHAUSDT,Sell,3500,0.12665,ZeroMinusTick,04ba9096-f188-55f4-b336-bbfa45bd98d0,4.43275e+10,3500,443.27500000000003
1658102555,ALPHAUSDT,Sell,3500,0.12675,PlusTick,3050a112-543e-5b5b-a4d2-a1d1da70cd2c,4.43625e+10,3500,443.625
1658102584,ALPHAUSDT,Buy,19,0.12695,PlusTick,b3c9e2cb-bdea-5bcb-aa7d-34ac355d4a3c,2.4120500000000003e+08,19,2.4120500000000002
1658102623,ALPHAUSDT,Buy,12058,0.12685,MinusTick,9e27758e-657f-5193-9691-13eea28814bc,1.5295573e+11,12058,1529.5573
1658102623,ALPHAUSDT,Buy,4784,0.12685,ZeroMinusTick,a0ce7396-0c35-5aee-9fa0-409f3299b922,6.068503999999999e+10,4784,606.8503999999999
1658102624,ALPHAUSDT,Sell,100,0.12685,ZeroMinusTick,c1f69c12-7a23-5b67-bce8-08040c274151,1.2684999999999998e+09,100,12.684999999999999
1658102627,ALPHAUSDT,Sell,3400,0.12685,ZeroMinusTick,3d4baf9a-d7d1-54f6-960c-9e9f4d576d55,4.3129e+10,3400,431.28999999999996
1658102677,ALPHAUSDT,Sell,3500,0.12725,PlusTick,ef080715-5aef-5add-839b-d674cd1ed3ea,4.45375e+10,3500,445.375
1658102677,ALPHAUSDT,Sell,1284,0.12725,ZeroMinusTick,28d5d8d3-6811-586d-8755-6516b9a73fbe,1.6338900000000002e+10,1284,163.389
1658102738,ALPHAUSDT,Buy,4784,0.12725,ZeroMinusTick,32f3e2b7-a71d-5996-92f7-63ded72dd2ef,6.08764e+10,4784,608.764
1658102757,ALPHAUSDT,Buy,3500,0.12730,PlusTick,cac1c37f-f7df-53fd-b31e-dc75e55acf91,4.4555e+10,3500,445.55
1658102772,ALPHAUSDT,Sell,3500,0.12755,PlusTick,eafbe36a-8e2a-5452-a47a-cd4f28c51d28,4.46425e+10,3500,446.425
1658102772,ALPHAUSDT,Buy,1885,0.12765,PlusTick,aa1bd2cf-d31e-50b5-b0d9-e299a5c40665,2.4062025000000004e+10,1885,240.62025000000003
1658102777,ALPHAUSDT,Sell,3500,0.12755,MinusTick,07d7b91b-f6fe-5b01-abd4-90520513ed0b,4.46425e+10,3500,446.425
1658102854,ALPHAUSDT,Buy,1,0.12780,PlusTick,ed372721-85ee-54a9-96f6-624f261cfc46,1.278e+07,1,0.1278
1658102904,ALPHAUSDT,Buy,1,0.12790,PlusTick,f7cf014b-4689-5f8e-8c85-739992886c01,1.2790000000000002e+07,1,0.1279
1658102934,ALPHAUSDT,Sell,4784,0.12770,MinusTick,0e6bb870-0512-5737-969b-331b6e8ce288,6.109168000000001e+10,4784,610.9168000000001
1658102934,ALPHAUSDT,Sell,6262,0.12765,MinusTick,3eef106a-37fc-5509-b473-431143e3b4c4,7.993443000000002e+10,6262,799.3443000000001
1658102934,ALPHAUSDT,Sell,3500,0.12765,ZeroMinusTick,992bb98d-7367-5a0a-abf5-71b346ba761d,4.46775e+10,3500,446.77500000000003
1658102989,ALPHAUSDT,Sell,3500,0.12735,MinusTick,df59e105-23d5-5440-bfaf-e0e089904610,4.45725e+10,3500,445.72499999999997
1658103078,ALPHAUSDT,Sell,3500,0.12765,PlusTick,12653008-2f74-53ce-ba85-96e528adcd5f,4.46775e+10,3500,446.77500000000003
1658103094,ALPHAUSDT,Sell,1,0.12755,MinusTick,c63a9eb5-f3a9-5ea4-b6d3-039f9dfdc164,1.2755e+07,1,0.12755
1658103122,ALPHAUSDT,Buy,11583,0.12775,PlusTick,6393aae8-920f-5c94-901c-606f8c0d19d3,1.47972825e+11,11583,1479.7282500000001
1658103122,ALPHAUSDT,Buy,4784,0.12775,ZeroMinusTick,c9ed9b4c-3e7e-5303-90c3-c10c9655f71a,6.111560000000001e+10,4784,611.1560000000001
1658103154,ALPHAUSDT,Sell,1,0.12755,MinusTick,d886a7d8-1f7d-5a37-b36d-0a0227e0fc23,1.2755e+07,1,0.12755
1658103160,ALPHAUSDT,Sell,3499,0.12755,ZeroMinusTick,379a74d8-38b9-5c93-b9b3-4f8c3c1b868f,4.4629745e+10,3499,446.29744999999997
1658103194,ALPHAUSDT,Buy,3500,0.12760,PlusTick,416b2634-a309-5032-99ef-f680a9d93f47,4.466e+10,3500,446.59999999999997
1658103194,ALPHAUSDT,Buy,3914,0.12760,ZeroMinusTick,d45474af-65bb-5664-a994-dd333626c90d,4.994263999999999e+10,3914,499.42639999999994
1658103194,ALPHAUSDT,Buy,3914,0.12760,ZeroMinusTick,4551c0a0-1967-507d-9b5a-67382ec71b19,4.994263999999999e+10,3914,499.42639999999994
1658103214,ALPHAUSDT,Sell,11,0.12760,ZeroMinusTick,4057de51-0ce9-53d1-a69d-b80f6ad8f797,1.4036e+08,11,1.4036
1658103225,ALPHAUSDT,Sell,11999,0.12755,MinusTick,be3b88d0-0b8b-5d9a-9f74-84073a881c8e,1.53047245e+11,11999,1530.47245
1658103225,ALPHAUSDT,Sell,4784,0.12755,ZeroMinusTick,d94f3f5f-e33e-5851-9549-b14cc2711bb6,6.101992e+10,4784,610.1992
1658103246,ALPHAUSDT,Buy,3500,0.12760,PlusTick,fd446492-3cb8-5335-a7d8-26b08f8882b2,4.466e+10,3500,446.59999999999997
1658103246,ALPHAUSDT,Buy,870,0.12760,ZeroMinusTick,cd17d169-6ee3-5c63-98c4-bb48c0ac9841,1.1101199999999998e+10,870,111.01199999999999
1658103314,ALPHAUSDT,Buy,1,0.12770,PlusTick,0012e45e-fb5d-5ecd-8c5d-48b1bb47416b,1.277e+07,1,0.1277
1658103328,ALPHAUSDT,Sell,8602,0.12755,MinusTick,bba54940-095b-5f01-8f5d-c2de09f66ee4,1.0971850999999998e+11,8602,1097.1851
1658103345,ALPHAUSDT,Buy,850,0.12760,PlusTick,0b2f7864-558f-5aad-9be0-420a6aab29ea,1.0846e+10,850,108.46
1658103391,ALPHAUSDT,Buy,3500,0.12750,MinusTick,faf866b6-05ca-5613-a270-dcd0a6112102,4.4625e+10,3500,446.25
1658103394,ALPHAUSDT,Sell,1,0.12745,MinusTick,0d58facc-423e-5f01-80e2-ca58156dd1a8,1.2745e+07,1,0.12745
1658103408,ALPHAUSDT,Sell,3499,0.12745,ZeroMinusTick,0533f288-5a59-57d4-af32-b279763a6c10,4.4594755e+10,3499,445.94755000000004
1658103483,ALPHAUSDT,Sell,11335,0.12765,PlusTick,26133f70-542a-592f-9e84-2d018369be38,1.4469127500000003e+11,11335,1446.9127500000002
1658103483,ALPHAUSDT,Sell,3500,0.12765,ZeroMinusTick,6da583e4-c834-5090-a75c-1da86e44ddf8,4.46775e+10,3500,446.77500000000003
1658103508,ALPHAUSDT,Sell,9101,0.12755,MinusTick,9eb3267e-faa1-59c7-aec0-25e7cdc55225,1.1608325500000002e+11,9101,1160.83255
1658103518,ALPHAUSDT,Buy,3500,0.12760,PlusTick,f573f49d-61ab-5a23-b409-27d83824fbc4,4.466e+10,3500,446.59999999999997
1658103518,ALPHAUSDT,Buy,8423,0.12765,PlusTick,87ea7c7b-08fb-5cd6-8aea-f4c8bcd65dbf,1.07519595e+11,8423,1075.19595
1658103584,ALPHAUSDT,Sell,14,0.12760,MinusTick,030b0c64-86e5-5f29-90f3-218140540477,1.7864e+08,14,1.7864
1658103624,ALPHAUSDT,Buy,1,0.12770,PlusTick,addf85d6-a455-5685-98e0-1efe781ac452,1.277e+07,1,0.1277
1658103634,ALPHAUSDT,Sell,11430,0.12755,MinusTick,5679c97f-1af3-54a2-ae77-0a8305ebc0da,1.4578965e+11,11430,1457.8965
1658103634,ALPHAUSDT,Sell,8384,0.12755,ZeroMinusTick,fdb10221-f7de-5207-9a83-b64b3dcdc1df,1.0693792000000002e+11,8384,1069.3792
1658103634,ALPHAUSDT,Sell,3500,0.12755,ZeroMinusTick,3ce2d4e0-227f-543e-ad42-ed2aa9e37091,4.46425e+10,3500,446.425
1658103647,ALPHAUSDT,Sell,3500,0.12755,ZeroMinusTick,732e7c71-5a76-5c98-b8fa-67e7e5fab9b5,4.46425e+10,3500,446.425
1658103671,ALPHAUSDT,Sell,8484,0.12745,MinusTick,746204d4-c3bf-55c0-afad-9bd1a0b115fe,1.0812858000000002e+11,8484,1081.2858
1658103702,ALPHAUSDT,Buy,9556,0.12755,PlusTick,879d4d9b-c589-575f-910f-3fd16d2ad012,1.2188678e+11,9556,1218.8678
1658103702,ALPHAUSDT,Buy,11712,0.12755,ZeroMinusTick,273504c3-3010-5518-a675-f7624b911850,1.4938656e+11,11712,1493.8655999999999
1658103720,ALPHAUSDT,Buy,3500,0.12760,PlusTick,4bc6b2f8-1507-5593-bf37-5a01b00338be,4.466e+10,3500,446.59999999999997
1658103724,ALPHAUSDT,Buy,3500,0.12770,PlusTick,0e0c63d2-90a7-5d57-9689-dab489ddae50,4.469500000000001e+10,3500,446.95000000000005
1658103764,ALPHAUSDT,Sell,1,0.12765,MinusTick,01e0d42d-f1b1-583c-b5f8-ae2d7807fe18,1.2765000000000002e+07,1,0.12765
1658103774,ALPHAUSDT,Buy,11577,0.12780,PlusTick,f4d9f6d6-591b-5c4f-8c50-ed8b5ca2d7a4,1.4795406e+11,11577,1479.5406
1658103774,ALPHAUSDT,Buy,3500,0.12780,ZeroMinusTick,a9228ca5-1da4-5f12-8e9d-c189aab677b0,4.473e+10,3500,447.3
1658103774,ALPHAUSDT,Buy,9556,0.12785,PlusTick,bb14bce8-0014-538e-9ca9-ee52fce38081,1.2217346e+11,9556,1221.7346
1658103781,ALPHAUSDT,Buy,3500,0.12790,PlusTick,a8b0d9a1-ec16-5614-aa3f-1987734c343a,4.4765e+10,3500,447.65000000000003
1658103792,ALPHAUSDT,Sell,3500,0.12775,MinusTick,72920d71-33ad-508e-8a83-52ff07d8d5a0,4.47125e+10,3500,447.125
1658103792,ALPHAUSDT,Sell,8183,0.12775,ZeroMinusTick,e789734d-c0bb-5d86-88ba-341a74aacff6,1.04537825e+11,8183,1045.37825
1658103792,ALPHAUSDT,Sell,9556,0.12770,MinusTick,ab41386d-079d-5275-b684-ae5375af1785,1.2203012000000002e+11,9556,1220.3012
1658103793,ALPHAUSDT,Buy,3500,0.12770,ZeroMinusTick,8b1db52e-c85f-5d09-bfd0-5e60b51f7a47,4.469500000000001e+10,3500,446.95000000000005
1658103795,ALPHAUSDT,Buy,3500,0.12780,PlusTick,ec4267a3-af9a-53b6-b017-6183713b6760,4.473e+10,3500,447.3
1658103834,ALPHAUSDT,Sell,100,0.12775,MinusTick,0be7404d-67c9-5e5d-9817-950ebbfb06ac,1.2775e+09,100,12.775
1658103840,ALPHAUSDT,Sell,11948,0.12775,ZeroMinusTick,2f6f05d2-7e26-5954-b78e-3c8e0f649bd6,1.526357e+11,11948,1526.357
1658103875,ALPHAUSDT,Buy,11793,0.12800,PlusTick,91b6700b-0429-5119-be21-5f48018057d5,1.509504e+11,11793,1509.5040000000001
1658103875,ALPHAUSDT,Buy,3500,0.12800,ZeroMinusTick,5c8e2b8e-3617-5068-92ec-6652b396f81e,4.48e+10,3500,448
1658103879,ALPHAUSDT,Sell,4784,0.12800,ZeroMinusTick,1a5b02f3-6510-5eb6-b824-bc2f6e8b9384,6.12352e+10,4784,612.352
1658103933,ALPHAUSDT,Buy,3500,0.12810,PlusTick,fbac9f9f-907b-5612-aabc-2e341de2cd3a,4.4835e+10,3500,448.34999999999997
1658103974,ALPHAUSDT,Sell,100,0.12805,MinusTick,6970daee-8307-5894-9b1f-9d87b18c47e3,1.2805e+09,100,12.805
1658104008,ALPHAUSDT,Sell,3400,0.12805,ZeroMinusTick,bfc9fffc-7a27-599d-89e5-6be089c83ec4,4.3537e+10,3400,435.37
1658104008,ALPHAUSDT,Sell,8870,0.12805,ZeroMinusTick,9803a091-cbf5-54f4-ac56-7e0a50152056,1.1358035e+11,8870,1135.8035
1658104026,ALPHAUSDT,Sell,11996,0.12800,MinusTick,29b18fc5-57d9-50ad-93dd-e639b68f9eff,1.535488e+11,11996,1535.488
1658104037,ALPHAUSDT,Sell,3500,0.12805,PlusTick,e40846c9-0c2a-5aee-b2aa-7db44bfaa089,4.48175e+10,3500,448.175
1658104094,ALPHAUSDT,Buy,3500,0.12780,MinusTick,5866135e-39b7-5cd4-a314-a97965c635ed,4.473e+10,3500,447.3
1658104114,ALPHAUSDT,Sell,8,0.12765,MinusTick,adcc06bf-bfb0-5653-8c70-c7ef4214b86c,1.0212000000000001e+08,8,1.0212
1658104132,ALPHAUSDT,Sell,782,0.12765,ZeroMinusTick,0b09de68-2e70-5625-a06b-f6d0bea21764,9.982230000000002e+09,782,99.82230000000001
1658104267,ALPHAUSDT,Sell,740,0.12760,MinusTick,9318472b-814c-5725-9be2-5afbbb6e38db,9.4424e+09,740,94.42399999999999
1658104284,ALPHAUSDT,Sell,15,0.12740,MinusTick,a79942ed-fb16-5ac8-ba0f-9093defcf5ba,1.9110000000000003e+08,15,1.9110000000000003
1658104291,ALPHAUSDT,Buy,3500,0.12740,ZeroMinusTick,69b5cd73-f9ba-582b-ad39-d0c7231ec224,4.459e+10,3500,445.90000000000003
1658104362,ALPHAUSDT,Buy,4784,0.12750,PlusTick,48e48027-2947-5a84-8646-2a173eef5995,6.0996e+10,4784,609.96
1658104394,ALPHAUSDT,Sell,19,0.12760,PlusTick,bb39cda2-f1b0-5bc2-92d3-35850db45fe5,2.4244e+08,19,2.4244
1658104473,ALPHAUSDT,Buy,9556,0.12805,PlusTick,da7c7363-b322-5870-a2ee-f42a6cf43ba7,1.2236458e+11,9556,1223.6458
1658104504,ALPHAUSDT,Buy,1,0.12800,MinusTick,ad19c44a-9ca6-56b7-9a43-834e7da03022,1.28e+07,1,0.128
1658104584,ALPHAUSDT,Sell,1,0.12775,MinusTick,3af238f2-98f7-5749-be4e-e41a386d3c14,1.2775e+07,1,0.12775
1658104732,ALPHAUSDT,Buy,3500,0.12750,MinusTick,70ef1f36-fa64-5588-bf18-5b7661f18711,4.4625e+10,3500,446.25
1658104764,ALPHAUSDT,Buy,1,0.12740,MinusTick,beddc799-0538-5928-b1b5-68dd98f394e0,1.2740000000000002e+07,1,0.1274
1658104864,ALPHAUSDT,Buy,1,0.12730,MinusTick,f012a80c-da2e-5fbe-afc3-1454b41bf825,1.273e+07,1,0.1273
1658105024,ALPHAUSDT,Sell,1,0.12715,MinusTick,ec513ddc-6fa0-5a81-8ea4-9dda43997a5b,1.2715000000000002e+07,1,0.12715
1658105109,ALPHAUSDT,Sell,21,0.12705,MinusTick,c5b94c21-f528-5799-836f-4ed14be3e993,2.66805e+08,21,2.66805
1658105114,ALPHAUSDT,Buy,100,0.12700,MinusTick,712a010f-5c2b-5db6-94ba-b6dc490a6c5f,1.27e+09,100,12.7
1658105187,ALPHAUSDT,Sell,3500,0.12705,PlusTick,20795e38-2363-56af-8537-67cdfd3bdecf,4.44675e+10,3500,444.675
1658105258,ALPHAUSDT,Buy,3500,0.12690,MinusTick,61a3b00d-2e1c-5160-9bff-e78cf2e05d56,4.4415e+10,3500,444.15000000000003
1658105262,ALPHAUSDT,Buy,3500,0.12700,PlusTick,2a4ddea4-7bf9-5073-b594-5b737724b6a7,4.445e+10,3500,444.5
1658105294,ALPHAUSDT,Sell,14,0.12690,MinusTick,d3cb1473-93c0-5d9e-9781-538ce7223147,1.7766000000000003e+08,14,1.7766000000000002
1658105434,ALPHAUSDT,Sell,1,0.12685,MinusTick,0da4e18c-141b-5ef4-b99c-1582570676e3,1.2684999999999998e+07,1,0.12685
1658105511,ALPHAUSDT,Buy,3500,0.12700,PlusTick,ca9f2917-429e-5a27-ba60-ec503de0869f,4.445e+10,3500,444.5
1658105554,ALPHAUSDT,Buy,1,0.12710,PlusTick,56a287da-e42c-57ef-890d-06b51443a2a8,1.271e+07,1,0.1271
1658105604,ALPHAUSDT,Buy,100,0.12710,ZeroMinusTick,5c65700a-90c2-5740-8fb8-ed6c34314abb,1.271e+09,100,12.709999999999999
1658105724,ALPHAUSDT,Buy,16,0.12700,MinusTick,4799a345-d4d1-5baa-abbc-e6d237afd4ca,2.032e+08,16,2.032
1658105794,ALPHAUSDT,Sell,11,0.12665,MinusTick,91f7dc4f-909e-5810-ae3a-aaaf4fe34298,1.39315e+08,11,1.39315
1658105805,ALPHAUSDT,Sell,2818,0.12670,PlusTick,d9bcbebe-9416-5fa0-ada1-4384159e73a8,3.570406000000001e+10,2818,357.04060000000004
1658105882,ALPHAUSDT,Buy,3500,0.12700,PlusTick,14c3843d-beae-58be-bd1d-c90c614d19d3,4.445e+10,3500,444.5
1658105929,ALPHAUSDT,Buy,11457,0.12735,PlusTick,2cd9ff0a-9107-5f7c-9935-dd616c1f2a34,1.45904895e+11,11457,1459.0489499999999
1658105929,ALPHAUSDT,Buy,2888,0.12735,ZeroMinusTick,fb637be4-e6c0-5b81-8b6b-bec9111376e2,3.677868e+10,2888,367.78679999999997
1658105964,ALPHAUSDT,Buy,1,0.12720,MinusTick,8dc8f615-318b-5b9e-aec0-ee1145ed0778,1.272e+07,1,0.1272
1658106004,ALPHAUSDT,Sell,315,0.12730,PlusTick,2f332359-6725-5dde-92c4-899b6d7cb8e0,4.00995e+09,315,40.0995
1658106079,ALPHAUSDT,Buy,16,0.12750,PlusTick,45dce836-e7cf-5c6c-8b57-4c1d5d8e9f7d,2.04e+08,16,2.04
1658106079,ALPHAUSDT,Buy,3484,0.12750,ZeroMinusTick,4060a5d4-38ef-5c48-9cd1-fec700422708,4.4421e+10,3484,444.21
1658106144,ALPHAUSDT,Buy,1,0.12780,PlusTick,4308c414-1b65-5807-ba5f-c6779ff9d6b7,1.278e+07,1,0.1278
1658106224,ALPHAUSDT,Buy,1,0.12770,MinusTick,b674223c-6114-5b20-a97b-3f24d9eebd79,1.277e+07,1,0.1277
1658106336,ALPHAUSDT,Buy,3069,0.12790,PlusTick,b97f72d3-7b51-56d6-a302-c6ec211e48bb,3.925251000000001e+10,3069,392.52510000000007
1658106336,ALPHAUSDT,Buy,6487,0.12790,ZeroMinusTick,7f665a5b-e5e1-532d-ace9-2b6d6952e446,8.296873e+10,6487,829.6873
1658106342,ALPHAUSDT,Buy,771,0.12800,PlusTick,1313942c-2b1e-5307-b4a4-fa88110031a0,9.8688e+09,771,98.688
1658106342,ALPHAUSDT,Buy,3500,0.12800,ZeroMinusTick,caa368f3-8c08-575e-9cb6-4e73a8ffb830,4.48e+10,3500,448
1658106342,ALPHAUSDT,Buy,6252,0.12805,PlusTick,be0d8e51-101b-557b-83aa-60b81f4c2b1e,8.005686e+10,6252,800.5686
1658106364,ALPHAUSDT,Buy,100,0.12800,MinusTick,937dc0ea-a26f-5e22-a5a5-7373fdace58e,1.28e+09,100,12.8
1658106382,ALPHAUSDT,Sell,2087,0.12800,ZeroMinusTick,dca70175-8691-578d-b8e3-d5cf8d9b693b,2.6713600000000004e+10,2087,267.136
1658106398,ALPHAUSDT,Sell,9882,0.12800,ZeroMinusTick,8e354c0a-8759-54b4-aaf9-93a259bcd241,1.264896e+11,9882,1264.896
1658106514,ALPHAUSDT,Buy,100,0.12830,PlusTick,f6ab6827-00a7-5422-b9dd-2d390bd08b1a,1.283e+09,100,12.83
1658106550,ALPHAUSDT,Sell,9738,0.12820,MinusTick,dfc8cb9c-312a-5069-bc72-ff8b1ba43c19,1.2484116000000002e+11,9738,1248.4116000000001
1658106550,ALPHAUSDT,Sell,6235,0.12820,ZeroMinusTick,518ca8b6-3263-5e87-b41f-535d5d0aff30,7.99327e+10,6235,799.327
1658106563,ALPHAUSDT,Buy,2177,0.12830,PlusTick,d67b7e58-6dd7-581a-bab5-3152865c3667,2.793091e+10,2177,279.3091
1658106563,ALPHAUSDT,Buy,1323,0.12830,ZeroMinusTick,0596b181-9855-5044-8ecc-304051240ed4,1.6974090000000002e+10,1323,169.7409
1658106604,ALPHAUSDT,Buy,3,0.12860,PlusTick,af571332-9104-5688-8fcf-ced6045ea228,3.858e+07,3,0.3858
1658106604,ALPHAUSDT,Buy,2818,0.12860,ZeroMinusTick,a4c36713-2196-5ed7-9196-7639b4298074,3.623948e+10,2818,362.3948
1658106608,ALPHAUSDT,Sell,4784,0.12850,MinusTick,02fc6fd9-24f3-5224-a920-5cfd75941e27,6.14744e+10,4784,614.744
1658106682,ALPHAUSDT,Buy,10490,0.12870,PlusTick,ed6682d2-b539-5c2c-998b-11f4f3354994,1.3500630000000002e+11,10490,1350.063
1658106683,ALPHAUSDT,Buy,3500,0.12880,PlusTick,a3906527-db90-5e12-bc52-0b2eaad559e5,4.508e+10,3500,450.8
1658106689,ALPHAUSDT,Buy,3500,0.12900,PlusTick,a2ebc6c4-ef09-592f-b986-ef0ec2b7435a,4.515e+10,3500,451.5
1658106689,ALPHAUSDT,Buy,11150,0.12900,ZeroMinusTick,e72547d7-6525-51e6-bd8b-7b42343a0678,1.43835e+11,11150,1438.3500000000001
1658106692,ALPHAUSDT,Sell,3500,0.12905,PlusTick,cc1e116f-0a19-5f4d-9ff0-9a511ec86c2c,4.51675e+10,3500,451.675
1658106702,ALPHAUSDT,Buy,3500,0.12900,MinusTick,93941a52-e5df-5c7e-b82f-783e010ddd84,4.515e+10,3500,451.5
1658106741,ALPHAUSDT,Sell,3500,0.12905,PlusTick,2b7c6c19-8408-5a1f-936f-7ccb8aba8778,4.51675e+10,3500,451.675
1658106753,ALPHAUSDT,Sell,3304,0.12880,MinusTick,2091f17d-a70f-529e-aeb7-f75e5bef663b,4.255552e+10,3304,425.5552
1658106753,ALPHAUSDT,Sell,610,0.12880,ZeroMinusTick,58c1b15a-3f26-54b0-b439-1d41857364a9,7.8568e+09,610,78.568
1658106754,ALPHAUSDT,Buy,1,0.12880,ZeroMinusTick,13296dc2-2065-5fb5-9de0-3616d8a1f3cb,1.288e+07,1,0.1288
1658106814,ALPHAUSDT,Sell,3500,0.12885,PlusTick,4d1552ec-72a7-5606-bf3a-07a4bc975614,4.50975e+10,3500,450.97499999999997
1658106834,ALPHAUSDT,Buy,3500,0.12880,MinusTick,49ba7124-2933-5d0b-9369-e37bb08c6ee8,4.508e+10,3500,450.8
1658106870,ALPHAUSDT,Sell,3500,0.12915,PlusTick,57ace1bc-7746-52f6-bb3f-d17886827a8e,4.52025e+10,3500,452.025
1658106870,ALPHAUSDT,Sell,224,0.12910,MinusTick,18069ca3-3135-5a8c-9219-dd774a7933cb,2.89184e+09,224,28.9184
1658106870,ALPHAUSDT,Sell,9912,0.12910,ZeroMinusTick,e2f944ce-290d-56a8-ab39-e9e07b8eeacb,1.2796391999999998e+11,9912,1279.6391999999998
1658106870,ALPHAUSDT,Sell,6191,0.12905,MinusTick,69966232-9379-5757-8f0e-75356c1abcc8,7.9894855e+10,6191,798.94855
1658106894,ALPHAUSDT,Buy,100,0.12900,MinusTick,1609cc4f-22eb-5164-a2e1-61ec9d29a3dd,1.29e+09,100,12.9
1658106905,ALPHAUSDT,Buy,2242,0.12915,PlusTick,44d71978-6e06-5001-947d-270162b521a6,2.8955429999999996e+10,2242,289.55429999999996
1658106987,ALPHAUSDT,Buy,62,0.12930,PlusTick,dc570923-42a4-598f-931c-78f091191f35,8.0166e+08,62,8.0166
1658106987,ALPHAUSDT,Buy,30,0.12930,ZeroMinusTick,47033e42-2b21-5dd6-98e2-9185f4e036c5,3.879e+08,30,3.879
1658107034,ALPHAUSDT,Buy,17,0.12935,PlusTick,8b8b7227-e1f9-5f1a-b71b-6d7834ae42e8,2.19895e+08,17,2.19895
1658107035,ALPHAUSDT,Buy,73,0.12935,ZeroMinusTick,b563ab96-254e-557a-bba4-4014a4fadc8e,9.442549999999999e+08,73,9.442549999999999
1658107046,ALPHAUSDT,Buy,3500,0.12960,PlusTick,57fbf897-c084-584e-ba9d-763e4ca6ad2d,4.536e+10,3500,453.59999999999997
1658107046,ALPHAUSDT,Buy,1287,0.12965,PlusTick,1166c7aa-8aa9-578a-b7b4-d0db46d4a361,1.6685954999999998e+10,1287,166.85954999999998
1658107047,ALPHAUSDT,Buy,100,0.12970,PlusTick,d82279e4-457c-57b3-9e31-3b61946c5d9f,1.297e+09,100,12.97
1658107062,ALPHAUSDT,Buy,3500,0.12960,MinusTick,0c140f57-4954-562e-99b0-c6e072c680f9,4.536e+10,3500,453.59999999999997
1658107062,ALPHAUSDT,Buy,4784,0.12960,ZeroMinusTick,e6633dde-041f-5040-9781-a3390a23b463,6.200064e+10,4784,620.0064
1658107062,ALPHAUSDT,Buy,4784,0.12960,ZeroMinusTick,57c7644e-9cc4-508d-9acc-62f820b31396,6.200064e+10,4784,620.0064
1658107062,ALPHAUSDT,Buy,5377,0.12965,PlusTick,643616c0-7eeb-5fa1-8fc1-71140b47535c,6.971280499999998e+10,5377,697.1280499999999
1658107062,ALPHAUSDT,Buy,9239,0.12965,ZeroMinusTick,0c3b4cdc-1aa6-5834-8796-f464ab331d63,1.1978363499999998e+11,9239,1197.8363499999998
1658107062,ALPHAUSDT,Buy,6401,0.12965,ZeroMinusTick,79fd4b55-bdaa-53e4-9a32-f9dd76aaeb40,8.2988965e+10,6401,829.88965
1658107119,ALPHAUSDT,Buy,3500,0.12960,MinusTick,ff733a4d-47b9-50e7-985f-b0aa4ee063fa,4.536e+10,3500,453.59999999999997
1658107134,ALPHAUSDT,Sell,100,0.12965,PlusTick,ac19b35f-d914-53a5-a3e4-38a58aa9ad46,1.2964999999999998e+09,100,12.964999999999998
1658107147,ALPHAUSDT,Buy,9556,0.12995,PlusTick,03b28e90-3ae4-561f-bbd5-a1fb17e6b0da,1.2418022000000002e+11,9556,1241.8022
1658107149,ALPHAUSDT,Buy,3500,0.13010,PlusTick,ffef19ff-bfb9-54ab-8a40-f53e1dcf37f2,4.5535e+10,3500,455.34999999999997
1658107149,ALPHAUSDT,Buy,552,0.13020,PlusTick,50199b78-3bcb-5ccf-8103-25e68cb0d8e4,7.18704e+09,552,71.8704
1658107211,ALPHAUSDT,Buy,6150,0.13025,PlusTick,d81a2e4b-2317-52ad-a736-4c5caca993a9,8.010375e+10,6150,801.0375
1658107254,ALPHAUSDT,Buy,1,0.12990,MinusTick,7d1e7519-7c97-50fe-beba-8955f05a4a9b,1.2989999999999998e+07,1,0.1299
1658107279,ALPHAUSDT,Buy,6000,0.12980,MinusTick,927b33fb-8576-5b1a-8c80-2a543b882655,7.788e+10,6000,778.8
1658107279,ALPHAUSDT,Buy,5522,0.12980,ZeroMinusTick,67ec88cc-6b8c-50ab-a5f8-25504a8c923c,7.167556e+10,5522,716.7556
1658107279,ALPHAUSDT,Buy,2037,0.12980,ZeroMinusTick,d001bf90-e542-501b-a4af-bfa41a5ffb2b,2.644026e+10,2037,264.4026
1658107279,ALPHAUSDT,Buy,5428,0.12985,PlusTick,eddbdcc9-3d7c-530f-95be-2fd5230f1288,7.048258e+10,5428,704.8258
1658107294,ALPHAUSDT,Buy,659,0.13000,PlusTick,20a66d11-c6a9-52e6-a89d-366e1685d645,8.567e+09,659,85.67
1658107294,ALPHAUSDT,Buy,1379,0.13000,ZeroMinusTick,80a066f4-f6ba-5e4c-a21e-b0d08d0faf74,1.7927e+10,1379,179.27
1658107294,ALPHAUSDT,Buy,6157,0.13010,PlusTick,87e00d19-e28f-5acb-8426-1f30bfcbc32a,8.010256999999998e+10,6157,801.0256999999999
1658107294,ALPHAUSDT,Buy,9149,0.13025,PlusTick,19466ea3-3fe6-5fc8-8c59-d423fe413ec5,1.19165725e+11,9149,1191.65725
1658107294,ALPHAUSDT,Buy,1306,0.13035,PlusTick,4105f5f4-9b23-5e6b-9b71-8aed6f09d02a,1.702371e+10,1306,170.2371
1658107294,ALPHAUSDT,Buy,250,0.13045,PlusTick,41c86eb5-6e7d-5672-82b0-489b6a9d4f9c,3.2612500000000005e+09,250,32.612500000000004
1658107294,ALPHAUSDT,Buy,4581,0.13040,MinusTick,7089daeb-3863-5135-9c22-778e7fae2883,5.973624e+10,4581,597.3624
1658107294,ALPHAUSDT,Buy,1563,0.13040,ZeroMinusTick,e33008b6-daa8-535d-aa00-f07f4ad1777d,2.0381519999999996e+10,1563,203.81519999999998
1658107294,ALPHAUSDT,Buy,482,0.13040,ZeroMinusTick,8efad797-a6ce-5ba1-921b-4aa77f8dc126,6.285279999999999e+09,482,62.852799999999995
1658107294,ALPHAUSDT,Buy,1006,0.13040,ZeroMinusTick,0276efda-1bdd-50b2-9a2b-39480a00ba12,1.311824e+10,1006,131.1824
1658107294,ALPHAUSDT,Buy,58,0.13060,PlusTick,2c5fd778-c887-5e03-beb9-1ce61ecdd256,7.5748e+08,58,7.5748
1658107294,ALPHAUSDT,Buy,28,0.13060,ZeroMinusTick,12cdaf2c-130e-501e-88cb-01ba8ad4b11e,3.6567999999999994e+08,28,3.6567999999999996
1658107294,ALPHAUSDT,Sell,55,0.13040,MinusTick,4491562d-243f-57ad-a531-be546902d680,7.172e+08,55,7.172
1658107294,ALPHAUSDT,Sell,615,0.13030,MinusTick,34da924f-dd72-552c-a2fb-07c59c5432ab,8.01345e+09,615,80.1345
1658107294,ALPHAUSDT,Buy,1006,0.13040,PlusTick,f57e48ee-6cbc-5aba-9430-476305721adb,1.311824e+10,1006,131.1824
1658107294,ALPHAUSDT,Buy,482,0.13040,ZeroMinusTick,95b3cd04-c412-5d1c-9caa-bef0f1c0c1f1,6.285279999999999e+09,482,62.852799999999995
1658107294,ALPHAUSDT,Buy,4122,0.13100,PlusTick,485927e0-6824-5864-aae0-4c452cf27736,5.39982e+10,4122,539.982
1658107295,ALPHAUSDT,Buy,2000,0.13085,MinusTick,07bcdfaa-ecac-5078-811d-f8793919faf5,2.617e+10,2000,261.7
1658107298,ALPHAUSDT,Buy,55,0.13075,MinusTick,05d9f833-8436-55c4-ae19-23b7fc91f983,7.19125e+08,55,7.19125
1658107300,ALPHAUSDT,Buy,4152,0.13085,PlusTick,e4ce7522-9bc4-5162-a2e8-3892bfb3116e,5.432891999999999e+10,4152,543.2891999999999
1658107314,ALPHAUSDT,Buy,542,0.13125,PlusTick,2326a925-a19b-5237-b369-84fd6905f5d9,7.11375e+09,542,71.1375
1658107314,ALPHAUSDT,Sell,12,0.13115,MinusTick,ed2d9f3e-4a09-5ccf-acc9-6c04d6d032fa,1.5738e+08,12,1.5737999999999999
1658107315,ALPHAUSDT,Buy,3760,0.13130,PlusTick,b2b8a4a9-3459-57c6-b4c3-59e79f4c5c26,4.93688e+10,3760,493.688
1658107316,ALPHAUSDT,Buy,100,0.13140,PlusTick,8db4afc0-2dc7-589e-8339-cb5fdc3501ea,1.3139999999999998e+09,100,13.139999999999999
1658107316,ALPHAUSDT,Buy,3500,0.13145,PlusTick,73ca90a7-3ea9-5d6f-97d0-7962bce55167,4.600750000000001e+10,3500,460.07500000000005
1658107316,ALPHAUSDT,Buy,1056,0.13155,PlusTick,f8879579-53d0-5ac8-be57-8396b3f4893a,1.389168e+10,1056,138.9168
1658107316,ALPHAUSDT,Buy,20766,0.13160,PlusTick,ba43d877-2fc8-5aea-833d-ac46ed336f8f,2.7328055999999997e+11,20766,2732.8055999999997
1658107317,ALPHAUSDT,Buy,3500,0.13155,MinusTick,1daab2e1-2d7f-58ff-83cc-5a5a686773c2,4.60425e+10,3500,460.425
1658107317,ALPHAUSDT,Buy,3000,0.13165,PlusTick,bc3472a8-fd34-547c-8362-8c8524cc7fa8,3.9495e+10,3000,394.95
1658107317,ALPHAUSDT,Buy,3500,0.13165,ZeroMinusTick,c3f4b996-0093-513f-8091-7bb43dafa42d,4.60775e+10,3500,460.775
1658107319,ALPHAUSDT,Buy,58,0.13180,PlusTick,373f4bf4-48c9-5cfc-bc53-c1d7d1533862,7.6444e+08,58,7.6444
1658107319,ALPHAUSDT,Buy,28,0.13180,ZeroMinusTick,05095694-23f6-5b60-ad5a-cc60e711c98b,3.6904e+08,28,3.6904
1658107319,ALPHAUSDT,Buy,26,0.13180,ZeroMinusTick,2f26b0dc-e7d4-51fc-a3d9-d8c2e2f648a9,3.4268e+08,26,3.4268
1658107319,ALPHAUSDT,Buy,485,0.13185,PlusTick,468ffb20-916f-5770-b667-dd94a1dd6b34,6.394725e+09,485,63.94725
1658107322,ALPHAUSDT,Buy,2000,0.13165,MinusTick,c4d90926-776e-570a-8ca8-cc77d3502b49,2.6329999999999996e+10,2000,263.29999999999995
1658107324,ALPHAUSDT,Sell,20766,0.13160,MinusTick,8e327bef-fcb5-5558-8b90-ff61a4219914,2.7328055999999997e+11,20766,2732.8055999999997
1658107325,ALPHAUSDT,Sell,6083,0.13145,MinusTick,56bae43c-ce4f-599f-9723-1d2242740007,7.9961035e+10,6083,799.61035
1658107325,ALPHAUSDT,Sell,4784,0.13145,ZeroMinusTick,220da1de-5771-52b6-9f3e-efaa5c3e5cc7,6.288568e+10,4784,628.8568
1658107326,ALPHAUSDT,Sell,4784,0.13110,MinusTick,6c01761a-6841-5d56-a396-3ce07d31a0ee,6.271823999999999e+10,4784,627.1823999999999
1658107328,ALPHAUSDT,Sell,3500,0.13095,MinusTick,6cafdb18-ba43-546c-9dce-8915b121641f,4.583250000000001e+10,3500,458.32500000000005
1658107332,ALPHAUSDT,Buy,3500,0.13090,MinusTick,d22b7a47-40fc-540a-bb81-605fd8417faf,4.5815e+10,3500,458.15
1658107332,ALPHAUSDT,Buy,843,0.13090,ZeroMinusTick,dbe406a7-3d85-56e5-ade6-66e187f0c476,1.103487e+10,843,110.3487
1658107339,ALPHAUSDT,Buy,7782,0.13090,ZeroMinusTick,e4beb3f6-7c31-572c-9dce-4c35b3860797,1.0186638e+11,7782,1018.6637999999999
1658107339,ALPHAUSDT,Buy,3720,0.13090,ZeroMinusTick,826a1e44-a87f-5672-b23a-d57697e390e1,4.86948e+10,3720,486.948
1658107339,ALPHAUSDT,Buy,602,0.13090,ZeroMinusTick,632b4652-5dd5-59ef-8f02-dfc1c6260d2d,7.88018e+09,602,78.8018
1658107377,ALPHAUSDT,Sell,9556,0.13040,MinusTick,c0df7ded-0ae0-53f4-9425-2f941c74be73,1.2461024e+11,9556,1246.1024
1658107382,ALPHAUSDT,Buy,3500,0.13030,MinusTick,bd1b2844-4dc5-57f9-85be-8ce2d4f5d86d,4.5605e+10,3500,456.05
1658107390,ALPHAUSDT,Buy,3500,0.13040,PlusTick,bd2ee6ec-c313-5193-a059-145103a080a5,4.564e+10,3500,456.4
1658107401,ALPHAUSDT,Sell,2320,0.13055,PlusTick,45c18358-894b-507d-897e-83ac1570aa83,3.0287599999999996e+10,2320,302.876
1658107401,ALPHAUSDT,Sell,2320,0.13055,ZeroMinusTick,8a511958-9201-56b4-adb0-a16736f98873,3.0287599999999996e+10,2320,302.876
1658107401,ALPHAUSDT,Sell,2320,0.13050,MinusTick,f8ce1bdb-e6be-5818-8424-bbcdf39e2ee6,3.0276e+10,2320,302.76
1658107401,ALPHAUSDT,Sell,3500,0.13045,MinusTick,788c253c-3b72-5cad-ba43-31ef197e58d6,4.565750000000001e+10,3500,456.57500000000005
1658107401,ALPHAUSDT,Sell,11538,0.13045,ZeroMinusTick,16721fa2-125f-5706-9542-4261e7e6c4f8,1.5051321e+11,11538,1505.1321
1658107401,ALPHAUSDT,Sell,6125,0.13045,ZeroMinusTick,9e1078ce-1522-5236-9288-cb54a4f981bf,7.9900625e+10,6125,799.00625
1658107401,ALPHAUSDT,Sell,9370,0.13040,MinusTick,eeabf1ae-8ca9-51fe-9ea3-1eefcb0030cb,1.221848e+11,9370,1221.848
1658107401,ALPHAUSDT,Sell,2507,0.13035,MinusTick,fc0f3a05-a6a7-5194-95fe-36011079f895,3.2678744999999996e+10,2507,326.78745
1658107454,ALPHAUSDT,Sell,1,0.13055,PlusTick,36fec114-3e46-5f91-b717-70f240652337,1.3055e+07,1,0.13055
1658107492,ALPHAUSDT,Buy,12,0.13080,PlusTick,5536618d-a546-5879-8619-29d2d6acbea6,1.5696e+08,12,1.5695999999999999
1658107516,ALPHAUSDT,Buy,1268,0.13060,MinusTick,1280f93d-e128-5f7b-9b9c-24b46faa498c,1.656008e+10,1268,165.6008
1658107516,ALPHAUSDT,Buy,606,0.13060,ZeroMinusTick,ab628175-4b7b-5189-bcb2-62a0e19192b0,7.914359999999999e+09,606,79.14359999999999
1658107576,ALPHAUSDT,Buy,1964,0.13055,MinusTick,6ee7f02d-8245-5b89-b045-ac955cbae7ca,2.564002e+10,1964,256.4002
1658107576,ALPHAUSDT,Buy,3373,0.13055,ZeroMinusTick,68d0fa71-b822-5cae-b659-fe9107bd92d5,4.4034515e+10,3373,440.34515
1658107576,ALPHAUSDT,Buy,7053,0.13055,ZeroMinusTick,35a4d085-5b2e-5a58-a8e8-8559f5a6c2e0,9.2076915e+10,7053,920.76915
1658107576,ALPHAUSDT,Buy,4784,0.13055,ZeroMinusTick,59b68c8a-721b-52b8-ad7f-653ec3f70955,6.245512e+10,4784,624.5512
1658107576,ALPHAUSDT,Buy,2117,0.13075,PlusTick,9aa7c11d-7086-5e87-a782-d3b5121c675b,2.7679775e+10,2117,276.79775
1658107576,ALPHAUSDT,Buy,5709,0.13075,ZeroMinusTick,5133c33f-2765-5746-b340-dc3da7a4c486,7.4645175e+10,5709,746.4517500000001
1658107576,ALPHAUSDT,Buy,4585,0.13085,PlusTick,eb518fcf-1f07-569d-a3cd-a474d8a9360e,5.999472499999999e+10,4585,599.9472499999999
1658107576,ALPHAUSDT,Buy,9489,0.13080,MinusTick,f5327ca6-c8d9-53db-9324-0d1711352812,1.2411612e+11,9489,1241.1612
1658107576,ALPHAUSDT,Buy,4971,0.13085,PlusTick,095b38e1-5a10-5154-bbb9-66a88bdabb00,6.504553499999999e+10,4971,650.45535
1658107590,ALPHAUSDT,Buy,1567,0.13095,PlusTick,dcd225f9-ebfb-5a53-92b1-4a6a34a60003,2.0519865e+10,1567,205.19865000000001
1658107590,ALPHAUSDT,Buy,3276,0.13095,ZeroMinusTick,2622101b-2592-5034-9e5f-e81f94a117e0,4.289922e+10,3276,428.9922
1658107590,ALPHAUSDT,Buy,4784,0.13095,ZeroMinusTick,4ad5cc78-03cd-5418-8ca3-b24df37d2729,6.264648000000001e+10,4784,626.4648000000001
1658107590,ALPHAUSDT,Buy,495,0.13095,ZeroMinusTick,7df703a0-5502-5aca-9efd-8e49ea5af12d,6.482025e+09,495,64.82025
1658107596,ALPHAUSDT,Buy,2507,0.13110,PlusTick,30c71e30-6779-59fe-a25b-b00cffc17d79,3.2866769999999996e+10,2507,328.66769999999997
1658107606,ALPHAUSDT,Sell,3428,0.13100,MinusTick,603aae1b-c74b-533b-950c-de39e42dc02f,4.490680000000001e+10,3428,449.06800000000004
1658107606,ALPHAUSDT,Sell,2673,0.13100,ZeroMinusTick,cfeee5b4-cdf8-55e8-b54a-e75799fec617,3.50163e+10,2673,350.163
1658107606,ALPHAUSDT,Sell,763,0.13100,ZeroMinusTick,b9651722-db7a-5de6-8e4e-f877eab63503,9.9953e+09,763,99.953
1658107614,ALPHAUSDT,Sell,16,0.13090,MinusTick,aefbf1cd-04c5-53fd-a014-aff7a81719ac,2.0943999999999997e+08,16,2.0944
1658107615,ALPHAUSDT,Buy,603,0.13100,PlusTick,adc52c1e-55db-596a-bfd4-a74157eb0109,7.899300000000001e+09,603,78.99300000000001
1658107659,ALPHAUSDT,Buy,3500,0.13120,PlusTick,3eb9333e-6ebd-5347-9290-4d8545fe8265,4.592000000000001e+10,3500,459.20000000000005
1658107675,ALPHAUSDT,Buy,79,0.13100,MinusTick,7018da49-5200-5d32-b3cb-f2e2904e0ca5,1.0349e+09,79,10.349
1658107679,ALPHAUSDT,Buy,570,0.13100,ZeroMinusTick,299ddee7-511a-54f2-a000-9f9bbd5f1829,7.467e+09,570,74.67
1658107679,ALPHAUSDT,Buy,697,0.13100,ZeroMinusTick,48cb1532-8bbe-5dbe-a560-faed3081cfdf,9.1307e+09,697,91.307
1658107679,ALPHAUSDT,Buy,1267,0.13100,ZeroMinusTick,e7f2e446-e7c8-53e1-bb60-9fcfa4a26b61,1.65977e+10,1267,165.977
1658107679,ALPHAUSDT,Buy,1267,0.13100,ZeroMinusTick,7afc43fe-31f2-5ac4-a078-76adcfd90643,1.65977e+10,1267,165.977
1658107722,ALPHAUSDT,Sell,764,0.13090,MinusTick,5e3fddf6-63f6-5035-a554-bc1f97c91397,1.000076e+10,764,100.0076
1658107737,ALPHAUSDT,Buy,3500,0.13100,PlusTick,1358467e-937f-5180-a95b-91ea1264ecbe,4.585e+10,3500,458.5
1658107737,ALPHAUSDT,Buy,100,0.13100,ZeroMinusTick,b441c697-ec1b-5ec8-8533-3e244aad072d,1.3100000000000002e+09,100,13.100000000000001
1658107737,ALPHAUSDT,Buy,1252,0.13100,ZeroMinusTick,8aae2a95-6428-5587-be62-7196f8239579,1.64012e+10,1252,164.012
1658107745,ALPHAUSDT,Sell,100,0.13105,PlusTick,5b644954-68ee-5265-94ae-1b6a18652d38,1.3105e+09,100,13.105
1658107763,ALPHAUSDT,Sell,762,0.13120,PlusTick,a7389350-2fbf-5340-b77b-6be6a9d48707,9.99744e+09,762,99.9744
1658107774,ALPHAUSDT,Sell,10,0.13130,PlusTick,8b9c7e3f-83d9-5ea0-8498-c92a20eb7ede,1.313e+08,10,1.313
1658107786,ALPHAUSDT,Sell,761,0.13130,ZeroMinusTick,7dd1db1d-0ae1-52bb-9e96-a6d6d3988847,9.99193e+09,761,99.9193
1658107809,ALPHAUSDT,Sell,20,0.13120,MinusTick,71baef0b-e346-5075-9d92-c6dcf2f8d953,2.624e+08,20,2.624
1658107810,ALPHAUSDT,Sell,760,0.13120,ZeroMinusTick,765d0660-4854-57e0-8dca-f926b791d9a3,9.9712e+09,760,99.712
1658107812,ALPHAUSDT,Sell,4784,0.13110,MinusTick,1b334145-5d9a-5212-9359-3fea663a7bce,6.271823999999999e+10,4784,627.1823999999999
1658107824,ALPHAUSDT,Sell,1,0.13105,MinusTick,602cd887-bf19-583d-b562-52ff0be09d72,1.3105e+07,1,0.13105
1658107849,ALPHAUSDT,Sell,761,0.13115,PlusTick,b3e07730-a1ab-5d73-89d8-70e2a12e7d98,9.980515e+09,761,99.80515
1658107864,ALPHAUSDT,Sell,763,0.13090,MinusTick,1a4b30a8-0e18-5ef6-aba0-04c6c2dfb935,9.987669999999998e+09,763,99.87669999999999
1658107882,ALPHAUSDT,Buy,390,0.13085,MinusTick,751002a7-b5db-5412-92d4-63e65a0a884c,5.10315e+09,390,51.0315
1658107904,ALPHAUSDT,Buy,8000,0.13120,PlusTick,bd5c597b-525c-59e9-89b4-f51b60746c39,1.0496000000000002e+11,8000,1049.6000000000001
1658107904,ALPHAUSDT,Buy,1205,0.13120,ZeroMinusTick,e296498c-8483-58d7-94d2-92e40423813b,1.58096e+10,1205,158.096
1658107906,ALPHAUSDT,Sell,3500,0.13115,MinusTick,a33d26ac-8693-53d0-9238-021fd2b2f5eb,4.59025e+10,3500,459.025
1658107912,ALPHAUSDT,Sell,762,0.13100,MinusTick,2fc0beef-0c08-5e18-a93b-c25475c541a3,9.9822e+09,762,99.822
1658107932,ALPHAUSDT,Sell,3500,0.13095,MinusTick,278f97f9-9f49-5ba4-8c14-e7f63810a8d9,4.583250000000001e+10,3500,458.32500000000005
1658107932,ALPHAUSDT,Sell,763,0.13095,ZeroMinusTick,1fcc4aef-b6a2-5756-a533-9c38146cf4be,9.991485e+09,763,99.91485
1658107944,ALPHAUSDT,Sell,100,0.13075,MinusTick,6b5f4922-af8b-5494-9253-78527bb26b35,1.3075e+09,100,13.075000000000001
1658108054,ALPHAUSDT,Buy,19,0.13130,PlusTick,43f0bcb3-6b9a-5cb6-97a5-4e3df8ed157d,2.4947e+08,19,2.4947
1658108063,ALPHAUSDT,Buy,3500,0.13120,MinusTick,d6209f5c-f9a2-52f2-b548-1c2ac6886ab1,4.592000000000001e+10,3500,459.20000000000005
1658108063,ALPHAUSDT,Buy,1291,0.13120,ZeroMinusTick,540abe44-9fe3-5695-8291-7019445555ee,1.6937920000000002e+10,1291,169.37920000000003
1658108064,ALPHAUSDT,Sell,762,0.13120,ZeroMinusTick,33d2dcb2-5d1b-5f1d-8e6a-96a02e3124ec,9.99744e+09,762,99.9744
1658108067,ALPHAUSDT,Buy,3500,0.13110,MinusTick,aa2a2701-e5e9-5656-97bd-209c308fa29e,4.5885e+10,3500,458.84999999999997
1658108103,ALPHAUSDT,Sell,762,0.13090,MinusTick,89128b39-3338-51b9-a819-76fa7f70a577,9.974579999999998e+09,762,99.74579999999999
1658108147,ALPHAUSDT,Buy,3500,0.13070,MinusTick,cb43ca1c-8936-5131-8a56-5d7549921294,4.574500000000001e+10,3500,457.45000000000005
1658108147,ALPHAUSDT,Buy,1521,0.13075,PlusTick,db090dae-f510-56bb-97e1-b2f2adc67612,1.9887075e+10,1521,198.87075000000002
1658108147,ALPHAUSDT,Buy,8000,0.13075,ZeroMinusTick,820f3ccf-6acb-5340-8a69-7349e09398d9,1.046e+11,8000,1046
1658108177,ALPHAUSDT,Sell,39,0.13070,MinusTick,70513f2b-f72c-50ef-a4a5-2292b9cffda8,5.0973000000000006e+08,39,5.097300000000001
1658108224,ALPHAUSDT,Sell,1,0.13045,MinusTick,a28922cc-fed8-5ac9-b9b0-00ad26a93383,1.3045000000000002e+07,1,0.13045
1658108266,ALPHAUSDT,Sell,4784,0.13075,PlusTick,ad92f4e2-932e-536a-aa76-0a1afb9d7676,6.255080000000001e+10,4784,625.508
1658108296,ALPHAUSDT,Sell,9210,0.13055,MinusTick,c074be08-5912-53da-a050-f10a41657f9e,1.2023654999999998e+11,9210,1202.3654999999999
1658108296,ALPHAUSDT,Sell,9556,0.13050,MinusTick,b4b32a2d-65ab-514d-a0ef-3e1ff77b642b,1.247058e+11,9556,1247.058
1658108394,ALPHAUSDT,Buy,1,0.13070,PlusTick,4da663a3-495c-5cb0-a1e8-284285024af1,1.3070000000000002e+07,1,0.1307
1658108498,ALPHAUSDT,Sell,3500,0.13095,PlusTick,5848373f-e83a-55c5-9c0c-b819b182747e,4.583250000000001e+10,3500,458.32500000000005
1658108498,ALPHAUSDT,Sell,764,0.13095,ZeroMinusTick,9af80e22-0a45-53f5-b667-948bee1f7658,1.0004580000000002e+10,764,100.04580000000001
1658108529,ALPHAUSDT,Buy,13,0.13100,PlusTick,60bfeadd-2cc6-5942-94d3-1f43ded8239f,1.703e+08,13,1.703
1658108529,ALPHAUSDT,Buy,13,0.13110,PlusTick,7d324d73-5d6b-5fa0-a59f-a8bd9dd9ee87,1.7043e+08,13,1.7043
1658108535,ALPHAUSDT,Sell,764,0.13105,MinusTick,b34ad1ff-336e-5eba-b2e5-b0a51034e00a,1.001222e+10,764,100.1222
1658108543,ALPHAUSDT,Sell,6104,0.13095,MinusTick,309f8ca7-0548-5b78-a085-94c800429173,7.993188e+10,6104,799.3188
1658108543,ALPHAUSDT,Sell,3500,0.13095,ZeroMinusTick,b8e30552-5bdb-5af5-8944-7858c51e4848,4.583250000000001e+10,3500,458.32500000000005
1658108543,ALPHAUSDT,Sell,13,0.13090,MinusTick,69deaf51-c439-5830-9f9c-66ef3220826d,1.7016999999999997e+08,13,1.7016999999999998
1658108544,ALPHAUSDT,Sell,9543,0.13090,ZeroMinusTick,aca3dd8f-b098-5cdd-8e5a-66b440c72198,1.2491787e+11,9543,1249.1787
1658108561,ALPHAUSDT,Buy,3500,0.13100,PlusTick,aca87893-5dc6-5e6e-80f7-7ec021a84ceb,4.585e+10,3500,458.5
1658108564,ALPHAUSDT,Buy,19,0.13120,PlusTick,1c740a5f-d330-540d-a128-edb22811c303,2.4928000000000003e+08,19,2.4928000000000003
1658108630,ALPHAUSDT,Sell,762,0.13105,MinusTick,c9a25c2e-30f0-566f-9069-79ad38cf9efb,9.98601e+09,762,99.8601
1658108630,ALPHAUSDT,Sell,3500,0.13095,MinusTick,915380c2-7a6e-519d-81a7-cbce6fb9f353,4.583250000000001e+10,3500,458.32500000000005
1658108630,ALPHAUSDT,Sell,9124,0.13090,MinusTick,e2f3afec-30c2-597e-afe6-7cd3240254cb,1.1943316e+11,9124,1194.3316
1658108652,ALPHAUSDT,Sell,3500,0.13075,MinusTick,df84e64a-53aa-5643-9931-021275d772b0,4.57625e+10,3500,457.625
1658108681,ALPHAUSDT,Buy,151,0.13085,PlusTick,d64f5776-ec35-589c-9c31-4be302ddc45f,1.975835e+09,151,19.75835
1658108710,ALPHAUSDT,Sell,14,0.13075,MinusTick,ccd8326b-cf39-5e88-b18c-7cc3366a951e,1.8305e+08,14,1.8305
1658108728,ALPHAUSDT,Sell,764,0.13060,MinusTick,0dc5fe71-9779-5bb5-b941-d76fe4d14a40,9.97784e+09,764,99.77839999999999
1658108728,ALPHAUSDT,Sell,3500,0.13055,MinusTick,61065287-03b0-52a5-ba84-5bb281e1e8d1,4.56925e+10,3500,456.925
1658108746,ALPHAUSDT,Sell,1541,0.13045,MinusTick,f3fdf042-b355-5b46-bbe2-bdb304212b57,2.0102345000000004e+10,1541,201.02345000000003
1658108764,ALPHAUSDT,Sell,1,0.13035,MinusTick,18825490-971c-5fc4-bc3d-d7bb3c0bb753,1.3035e+07,1,0.13035
1658108825,ALPHAUSDT,Sell,3500,0.13025,MinusTick,a6ffa2d8-f4bd-57af-aadc-1c83e7515f39,4.55875e+10,3500,455.875
1658108825,ALPHAUSDT,Sell,2000,0.13015,MinusTick,5bab3248-7e0c-593d-bdd6-17e21e9f6d9d,2.6029999999999996e+10,2000,260.29999999999995
1658108825,ALPHAUSDT,Sell,6983,0.13015,ZeroMinusTick,79caa94d-3d96-5781-a97e-2c99fe60b804,9.088374499999998e+10,6983,908.8374499999999
1658108825,ALPHAUSDT,Sell,767,0.13015,ZeroMinusTick,770f7304-21fd-5ddd-a183-5fc7cff153d3,9.982504999999998e+09,767,99.82504999999999
1658108825,ALPHAUSDT,Sell,3074,0.13015,ZeroMinusTick,5eb9becd-b705-50f3-82fd-426d87b16906,4.000810999999999e+10,3074,400.08109999999994
1658108825,ALPHAUSDT,Sell,426,0.13015,ZeroMinusTick,4c0afddf-993e-5941-88c3-be5e8fa6da85,5.544389999999999e+09,426,55.44389999999999
1658108825,ALPHAUSDT,Sell,6907,0.13010,MinusTick,babf3cb6-70dd-5775-b41b-08311d1c5bbd,8.986007e+10,6907,898.6007
1658108825,ALPHAUSDT,Sell,2076,0.13010,ZeroMinusTick,969fbcb5-c44f-56f8-af9d-19215db542f4,2.700876e+10,2076,270.0876
1658108894,ALPHAUSDT,Buy,1,0.13040,PlusTick,0d21eee4-c191-508d-be6a-60c48a59eadc,1.3039999999999998e+07,1,0.1304
1658109084,ALPHAUSDT,Buy,1,0.13030,MinusTick,e1843365-6890-5c1e-b34a-29e23799cc12,1.303e+07,1,0.1303
1658109214,ALPHAUSDT,Sell,6,0.12990,MinusTick,4a309013-5852-5d6d-b025-ee08ec29354e,7.793999999999999e+07,6,0.7793999999999999
1658109214,ALPHAUSDT,Sell,8127,0.12985,MinusTick,10194700-8f69-58a4-a849-45b9f75f88ed,1.0552909499999998e+11,8127,1055.2909499999998
1658109217,ALPHAUSDT,Sell,769,0.12985,ZeroMinusTick,19daec85-fef4-58bb-a196-0227b6268c9a,9.985465e+09,769,99.85464999999999
1658109253,ALPHAUSDT,Sell,3500,0.12985,ZeroMinusTick,76c9d6c3-3eac-54f2-aa45-a92b1273eea8,4.54475e+10,3500,454.47499999999997
1658109284,ALPHAUSDT,Buy,1,0.12980,MinusTick,a8fabe3e-b11e-568d-ad59-10dbebeb1ec5,1.298e+07,1,0.1298
1658109324,ALPHAUSDT,Sell,1,0.12975,MinusTick,1b16ce18-e102-52c1-8381-4a861cf330c6,1.2975e+07,1,0.12975
1658109337,ALPHAUSDT,Sell,3499,0.12975,ZeroMinusTick,b73c6713-e56e-5221-9565-611811957a43,4.5399525e+10,3499,453.99525
1658109337,ALPHAUSDT,Sell,769,0.12975,ZeroMinusTick,6183c83a-4499-538a-aa96-833c3909f698,9.977775e+09,769,99.77775
1658109337,ALPHAUSDT,Sell,4626,0.12970,MinusTick,5d634a95-5fc4-56b2-8cc8-82151d55d354,5.999922e+10,4626,599.9922
1658109337,ALPHAUSDT,Sell,11599,0.12965,MinusTick,c5836cef-a4ad-503a-aca9-5ed94721c463,1.5038103499999997e+11,11599,1503.8103499999997
1658109337,ALPHAUSDT,Sell,2887,0.12965,ZeroMinusTick,237d3818-8095-5705-a1b6-6162ffa324b3,3.742995499999999e+10,2887,374.29954999999995
1658109337,ALPHAUSDT,Sell,3935,0.12965,ZeroMinusTick,446bddcb-e815-5fe6-960a-7b574ae010d8,5.101727499999999e+10,3935,510.17274999999995
1658109337,ALPHAUSDT,Sell,5370,0.12935,MinusTick,6e1f6070-8a7d-54a9-9e00-ed0c800244e2,6.946094999999998e+10,5370,694.6094999999999
1658109337,ALPHAUSDT,Sell,4219,0.12925,MinusTick,ee9187b5-5f67-5dc2-a21f-1d853d9a46ba,5.4530575e+10,4219,545.30575
1658109337,ALPHAUSDT,Sell,5801,0.12930,PlusTick,1753f0e9-161a-5dba-9cfe-219bcb08b104,7.500693e+10,5801,750.0693
1658109337,ALPHAUSDT,Sell,1956,0.12925,MinusTick,b509b2ee-f636-5dc8-8baa-94f236da3e84,2.52813e+10,1956,252.81300000000002
1658109337,ALPHAUSDT,Sell,4593,0.12925,ZeroMinusTick,94b87a60-05cf-50ac-9bc6-4a9c96758677,5.9364525e+10,4593,593.64525
1658109337,ALPHAUSDT,Sell,1582,0.12925,ZeroMinusTick,d846dc49-6f4a-564b-a850-0faaafa91388,2.044735e+10,1582,204.4735
1658109337,ALPHAUSDT,Sell,3868,0.12925,ZeroMinusTick,56e458fc-ae74-5599-b92f-012b40551017,4.99939e+10,3868,499.939
1658109337,ALPHAUSDT,Sell,579,0.12900,MinusTick,487f4f6b-afa6-53e4-b8ce-9f9c30daf807,7.4691e+09,579,74.691
1658109337,ALPHAUSDT,Sell,2512,0.12900,ZeroMinusTick,7553ed09-c464-5c82-bf43-a5dd78363e4b,3.24048e+10,2512,324.048
1658109337,ALPHAUSDT,Sell,1757,0.12895,MinusTick,fc6c76b0-0103-5266-a2c7-7d1add1729fb,2.2656515e+10,1757,226.56515000000002
1658109337,ALPHAUSDT,Sell,1047,0.12890,MinusTick,58f88d47-43a7-5f84-b6b8-296019bef584,1.3495829999999998e+10,1047,134.95829999999998
1658109337,ALPHAUSDT,Sell,4740,0.12890,ZeroMinusTick,97ca5fa9-61f0-568f-b38b-69d1fb4b9c3a,6.10986e+10,4740,610.986
1658109337,ALPHAUSDT,Sell,1360,0.12910,PlusTick,838eb883-fd93-5981-bff0-7b2bcec24ac6,1.75576e+10,1360,175.576
1658109337,ALPHAUSDT,Sell,2140,0.12905,MinusTick,0421974c-56b4-5e37-b66d-6fa81ca6b748,2.7616699999999996e+10,2140,276.167
1658109337,ALPHAUSDT,Sell,1360,0.12905,ZeroMinusTick,78b984d5-66b9-576e-81cd-55cb766dd5a4,1.75508e+10,1360,175.508
1658109337,ALPHAUSDT,Buy,5787,0.12905,ZeroMinusTick,ae2cd6b2-aed9-502c-8c5e-ed138d488418,7.4681235e+10,5787,746.81235
1658109337,ALPHAUSDT,Sell,3500,0.12905,ZeroMinusTick,a6a73a5f-9445-5de8-9993-8469882c8ad0,4.51675e+10,3500,451.675
1658109337,ALPHAUSDT,Sell,3500,0.12905,ZeroMinusTick,fa70a30c-fa4c-58fc-ad6a-48bdf46642e8,4.51675e+10,3500,451.675
1658109340,ALPHAUSDT,Buy,6199,0.12930,PlusTick,427b5a28-840e-5fbc-8b77-7a3905943cd6,8.015307e+10,6199,801.5307
1658109340,ALPHAUSDT,Buy,6199,0.12930,ZeroMinusTick,e0d7a65b-39de-573c-a4da-e36dec635a55,8.015307e+10,6199,801.5307
1658109340,ALPHAUSDT,Buy,1263,0.12930,ZeroMinusTick,1c4695e3-9538-504b-b1f0-c5558fe056cd,1.633059e+10,1263,163.3059
1658109340,ALPHAUSDT,Buy,2237,0.12930,ZeroMinusTick,ebe39372-c5a7-521e-9e7d-2f5c21c95a82,2.892441e+10,2237,289.2441
1658109354,ALPHAUSDT,Buy,1,0.12940,PlusTick,6f11f16b-612c-5b8e-8fab-0cb17c911a48,1.2939999999999998e+07,1,0.1294
1658109379,ALPHAUSDT,Sell,773,0.12965,PlusTick,2b847fcf-f7d3-5cbf-86df-cccd96a64833,1.0021945e+10,773,100.21945
1658109392,ALPHAUSDT,Buy,9247,0.12945,MinusTick,7b1ea8c1-2358-50b1-bb53-01b97001d14f,1.1970241500000002e+11,9247,1197.0241500000002
1658109431,ALPHAUSDT,Sell,772,0.12955,PlusTick,234b6a9c-34e7-56bd-945c-c159b72c27d7,1.000126e+10,772,100.01259999999999
1658109447,ALPHAUSDT,Sell,3500,0.12945,MinusTick,cca33f3f-ab97-5fe3-809c-63ad7d5643cc,4.530750000000001e+10,3500,453.07500000000005
1658109447,ALPHAUSDT,Sell,772,0.12945,ZeroMinusTick,4171d663-3a51-51f1-aec0-947504203d1d,9.99354e+09,772,99.9354
1658109447,ALPHAUSDT,Sell,6177,0.12940,MinusTick,afdf3639-3670-5900-8358-4441be39eadd,7.993037999999998e+10,6177,799.3037999999999
1658109447,ALPHAUSDT,Sell,8857,0.12940,ZeroMinusTick,4b3c356a-a1ea-5a65-bb71-a0e779067add,1.1460957999999998e+11,8857,1146.0957999999998
1658109447,ALPHAUSDT,Sell,412,0.12940,ZeroMinusTick,d4df5370-0de0-5359-8f70-0e01031a3309,5.33128e+09,412,53.312799999999996
1658109447,ALPHAUSDT,Sell,4637,0.12940,ZeroMinusTick,c5c26b6a-3649-536b-80a1-62214ee1eb00,6.000277999999999e+10,4637,600.0278
1658109488,ALPHAUSDT,Sell,4637,0.12940,ZeroMinusTick,8ede64f6-7c00-5438-9ebc-ed0e92d8c641,6.000277999999999e+10,4637,600.0278
1658109488,ALPHAUSDT,Sell,773,0.12940,ZeroMinusTick,e4cdae3f-aa27-5e36-9bfe-db42e08f6880,1.0002619999999998e+10,773,100.02619999999999
1658109501,ALPHAUSDT,Buy,3500,0.12930,MinusTick,98c83944-fd15-50b5-bc7a-83b63b90fdd1,4.5255e+10,3500,452.55
1658109501,ALPHAUSDT,Buy,4784,0.12935,PlusTick,bc6aec3a-9eb7-5b1b-8cab-b7b0000a0274,6.188103999999999e+10,4784,618.8104
1658109501,ALPHAUSDT,Buy,4134,0.12935,ZeroMinusTick,318f339a-ee78-5879-912a-cf9e9c4d23c3,5.347329e+10,4134,534.7329
1658109504,ALPHAUSDT,Sell,15,0.12930,MinusTick,483e91b1-2cb8-5933-9848-0e61b170d2a3,1.9395e+08,15,1.9395
1658109609,ALPHAUSDT,Buy,21,0.12945,PlusTick,cb40c044-13b8-517f-b457-7f1160570630,2.71845e+08,21,2.7184500000000003
1658109609,ALPHAUSDT,Buy,9556,0.12950,PlusTick,b3d54eb1-671a-5c36-a6e6-f1723dccdb79,1.237502e+11,9556,1237.502
1658109620,ALPHAUSDT,Sell,772,0.12960,PlusTick,68971614-a5ca-5112-8b54-b9c0e3597aa5,1.000512e+10,772,100.0512
1658109620,ALPHAUSDT,Sell,2862,0.12955,MinusTick,612af1fe-d96d-5595-ad38-11ae35893021,3.707721e+10,2862,370.7721
1658109620,ALPHAUSDT,Sell,3500,0.12955,ZeroMinusTick,5ea95db2-675f-5359-b04a-ea58a39a4c8e,4.53425e+10,3500,453.425
1658109658,ALPHAUSDT,Buy,2862,0.12975,PlusTick,facc7f92-9455-5c13-9596-86f0ced1635d,3.713445000000001e+10,2862,371.34450000000004
1658109680,ALPHAUSDT,Sell,1364,0.12990,PlusTick,b0038699-3bf5-594d-9d8a-4d8e14e6f7ca,1.771836e+10,1364,177.18359999999998
1658109684,ALPHAUSDT,Sell,15,0.12980,MinusTick,f774a574-c905-5561-9628-e866b78c2f23,1.947e+08,15,1.947
1658109774,ALPHAUSDT,Sell,1,0.13000,PlusTick,cd7c6474-14da-54c3-8145-1165b45fa38e,1.3e+07,1,0.13
1658109850,ALPHAUSDT,Sell,12,0.12995,MinusTick,2e9111d1-2f90-5be7-8c31-809d7b7f01aa,1.5594e+08,12,1.5594000000000001
1658109873,ALPHAUSDT,Sell,3500,0.12995,ZeroMinusTick,275da532-642b-5765-9d34-a249b494cf8c,4.548250000000001e+10,3500,454.82500000000005
1658109873,ALPHAUSDT,Sell,5773,0.12995,ZeroMinusTick,b2d3376d-bd22-580e-a964-e9126eac75c7,7.5020135e+10,5773,750.20135
1658109873,ALPHAUSDT,Sell,2553,0.12990,MinusTick,86cf2def-d528-530a-847e-8c470bce5936,3.3163469999999996e+10,2553,331.63469999999995
1658109873,ALPHAUSDT,Sell,3500,0.12985,MinusTick,274e955e-d18e-5715-a76e-ad74b2d33dd1,4.54475e+10,3500,454.47499999999997
1658109873,ALPHAUSDT,Sell,1122,0.12985,ZeroMinusTick,f51af543-0cfc-5a99-b702-661162925d22,1.456917e+10,1122,145.6917
1658109894,ALPHAUSDT,Buy,1,0.12980,MinusTick,df12e04b-357d-5712-a888-e444b7b2b0dc,1.298e+07,1,0.1298
1658109965,ALPHAUSDT,Buy,3500,0.12970,MinusTick,cf630b7f-7516-51b8-b950-7e8f559f22ef,4.539500000000001e+10,3500,453.95000000000005
1658109974,ALPHAUSDT,Sell,5,0.12970,ZeroMinusTick,2897ad02-c982-59fc-9962-3242d400a60f,6.485000000000001e+07,5,0.6485000000000001
1658109974,ALPHAUSDT,Buy,1756,0.12980,PlusTick,53c713fd-7be6-5b98-8f9e-dae984741304,2.279288e+10,1756,227.9288
1658110084,ALPHAUSDT,Sell,1,0.12985,PlusTick,5d43d781-9ef3-57a2-9296-3d9edcc9df40,1.2985e+07,1,0.12985
1658110179,ALPHAUSDT,Buy,3500,0.13010,PlusTick,84ac4120-5226-5c31-8bf6-2a0cd7912e6e,4.5535e+10,3500,455.34999999999997
1658110194,ALPHAUSDT,Buy,12,0.13025,PlusTick,d0f1fe75-a8d2-5148-bc6f-e3092bdab103,1.5630000000000003e+08,12,1.5630000000000002
1658110232,ALPHAUSDT,Buy,83,0.13010,MinusTick,0321a02a-bfa2-582f-a6bf-e55aa6a8c9d4,1.07983e+09,83,10.7983
1658110244,ALPHAUSDT,Buy,1,0.13010,ZeroMinusTick,42dd6784-16ff-5234-8c63-506e53dc2593,1.301e+07,1,0.1301
1658110310,ALPHAUSDT,Sell,3500,0.13015,PlusTick,99d687e7-2209-52d0-87b2-8d75e27c8a6d,4.55525e+10,3500,455.525
1658110334,ALPHAUSDT,Buy,8823,0.13020,PlusTick,120741cc-cde3-5cf0-9751-4f617b38e41f,1.1487546e+11,8823,1148.7546
1658110361,ALPHAUSDT,Sell,2470,0.13000,MinusTick,29e4bd48-2088-5406-8c24-210153cdbea9,3.2110000000000004e+10,2470,321.1
1658110404,ALPHAUSDT,Sell,20,0.13005,PlusTick,90467a4b-c173-52c8-a550-afd883157757,2.601e+08,20,2.601
1658110432,ALPHAUSDT,Buy,4784,0.13010,PlusTick,4f92be55-76f1-5d22-a167-8a71626a4562,6.223983999999999e+10,4784,622.3983999999999
1658110445,ALPHAUSDT,Buy,12,0.13020,PlusTick,955dd0a7-3b44-56ea-810c-5c6de24cf490,1.5624000000000003e+08,12,1.5624000000000002
1658110504,ALPHAUSDT,Buy,1,0.13030,PlusTick,79719b0d-82ca-5555-935f-93574aed9b19,1.303e+07,1,0.1303
1658110543,ALPHAUSDT,Buy,748,0.13030,ZeroMinusTick,35eab9e8-7336-5da8-9761-6bffceea868f,9.74644e+09,748,97.4644
1658110563,ALPHAUSDT,Sell,21,0.13020,MinusTick,4de20697-a943-5d81-a050-8aab2d683316,2.7342000000000006e+08,21,2.7342000000000004
1658110574,ALPHAUSDT,Buy,100,0.13030,PlusTick,201a97a3-ceff-5199-9e9a-68b8ce9257e3,1.303e+09,100,13.03
1658110754,ALPHAUSDT,Buy,1,0.13030,ZeroMinusTick,778f59a3-a16a-5157-a197-a4c872b46a62,1.303e+07,1,0.1303
1658110897,ALPHAUSDT,Buy,2000,0.13050,PlusTick,a2487cca-dc2e-54f1-a50d-681d83dc7029,2.61e+10,2000,261
1658110954,ALPHAUSDT,Sell,18,0.13035,MinusTick,de93f3db-c2cf-5c3a-a420-2bcfe2029f8c,2.3462999999999997e+08,18,2.3463
1658110996,ALPHAUSDT,Sell,3967,0.13035,ZeroMinusTick,d7fc4077-7aaa-56db-a789-23c715796ec0,5.170984499999999e+10,3967,517.09845
1658111234,ALPHAUSDT,Sell,4,0.13045,PlusTick,9802738b-7179-5c39-ac4f-19d6799cd86c,5.218000000000001e+07,4,0.5218
1658111304,ALPHAUSDT,Buy,1,0.13070,PlusTick,e155506a-9b98-505f-a44a-e13f3543c01b,1.3070000000000002e+07,1,0.1307
1658111442,ALPHAUSDT,Sell,3500,0.13045,MinusTick,3791dcaa-ad1e-5b2f-958f-8edd970e02bf,4.565750000000001e+10,3500,456.57500000000005
1658111442,ALPHAUSDT,Sell,37,0.13045,ZeroMinusTick,603c0fc0-a12b-5b7c-b413-09c1cb7fad28,4.8266500000000006e+08,37,4.826650000000001
1658111494,ALPHAUSDT,Buy,2,0.13050,PlusTick,50acc450-902d-568d-b81e-3999a7ee6254,2.61e+07,2,0.261
1658111503,ALPHAUSDT,Buy,3500,0.13040,MinusTick,35b48bd9-e888-594b-8bf9-4b03504c41c8,4.564e+10,3500,456.4
1658111544,ALPHAUSDT,Buy,1,0.13050,PlusTick,e75ec2b1-eec1-573e-a61b-183c79db7383,1.305e+07,1,0.1305
1658111578,ALPHAUSDT,Sell,1035,0.13035,MinusTick,a53981c2-0014-52a3-b008-2a3219244795,1.3491225e+10,1035,134.91225
1658111637,ALPHAUSDT,Buy,6150,0.13020,MinusTick,b8a514fa-3a6a-5c44-bdb8-a73640fcb59d,8.0073e+10,6150,800.73
1658111637,ALPHAUSDT,Buy,5149,0.13020,ZeroMinusTick,95ce4ebc-2419-53ba-ac7d-26a1d1b3931b,6.703998e+10,5149,670.3998
1658111637,ALPHAUSDT,Buy,3218,0.13020,ZeroMinusTick,a203bc08-b691-5afd-8e8a-5301fbfc52e9,4.189836e+10,3218,418.9836
1658111644,ALPHAUSDT,Sell,19,0.13015,MinusTick,afdba5a2-612a-5dfc-899b-120dc8011902,2.4728499999999997e+08,19,2.4728499999999998
1658111681,ALPHAUSDT,Buy,434,0.13030,PlusTick,daa4d7b0-348e-5c4b-9aef-78e2c6cd7eb6,5.65502e+09,434,56.5502
1658111781,ALPHAUSDT,Buy,3500,0.13030,ZeroMinusTick,60541e2e-bc92-57af-85ef-a4415553610f,4.5605e+10,3500,456.05
1658111781,ALPHAUSDT,Buy,8833,0.13035,PlusTick,edfeb79e-dc34-5e42-b05e-26659ef3a008,1.1513815499999998e+11,8833,1151.3815499999998
1658111781,ALPHAUSDT,Buy,10279,0.13035,ZeroMinusTick,a22a79fa-e5d9-54f8-bd6f-dddc930b21c8,1.3398676499999998e+11,10279,1339.86765
1658111794,ALPHAUSDT,Buy,100,0.13060,PlusTick,e53feab9-08dc-58d6-aa12-1ee3a0ff7772,1.3059999999999998e+09,100,13.059999999999999
1658111944,ALPHAUSDT,Sell,19,0.13025,MinusTick,52c86fde-595d-547d-998a-5e3fea22c757,2.4747500000000003e+08,19,2.4747500000000002
1658112094,ALPHAUSDT,Buy,13,0.13070,PlusTick,b55b8720-9d62-5000-a031-19758f5ef26e,1.6991e+08,13,1.6991
1658112173,ALPHAUSDT,Buy,7418,0.13070,ZeroMinusTick,9c0466f8-3f0a-5e74-9ca3-880e13b47db3,9.695326000000002e+10,7418,969.5326000000001
1658112173,ALPHAUSDT,Buy,3864,0.13070,ZeroMinusTick,d778e9cc-318f-5366-8224-3a1bab6779b4,5.050248e+10,3864,505.0248
1658112173,ALPHAUSDT,Buy,500,0.13070,ZeroMinusTick,9389ae4f-77c7-5808-8dc3-af78a0c7a0fd,6.535000000000001e+09,500,65.35000000000001
1658112173,ALPHAUSDT,Buy,3500,0.13070,ZeroMinusTick,a40c3abc-d53a-5f08-9586-67c27d31a6f6,4.574500000000001e+10,3500,457.45000000000005
1658112174,ALPHAUSDT,Buy,3500,0.13080,PlusTick,2f1ed41c-1115-53f2-8667-c4799ca7b313,4.578e+10,3500,457.8
1658112184,ALPHAUSDT,Buy,3500,0.13090,PlusTick,90c3f6ab-8cee-58aa-9eb4-a8a2e040b9f2,4.5815e+10,3500,458.15
1658112200,ALPHAUSDT,Buy,3500,0.13130,PlusTick,8f093578-7911-5ebc-b6f5-8e9efe4cd1db,4.5955e+10,3500,459.55
1658112205,ALPHAUSDT,Buy,3500,0.13160,PlusTick,8bec5c31-7032-54fe-9d24-b690c838e2f8,4.606e+10,3500,460.59999999999997
1658112205,ALPHAUSDT,Sell,12,0.13150,MinusTick,2b988e73-deae-5a33-bc5e-903600f3ac96,1.578e+08,12,1.578
1658112205,ALPHAUSDT,Buy,3500,0.13160,PlusTick,4741e579-70c2-5b48-a48f-af2083752e0f,4.606e+10,3500,460.59999999999997
1658112205,ALPHAUSDT,Buy,9556,0.13165,PlusTick,2bcd43ab-fec2-5abf-9097-54a30d5c3280,1.2580474e+11,9556,1258.0474
1658112224,ALPHAUSDT,Buy,3500,0.13150,MinusTick,2a1bddfe-b047-5a0d-a6b8-073e3457f3fc,4.6025e+10,3500,460.25
1658112248,ALPHAUSDT,Buy,3500,0.13150,ZeroMinusTick,388e9b93-8ff7-5c90-b60b-6cff3d44fa95,4.6025e+10,3500,460.25
1658112259,ALPHAUSDT,Buy,3500,0.13160,PlusTick,f749b2f8-ed5f-5ad6-9705-5d21a6672b20,4.606e+10,3500,460.59999999999997
1658112279,ALPHAUSDT,Sell,1303,0.13120,MinusTick,ecc480b1-f1fe-5f7c-829b-2e29a8d919f3,1.7095360000000002e+10,1303,170.95360000000002
1658112294,ALPHAUSDT,Sell,12,0.13135,PlusTick,55e4bbf6-367a-5e7f-a36d-c5aff74d5103,1.5762e+08,12,1.5762
1658112328,ALPHAUSDT,Sell,52,0.13120,MinusTick,9b375f17-a901-583a-9760-54f19987b198,6.822400000000001e+08,52,6.822400000000001
1658112371,ALPHAUSDT,Buy,3500,0.13130,PlusTick,1fb1d0f8-fa50-5acd-9d3d-04bbe643e466,4.5955e+10,3500,459.55
1658112395,ALPHAUSDT,Buy,3500,0.13130,ZeroMinusTick,78b39f2f-9e9e-56da-a41b-6c42c5b8ab5e,4.5955e+10,3500,459.55
1658112494,ALPHAUSDT,Sell,4000,0.13110,MinusTick,780b27ae-d3a3-511e-b489-9ceffd4045f0,5.244e+10,4000,524.4
1658112494,ALPHAUSDT,Sell,8061,0.13110,ZeroMinusTick,413f5a8a-49b9-51e5-bef6-d2686a08e975,1.0567971e+11,8061,1056.7971
1658112494,ALPHAUSDT,Sell,4784,0.13110,ZeroMinusTick,7f82130b-89cf-551d-b1ba-e576638d4dc7,6.271823999999999e+10,4784,627.1823999999999
1658112494,ALPHAUSDT,Sell,4784,0.13110,ZeroMinusTick,45cc8e18-c873-5897-8b9c-92de3ade160d,6.271823999999999e+10,4784,627.1823999999999
1658112494,ALPHAUSDT,Sell,5,0.13095,MinusTick,d8302d8f-1b19-5d43-a656-ec0754ebf752,6.547500000000001e+07,5,0.65475
1658112496,ALPHAUSDT,Buy,3500,0.13100,PlusTick,33b4cdf9-6b76-5dd9-a3bf-1d6c559b42e9,4.585e+10,3500,458.5
1658112526,ALPHAUSDT,Buy,3500,0.13110,PlusTick,0b1c14ef-7ff2-501a-8b97-5cb2fcf918fc,4.5885e+10,3500,458.84999999999997
1658112549,ALPHAUSDT,Buy,3500,0.13120,PlusTick,7ada2c7e-6015-5616-b27c-9a10b2bfedfe,4.592000000000001e+10,3500,459.20000000000005
1658112565,ALPHAUSDT,Sell,761,0.13115,MinusTick,2e3afd7b-695c-5626-89cd-85ae5ba41e9a,9.980515e+09,761,99.80515
1658112611,ALPHAUSDT,Sell,761,0.13125,PlusTick,d86ed853-6d07-572f-950b-75e8657997c6,9.988125e+09,761,99.88125000000001
1658112614,ALPHAUSDT,Sell,8,0.13115,MinusTick,ff665eb3-5863-5b71-976d-d56d22f74158,1.0491999999999999e+08,8,1.0492
1658112634,ALPHAUSDT,Buy,1,0.13130,PlusTick,7771f1c0-ed39-5fd2-ad46-691eb4312d64,1.313e+07,1,0.1313
1658112671,ALPHAUSDT,Sell,762,0.13125,MinusTick,755217f4-8940-502f-88ed-a0a8f5bf3e31,1.000125e+10,762,100.0125
1658112677,ALPHAUSDT,Buy,3500,0.13130,PlusTick,bf86e163-b5ed-595c-be4c-678676301e12,4.5955e+10,3500,459.55
1658112755,ALPHAUSDT,Buy,3500,0.13120,MinusTick,91a0c89a-de29-5b6c-93bd-2096a51bb6dd,4.592000000000001e+10,3500,459.20000000000005
1658112762,ALPHAUSDT,Sell,762,0.13135,PlusTick,4b80eab3-3a66-51c6-9e28-5ce605b4be1d,1.000887e+10,762,100.0887
1658112765,ALPHAUSDT,Buy,3500,0.13140,PlusTick,9afa2836-eba7-5db6-ae50-b4ff4b30ed59,4.599e+10,3500,459.9
1658112768,ALPHAUSDT,Sell,761,0.13135,MinusTick,0064325c-8a56-5cbc-821f-bdc425837f8f,9.995735e+09,761,99.95734999999999
1658112787,ALPHAUSDT,Sell,761,0.13125,MinusTick,c82ff49b-fd7c-535c-912d-2d2fe28b6ca7,9.988125e+09,761,99.88125000000001
1658112787,ALPHAUSDT,Buy,3500,0.13120,MinusTick,fdb97cec-6441-53f0-b98b-9fad7d97409c,4.592000000000001e+10,3500,459.20000000000005
1658112787,ALPHAUSDT,Buy,1284,0.13120,ZeroMinusTick,1aa21b32-e540-5545-ab99-4f8104a5ea06,1.684608e+10,1284,168.4608
1658112834,ALPHAUSDT,Sell,1,0.13085,MinusTick,5c568661-1693-5713-b2b7-6d3afb17b395,1.3085e+07,1,0.13085
1658112835,ALPHAUSDT,Buy,12,0.13095,PlusTick,fdbbe7af-8fbb-5a93-80c5-680275a57b64,1.5714e+08,12,1.5714000000000001
1658112954,ALPHAUSDT,Sell,763,0.13070,MinusTick,da396f6e-26a7-5695-8957-89c930a08da6,9.97241e+09,763,99.7241
1658112954,ALPHAUSDT,Sell,3500,0.13070,ZeroMinusTick,5eba4626-d594-542d-8541-84baceab910a,4.574500000000001e+10,3500,457.45000000000005
1658112967,ALPHAUSDT,Sell,765,0.13055,MinusTick,cdabdc11-ba05-589a-b24b-227bda8f1612,9.987075e+09,765,99.87075
1658112967,ALPHAUSDT,Sell,8148,0.13055,ZeroMinusTick,3997f752-fe8e-5af8-87ba-2673a53143f7,1.0637213999999998e+11,8148,1063.7214
1658112973,ALPHAUSDT,Buy,3500,0.13050,MinusTick,6b76f12c-3e99-5970-a27a-af7fa6bd33de,4.5675e+10,3500,456.75
1658112974,ALPHAUSDT,Buy,1,0.13070,PlusTick,91c72e12-5373-5312-852d-d723d8863c88,1.3070000000000002e+07,1,0.1307
1658113094,ALPHAUSDT,Buy,6,0.13075,PlusTick,1f5dbcfa-afd7-52fb-84b1-7c07e7727d14,7.845e+07,6,0.7845
1658113199,ALPHAUSDT,Sell,2289,0.13055,MinusTick,8578e32a-afa1-5598-9502-b0fb7dd50ef1,2.9882895000000004e+10,2289,298.82895
1658113204,ALPHAUSDT,Buy,282,0.13060,PlusTick,0af2686e-dd15-526a-abb8-72c1c65ffab1,3.68292e+09,282,36.8292
1658113207,ALPHAUSDT,Sell,765,0.13055,MinusTick,80fe0dde-9319-5c8d-a3a3-ac24576da213,9.987075e+09,765,99.87075
1658113210,ALPHAUSDT,Sell,17,0.13045,MinusTick,1530dab5-66ba-5a3f-9110-d35716448861,2.2176500000000003e+08,17,2.2176500000000003
1658113254,ALPHAUSDT,Sell,1,0.13095,PlusTick,83cd4a63-6c9b-558e-b46b-6e80db5bbc8c,1.3095000000000002e+07,1,0.13095
1658113258,ALPHAUSDT,Sell,560,0.13095,ZeroMinusTick,718f86dc-5d6e-5568-8b52-d335c27deb79,7.333200000000001e+09,560,73.33200000000001
1658113258,ALPHAUSDT,Sell,2285,0.13095,ZeroMinusTick,05335a37-73f8-5a4f-923c-94c5125ff068,2.9922075e+10,2285,299.22075
1658113274,ALPHAUSDT,Sell,1,0.13085,MinusTick,125634e3-249a-5067-97e9-c95c89423361,1.3085e+07,1,0.13085
1658113284,ALPHAUSDT,Sell,1508,0.13080,MinusTick,f91f21e3-3f5d-520e-ae72-cd1f0d4aa4ee,1.972464e+10,1508,197.2464
1658113314,ALPHAUSDT,Sell,958,0.13090,PlusTick,8364ba1b-1030-5ab7-878c-9f8562996c7a,1.254022e+10,958,125.4022
1658113314,ALPHAUSDT,Sell,6113,0.13080,MinusTick,47e6119d-55a0-5d0a-8e19-11d3afe104c3,7.995804e+10,6113,799.5804
1658113326,ALPHAUSDT,Sell,1440,0.13075,MinusTick,507289f2-a2d3-5627-8e63-54669aadb1db,1.8828e+10,1440,188.28
1658113360,ALPHAUSDT,Buy,5743,0.13065,MinusTick,735996e0-4de2-58b2-b4e9-9f5ee9b1dfc9,7.503229499999998e+10,5743,750.3229499999999
1658113387,ALPHAUSDT,Sell,382,0.13055,MinusTick,e98bc78e-d7e3-5c4d-b511-7e12acc7a115,4.98701e+09,382,49.8701
1658113404,ALPHAUSDT,Sell,1,0.13045,MinusTick,773bb57e-068e-58c4-828b-27591f62d59a,1.3045000000000002e+07,1,0.13045
1658113411,ALPHAUSDT,Buy,3500,0.13050,PlusTick,c578738f-806f-5c2c-87c3-2d1a6c4e7b57,4.5675e+10,3500,456.75
1658113434,ALPHAUSDT,Sell,3000,0.13045,MinusTick,aeae8d3e-e01c-5f18-b649-9bd4128f5c93,3.9135e+10,3000,391.35
1658113482,ALPHAUSDT,Buy,1320,0.13065,PlusTick,19807659-35b3-595e-bcd1-7133d23f94d0,1.72458e+10,1320,172.458
1658113489,ALPHAUSDT,Buy,1318,0.13070,PlusTick,0cd95223-c623-5591-b2d4-89b425b6eed3,1.7226260000000004e+10,1318,172.26260000000002
1658113489,ALPHAUSDT,Buy,1318,0.13070,ZeroMinusTick,aa8b2651-0999-5cc0-9501-61d980534c8e,1.7226260000000004e+10,1318,172.26260000000002
1658113489,ALPHAUSDT,Buy,1318,0.13070,ZeroMinusTick,75cb7721-4ee0-5d56-9a94-57c948c7c0aa,1.7226260000000004e+10,1318,172.26260000000002
1658113504,ALPHAUSDT,Sell,465,0.13080,PlusTick,504b4ead-b008-55bc-bcaa-a371f89195d7,6.0822e+09,465,60.822
1658113504,ALPHAUSDT,Buy,1,0.13085,PlusTick,d2bf883c-a563-558b-a802-f40e299497c2,1.3085e+07,1,0.13085
1658113506,ALPHAUSDT,Sell,2465,0.13075,MinusTick,9cb0e750-38d8-5536-8e42-08e5cae6bb9d,3.2229875000000004e+10,2465,322.29875000000004
1658113506,ALPHAUSDT,Sell,1386,0.13075,ZeroMinusTick,b5f30fa9-7eaa-5bbe-b8a2-da1c1a62248c,1.812195e+10,1386,181.2195
1658113551,ALPHAUSDT,Buy,94,0.13070,MinusTick,ce10169c-becd-5ada-ac4d-ce165e3c23ae,1.2285800000000002e+09,94,12.285800000000002
1658113554,ALPHAUSDT,Sell,1,0.13065,MinusTick,c7a9f602-782e-5512-9789-718c2125ebfa,1.3064999999999998e+07,1,0.13065
1658113674,ALPHAUSDT,Sell,1,0.13095,PlusTick,87259cb4-c985-51d1-9f5b-8ffc33c59a27,1.3095000000000002e+07,1,0.13095
1658113715,ALPHAUSDT,Buy,3500,0.13090,MinusTick,cbf670b4-7f9b-52a7-a833-e4f5d7b4ba4d,4.5815e+10,3500,458.15
1658113715,ALPHAUSDT,Buy,7452,0.13095,PlusTick,83c099c9-36b4-56bc-92bb-9bceca549931,9.758394e+10,7452,975.8394000000001
1658113715,ALPHAUSDT,Sell,780,0.13075,MinusTick,1d4e1b6a-1fc7-5633-a6fa-63682e33c038,1.01985e+10,780,101.985
1658113764,ALPHAUSDT,Buy,15,0.13085,PlusTick,dd8c2e1b-0b68-5953-a614-5b486fcbe512,1.96275e+08,15,1.96275
1658113854,ALPHAUSDT,Buy,1,0.13070,MinusTick,dd772fa8-f9c6-5550-b18e-ac3231fddc8d,1.3070000000000002e+07,1,0.1307
1658113886,ALPHAUSDT,Sell,765,0.13055,MinusTick,a8659d2c-1b7f-5e6c-9467-6462c5304d86,9.987075e+09,765,99.87075
1658113894,ALPHAUSDT,Sell,1,0.13045,MinusTick,23a78b64-7d70-5d09-864b-014d0e6f0892,1.3045000000000002e+07,1,0.13045
1658113899,ALPHAUSDT,Buy,6129,0.13060,PlusTick,3ce932bb-134a-5b0c-b630-281e8e8be9d4,8.004474e+10,6129,800.4474
1658114054,ALPHAUSDT,Sell,4,0.13035,MinusTick,a5ff9870-76db-5628-963f-1916eecd3bfd,5.214e+07,4,0.5214
1658114073,ALPHAUSDT,Sell,784,0.13025,MinusTick,88f1e331-624c-5493-870e-0a33a3b7c5d2,1.02116e+10,784,102.116
1658114113,ALPHAUSDT,Buy,26,0.13025,ZeroMinusTick,67d91483-4a69-5b5f-be25-209c92c59694,3.3865e+08,26,3.3865000000000003
1658114214,ALPHAUSDT,Sell,1,0.13065,PlusTick,7cd7abbc-c4bf-557c-9c79-873412925796,1.3064999999999998e+07,1,0.13065
1658114294,ALPHAUSDT,Buy,17,0.13070,PlusTick,1d9a653e-7435-5bc5-b790-171cd0208540,2.2219000000000003e+08,17,2.2219
1658114295,ALPHAUSDT,Sell,3500,0.13065,MinusTick,9dcb57ae-fce6-549e-aaa5-b99dd346556b,4.57275e+10,3500,457.275
1658114295,ALPHAUSDT,Sell,455,0.13065,ZeroMinusTick,c9f39c0b-46e3-594f-896a-7ecc1b056719,5.944575e+09,455,59.44575
1658114344,ALPHAUSDT,Sell,1,0.13055,MinusTick,236eefdc-3128-56eb-ae83-d9bdb276cae1,1.3055e+07,1,0.13055
1658114373,ALPHAUSDT,Buy,2084,0.13060,PlusTick,7ce2b865-eae8-5fe4-acec-97a5dfd13554,2.7217039999999996e+10,2084,272.1704
1658114373,ALPHAUSDT,Buy,1416,0.13060,ZeroMinusTick,1c6d4af7-ce47-5472-91d2-6dfe487e2308,1.849296e+10,1416,184.9296
1658114454,ALPHAUSDT,Sell,5,0.13075,PlusTick,c06c794a-5cd7-56a2-8333-a4d6ddea6cfd,6.537500000000001e+07,5,0.65375
1658114511,ALPHAUSDT,Sell,1170,0.13085,PlusTick,80137ce7-7c63-5a5f-9600-448a77631e21,1.5309449999999998e+10,1170,153.09449999999998
1658114511,ALPHAUSDT,Sell,2457,0.13085,ZeroMinusTick,929bfbc7-9212-570d-8feb-da61dcf4faa9,3.2149845e+10,2457,321.49845
1658114511,ALPHAUSDT,Sell,484,0.13085,ZeroMinusTick,5e871500-afd6-5ae0-be42-5cadc4168a56,6.333139999999999e+09,484,63.331399999999995
1658114586,ALPHAUSDT,Buy,3500,0.13080,MinusTick,820dd49e-e031-5e38-a00e-bfa59d8b1191,4.578e+10,3500,457.8
1658114586,ALPHAUSDT,Buy,1284,0.13080,ZeroMinusTick,80e07dff-5f3d-5341-965b-49e4904bfe95,1.679472e+10,1284,167.9472
1658114604,ALPHAUSDT,Sell,1,0.13095,PlusTick,255cb072-1e28-56b9-a7f2-7df7c8bc56de,1.3095000000000002e+07,1,0.13095
1658114633,ALPHAUSDT,Buy,8008,0.13125,PlusTick,429e957d-af8c-5b5b-90a8-ceaa118886e7,1.05105e+11,8008,1051.05
1658114694,ALPHAUSDT,Sell,14,0.13125,ZeroMinusTick,f341be58-49e6-5ae0-b211-9a6e67cd7b68,1.8375e+08,14,1.8375000000000001
1658114710,ALPHAUSDT,Buy,3805,0.13145,PlusTick,e699cc91-9323-5908-a55c-d811eb8ad6d4,5.0016725e+10,3805,500.16725
1658114710,ALPHAUSDT,Buy,8388,0.13150,PlusTick,cbf1dbda-7faf-5fc2-962f-d5c681a2fcf9,1.1030220000000002e+11,8388,1103.0220000000002
1658114782,ALPHAUSDT,Buy,3500,0.13180,PlusTick,384a1dc6-6416-5216-b49b-802e6e931f1a,4.613e+10,3500,461.3
1658114791,ALPHAUSDT,Sell,2637,0.13190,PlusTick,f48e3a86-0776-5756-b68b-697885c5c9b4,3.478203e+10,2637,347.8203
1658114791,ALPHAUSDT,Sell,1261,0.13190,ZeroMinusTick,92a5a2fd-de56-5620-a899-d28645d0548e,1.6632589999999998e+10,1261,166.3259
1658114791,ALPHAUSDT,Sell,600,0.13190,ZeroMinusTick,4eef19db-5737-5096-aa8d-fb80090a3643,7.914e+09,600,79.14
1658114791,ALPHAUSDT,Sell,8388,0.13185,MinusTick,fecd4ba6-f753-5257-b0a6-7397dc279d37,1.1059577999999998e+11,8388,1105.9578
1658114791,ALPHAUSDT,Sell,10724,0.13185,ZeroMinusTick,3e63a63a-d017-5db5-a792-4f816fbd8e52,1.4139594e+11,10724,1413.9594
1658114791,ALPHAUSDT,Sell,20,0.13190,PlusTick,0efef47c-d265-5f14-b6c6-d4290c70d21a,2.638e+08,20,2.638
1658114791,ALPHAUSDT,Sell,9,0.13190,ZeroMinusTick,47df3eb7-4e8c-5181-b4fe-05097988f6c8,1.1870999999999999e+08,9,1.1870999999999998
1658114818,ALPHAUSDT,Sell,938,0.13180,MinusTick,b65382ff-075e-5f46-8f51-63f7cd60f144,1.236284e+10,938,123.6284
1658114818,ALPHAUSDT,Sell,448,0.13180,ZeroMinusTick,9a685b5e-18a2-5ed0-92bb-d3163d6f1368,5.90464e+09,448,59.0464
1658114818,ALPHAUSDT,Sell,1386,0.13180,ZeroMinusTick,c2fbb24e-0ba9-50ec-9f63-ebf2329fcf77,1.826748e+10,1386,182.6748
1658114818,ALPHAUSDT,Sell,1386,0.13180,ZeroMinusTick,86924243-2d63-51b3-9ff3-8143234e4d9c,1.826748e+10,1386,182.6748
1658114818,ALPHAUSDT,Sell,2012,0.13180,ZeroMinusTick,197719bf-7870-5b1f-96f5-2ba32e90c296,2.651816e+10,2012,265.1816
1658114818,ALPHAUSDT,Sell,7481,0.13170,MinusTick,3b188cee-cf77-5479-8e2a-f9e0ceb1c36a,9.852477000000002e+10,7481,985.2477000000001
1658114818,ALPHAUSDT,Sell,848,0.13125,MinusTick,f25febcc-0859-5638-81d7-4dceb83dc93f,1.1130000000000002e+10,848,111.30000000000001
1658114818,ALPHAUSDT,Sell,4561,0.13125,ZeroMinusTick,f7567a2c-1d7d-52fd-8e57-c6cc48acca26,5.9863125e+10,4561,598.63125
1658114839,ALPHAUSDT,Buy,3500,0.13120,MinusTick,845b8428-7a53-522a-8b61-a0ed0d989757,4.592000000000001e+10,3500,459.20000000000005
1658114894,ALPHAUSDT,Buy,1,0.13130,PlusTick,ae7d8ee3-fc2f-5106-85c3-451f900d6fda,1.313e+07,1,0.1313
1658114902,ALPHAUSDT,Sell,574,0.13125,MinusTick,0eddd597-3b63-5065-92ed-92550e58a855,7.533750000000001e+09,574,75.3375
1658114902,ALPHAUSDT,Sell,5603,0.13125,ZeroMinusTick,7a213e6a-85b3-5e55-85a6-e92129a9aebb,7.3539375e+10,5603,735.3937500000001
1658114915,ALPHAUSDT,Buy,3500,0.13130,PlusTick,e18f2115-8aa1-55f1-b2b2-8433c40ef01d,4.5955e+10,3500,459.55
1658114916,ALPHAUSDT,Buy,4784,0.13140,PlusTick,e44640bf-a167-5989-8175-994b3229fc70,6.286175999999999e+10,4784,628.6175999999999
1658115016,ALPHAUSDT,Sell,219,0.13125,MinusTick,dbe4064e-4433-5f59-adb3-02f4393b2da9,2.874375e+09,219,28.743750000000002
1658115016,ALPHAUSDT,Sell,49,0.13125,ZeroMinusTick,2bf9ced6-2456-547e-90d4-e952e686ebc9,6.43125e+08,49,6.43125
1658115018,ALPHAUSDT,Sell,1115,0.13110,MinusTick,89c11aa8-8412-522b-b941-7f6e9a96cbb7,1.461765e+10,1115,146.1765
1658115064,ALPHAUSDT,Buy,1,0.13105,MinusTick,871d60a3-0f95-59d6-a4ee-2319d85d0639,1.3105e+07,1,0.13105
1658115224,ALPHAUSDT,Sell,1,0.13100,MinusTick,8b1af169-50af-5200-bda7-c62e33b11e9b,1.31e+07,1,0.131
1658115319,ALPHAUSDT,Sell,5729,0.13095,MinusTick,d6a050d8-2f67-5593-b0d8-388106e19709,7.502125500000002e+10,5729,750.2125500000001
1658115404,ALPHAUSDT,Sell,18,0.13090,MinusTick,0e349f51-d4dd-54ad-9f1a-84d7e49702a8,2.3561999999999997e+08,18,2.3562
1658115484,ALPHAUSDT,Buy,1,0.13105,PlusTick,fe66a687-c6a5-5255-bfef-002d96b62238,1.3105e+07,1,0.13105
1658115589,ALPHAUSDT,Sell,6,0.13075,MinusTick,e7e60297-8731-54b8-8b3e-e6521bfd8b42,7.845e+07,6,0.7845
1658115684,ALPHAUSDT,Buy,1,0.13055,MinusTick,50b43a48-d297-51f4-a4e8-17845cdb2b42,1.3055e+07,1,0.13055
1658115691,ALPHAUSDT,Buy,3499,0.13055,ZeroMinusTick,b8e5c722-ad32-51d5-b325-f2ff3b65fa1d,4.5679445e+10,3499,456.79445
1658115884,ALPHAUSDT,Sell,1,0.13080,PlusTick,c247b801-69ec-551f-8ff2-4cf1a4aff6d4,1.308e+07,1,0.1308
1658115978,ALPHAUSDT,Buy,3500,0.13085,PlusTick,e704f8f2-eef2-5bbc-a91e-8559614d9656,4.57975e+10,3500,457.97499999999997
1658116084,ALPHAUSDT,Sell,4,0.13065,MinusTick,89cafee1-1f46-5e7e-8df9-d4ef4c96a0b9,5.225999999999999e+07,4,0.5226
1658116134,ALPHAUSDT,Buy,1,0.13085,PlusTick,979fffb6-c1e3-58c3-ab0a-970ddb36b32c,1.3085e+07,1,0.13085
1658116304,ALPHAUSDT,Buy,17,0.13075,MinusTick,9e479952-4cbb-588c-a6e9-36b1ac111f78,2.22275e+08,17,2.22275
1658116374,ALPHAUSDT,Buy,1,0.13065,MinusTick,3d51cda8-a9f2-58e3-8836-26cb69773392,1.3064999999999998e+07,1,0.13065
1658116484,ALPHAUSDT,Buy,1,0.13065,ZeroMinusTick,fd00742f-2552-5d4e-8f73-c3b01dbb4735,1.3064999999999998e+07,1,0.13065
1658116504,ALPHAUSDT,Buy,1,0.13065,ZeroMinusTick,eb9ed663-eb85-5152-83d3-c3b2fc12b064,1.3064999999999998e+07,1,0.13065
1658116564,ALPHAUSDT,Sell,16,0.13045,MinusTick,c38f3bd2-37d0-51c8-b8a3-5087ac48fd0e,2.0872000000000003e+08,16,2.0872
1658116613,ALPHAUSDT,Buy,7744,0.13070,PlusTick,3ce45f0c-0664-5f0d-89cc-3d6649a001f2,1.0121408000000002e+11,7744,1012.1408000000001
1658116675,ALPHAUSDT,Sell,5,0.13060,MinusTick,71ce2f48-5d7b-5292-98a3-238366479f38,6.53e+07,5,0.653
1658116803,ALPHAUSDT,Buy,3500,0.13055,MinusTick,15994d4f-32c1-5519-941c-361609843937,4.56925e+10,3500,456.925
1658116809,ALPHAUSDT,Sell,18,0.13050,MinusTick,6de8fa70-c494-5361-a1fc-e490f8c2c8a4,2.3490000000000003e+08,18,2.349
1658116865,ALPHAUSDT,Sell,1,0.13060,PlusTick,ccd0d9d9-47d3-5e31-a3a8-b83b251d8b54,1.306e+07,1,0.1306
1658116965,ALPHAUSDT,Buy,100,0.13055,MinusTick,4cfb9e8b-a4a4-5d4c-ad15-00cc4064fda6,1.3055e+09,100,13.055
1658117035,ALPHAUSDT,Buy,1,0.13055,ZeroMinusTick,82df9b52-3dec-56cd-a507-edfb414a2537,1.3055e+07,1,0.13055
1658117095,ALPHAUSDT,Buy,1,0.13045,MinusTick,bfd0b892-fdc6-5237-b19d-f2f1b8feebe3,1.3045000000000002e+07,1,0.13045
1658117113,ALPHAUSDT,Buy,432,0.13045,ZeroMinusTick,db1f94ab-ea98-5065-af90-310b27fa5f70,5.635440000000001e+09,432,56.354400000000005
1658117205,ALPHAUSDT,Sell,9,0.13020,MinusTick,6af8c90b-223f-53c8-b03d-41e3841ab955,1.1718000000000001e+08,9,1.1718000000000002
1658117252,ALPHAUSDT,Buy,591,0.13050,PlusTick,c2cbcb61-8bcd-50e4-afed-77f26caf9296,7.71255e+09,591,77.1255
1658117252,ALPHAUSDT,Buy,591,0.13050,ZeroMinusTick,78387211-7187-5858-a4d1-2eb43189c831,7.71255e+09,591,77.1255
1658117252,ALPHAUSDT,Buy,4954,0.13050,ZeroMinusTick,e8ce6039-ecfb-5476-a100-69789634afec,6.464970000000001e+10,4954,646.4970000000001
1658117252,ALPHAUSDT,Buy,767,0.13050,ZeroMinusTick,b78e5b7c-5248-5689-a4c4-6d3ef7a8a85c,1.000935e+10,767,100.0935
1658117252,ALPHAUSDT,Buy,5629,0.13055,PlusTick,1890b12f-e35a-5111-862f-e644cce67824,7.3486595e+10,5629,734.86595
1658117252,ALPHAUSDT,Buy,105,0.13055,ZeroMinusTick,272bf1eb-5e2c-5dc6-90ea-5ecc5e45fe7f,1.370775e+09,105,13.70775
1658117252,ALPHAUSDT,Buy,6136,0.13055,ZeroMinusTick,4ca2f238-1e10-5bef-8d1a-055abc044eef,8.010548e+10,6136,801.0548
1658117252,ALPHAUSDT,Buy,9453,0.13080,PlusTick,57a46bc2-cb6b-558b-8531-4497189e928d,1.2364523999999998e+11,9453,1236.4524
1658117515,ALPHAUSDT,Sell,10,0.13055,MinusTick,bf30548a-a65f-5235-b690-7e5c7caeabaa,1.3054999999999999e+08,10,1.3054999999999999
1658117539,ALPHAUSDT,Sell,3500,0.13050,MinusTick,da0fb50b-6e96-54f2-b232-ab0f7f9af2ae,4.5675e+10,3500,456.75
1658117581,ALPHAUSDT,Sell,1450,0.13040,MinusTick,7598e292-9fd8-5da5-98ff-fb10f8f95f26,1.8908e+10,1450,189.07999999999998
1658117645,ALPHAUSDT,Buy,1,0.13055,PlusTick,a7bbe749-016f-5366-bf99-5d985bba4f54,1.3055e+07,1,0.13055
1658117769,ALPHAUSDT,Sell,46,0.13045,MinusTick,3d5c9703-bc0c-5808-b5f2-fc26ea519061,6.0007e+08,46,6.0007
1658117775,ALPHAUSDT,Buy,1,0.13045,ZeroMinusTick,c711f1f3-cdbd-539a-b461-ef24f9fef2be,1.3045000000000002e+07,1,0.13045
1658117799,ALPHAUSDT,Buy,6139,0.13040,MinusTick,2cfc506c-08d8-5181-9499-1862389face4,8.005256e+10,6139,800.5255999999999
1658117799,ALPHAUSDT,Buy,8061,0.13040,ZeroMinusTick,2fc17575-c166-5f9a-9ebe-e7c12e48d4c1,1.0511543999999998e+11,8061,1051.1544
1658117875,ALPHAUSDT,Buy,2,0.13050,PlusTick,f79b1c23-9148-5d55-9a2e-2240a43d2a75,2.61e+07,2,0.261
1658117924,ALPHAUSDT,Buy,8904,0.13030,MinusTick,c42bfcf0-2e4a-56d8-8cfa-4ecc1c856908,1.1601912e+11,8904,1160.1912
1658117924,ALPHAUSDT,Buy,768,0.13030,ZeroMinusTick,61547d1c-1c56-560c-89aa-91ed7abe820c,1.000704e+10,768,100.0704
1658117924,ALPHAUSDT,Buy,5668,0.13040,PlusTick,a384f2f4-9051-5daf-8217-7b2e53605953,7.391071999999998e+10,5668,739.1071999999999
1658118005,ALPHAUSDT,Buy,1,0.13035,MinusTick,92a70536-5724-58bc-a4af-3cd4e45c213a,1.3035e+07,1,0.13035
1658118026,ALPHAUSDT,Sell,653,0.13030,MinusTick,616d0485-bce8-5eac-8cee-acc11ebc52b2,8.508589999999999e+09,653,85.0859
1658118097,ALPHAUSDT,Sell,7751,0.13030,ZeroMinusTick,bf304258-eedf-5911-b77d-9aab6fe68d8d,1.0099553e+11,7751,1009.9553
1658118097,ALPHAUSDT,Sell,11361,0.13025,MinusTick,67347c56-a812-534f-ac36-295c51369fb5,1.47977025e+11,11361,1479.77025
1658118119,ALPHAUSDT,Sell,2623,0.13015,MinusTick,76bf33f9-a682-50a7-96d8-39f2c29adab5,3.4138345e+10,2623,341.38345
1658118185,ALPHAUSDT,Buy,1,0.13015,ZeroMinusTick,9d4ddfb2-69ee-50b9-9cd8-7cf21a80916a,1.3014999999999998e+07,1,0.13015
1658118325,ALPHAUSDT,Sell,1,0.12980,MinusTick,66f9989f-1f07-59bb-b1f5-b589b851d73b,1.298e+07,1,0.1298
1658118395,ALPHAUSDT,Sell,100,0.12990,PlusTick,3db21d23-da67-5b77-b248-73f00f8f2cb3,1.2989999999999998e+09,100,12.989999999999998
1658118398,ALPHAUSDT,Sell,1756,0.12990,ZeroMinusTick,f83456b7-2d31-5009-a26b-7fe8531c4787,2.2810439999999996e+10,1756,228.10439999999997
1658118545,ALPHAUSDT,Sell,1,0.13050,PlusTick,04b1d4bf-1e91-55ce-b5d0-a37f8ab973d8,1.305e+07,1,0.1305
1658118567,ALPHAUSDT,Buy,5117,0.13070,PlusTick,456bcabf-0896-587d-935f-e3d63b0bccf1,6.687919000000001e+10,5117,668.7919
1658118595,ALPHAUSDT,Buy,1,0.13065,MinusTick,7af1a4d1-72b1-56d3-a3ee-353ca1474e7d,1.3064999999999998e+07,1,0.13065
1658118645,ALPHAUSDT,Sell,44,0.13065,ZeroMinusTick,e7d1ddd8-35d6-56eb-88fc-6b1dcf19f085,5.7486e+08,44,5.7486
1658118664,ALPHAUSDT,Buy,6264,0.13075,PlusTick,f1080b3c-b56c-590d-a92a-80af285375c1,8.19018e+10,6264,819.018
1658118725,ALPHAUSDT,Sell,17,0.13085,PlusTick,35f9ebf5-68b5-5257-b874-2b5adb27d325,2.22445e+08,17,2.22445
1658118891,ALPHAUSDT,Sell,8888,0.13130,PlusTick,4147cc5c-0195-582e-95fd-95ba0e5f0b78,1.1669944e+11,8888,1166.9944
1658118891,ALPHAUSDT,Sell,3500,0.13125,MinusTick,7a3b2a02-f4ce-53d4-83df-cd7ceafef8f7,4.59375e+10,3500,459.375
1658118891,ALPHAUSDT,Sell,1071,0.13120,MinusTick,78a584f9-d58c-5db6-bdf9-2c7bbf4e1001,1.4051520000000002e+10,1071,140.51520000000002
1658118905,ALPHAUSDT,Buy,7,0.13125,PlusTick,968efa5c-5d76-5f63-8383-e0e8577bab27,9.1875e+07,7,0.9187500000000001
1658119027,ALPHAUSDT,Sell,4784,0.13150,PlusTick,0f446920-5fe9-568f-ae55-611bfcdbeb76,6.29096e+10,4784,629.096
1658119027,ALPHAUSDT,Sell,4784,0.13150,ZeroMinusTick,80cb9347-6539-5ec5-af47-5077262fd176,6.29096e+10,4784,629.096
1658119027,ALPHAUSDT,Sell,4784,0.13150,ZeroMinusTick,1c3a98f0-85b2-5853-9cdb-1c1002c1f6bf,6.29096e+10,4784,629.096
1658119032,ALPHAUSDT,Buy,8247,0.13155,PlusTick,442d62ff-cf3e-5d61-a404-dd5809a39cb1,1.08489285e+11,8247,1084.89285
1658119032,ALPHAUSDT,Buy,6084,0.13155,ZeroMinusTick,66191cc6-7884-58bc-b962-56db2245a265,8.003502e+10,6084,800.3502
1658119061,ALPHAUSDT,Buy,64,0.13165,PlusTick,7d1cc3d7-23f0-5873-92e0-30a44da273d0,8.425599999999999e+08,64,8.4256
1658119061,ALPHAUSDT,Buy,6080,0.13170,PlusTick,2305e24d-8e2f-5652-bb56-bf7e3d0e95ab,8.007360000000002e+10,6080,800.7360000000001
1658119065,ALPHAUSDT,Buy,2158,0.13180,PlusTick,72993ff6-18be-5995-aa94-249cdf5dc54f,2.844244e+10,2158,284.4244
1658119065,ALPHAUSDT,Buy,1410,0.13180,ZeroMinusTick,f07a1728-e209-5ac0-b251-e884bf1bc095,1.85838e+10,1410,185.838
1658119065,ALPHAUSDT,Buy,1216,0.13180,ZeroMinusTick,3dda156f-9315-56cd-9ccb-950e516b83fb,1.602688e+10,1216,160.2688
1658119065,ALPHAUSDT,Buy,1034,0.13185,PlusTick,a9f70ba8-1909-5990-bca6-8bdb03be43b7,1.363329e+10,1034,136.3329
1658119085,ALPHAUSDT,Sell,100,0.13180,MinusTick,af417fbc-9a59-581f-adab-4e88742eda74,1.318e+09,100,13.18
1658119105,ALPHAUSDT,Buy,1,0.13185,PlusTick,d9b26391-17d4-5943-873f-2b533e28e5d3,1.3185e+07,1,0.13185
1658119275,ALPHAUSDT,Sell,1,0.13180,MinusTick,a8730e4e-dd14-5376-9070-7f0ec2709a91,1.318e+07,1,0.1318
1658119356,ALPHAUSDT,Buy,100,0.13215,PlusTick,2aa3fc07-59bd-5ee2-98c4-e1a756e1da28,1.3215e+09,100,13.215
1658119356,ALPHAUSDT,Sell,100,0.13215,ZeroMinusTick,8f1c6861-1e39-5bcd-8ace-46c657beb861,1.3215e+09,100,13.215
1658119356,ALPHAUSDT,Sell,3500,0.13210,MinusTick,4a7930b9-3d77-5065-b84c-94222d128184,4.6235e+10,3500,462.34999999999997
1658119356,ALPHAUSDT,Sell,3875,0.13200,MinusTick,648f5b15-3441-5c31-837f-16654fb23178,5.115e+10,3875,511.5
1658119356,ALPHAUSDT,Buy,234,0.13225,PlusTick,284f1b0e-1c2d-5542-8681-758b2f369b1e,3.09465e+09,234,30.9465
1658119356,ALPHAUSDT,Sell,12,0.13200,MinusTick,c6775c02-77a1-51e4-bb62-f1a6b5008e00,1.584e+08,12,1.584
1658119385,ALPHAUSDT,Sell,1034,0.13250,PlusTick,8f7ea08f-8428-5556-ad4c-e8056a7e55bc,1.37005e+10,1034,137.005
1658119385,ALPHAUSDT,Sell,4993,0.13250,ZeroMinusTick,9d199aaa-469f-5a0b-b1c6-b8b7b784e512,6.615725e+10,4993,661.5725
1658119385,ALPHAUSDT,Sell,6027,0.13250,ZeroMinusTick,89399d82-fbcd-51fa-858a-7ec5eadd054e,7.985775e+10,6027,798.5775
1658119385,ALPHAUSDT,Sell,4534,0.13245,MinusTick,973733d6-614e-5430-8b6e-4a675d74ce67,6.005283000000001e+10,4534,600.5283000000001
1658119385,ALPHAUSDT,Sell,4089,0.13245,ZeroMinusTick,9dc44ecd-e973-5987-89fb-c5c3c90e0462,5.415880500000001e+10,4089,541.5880500000001
1658119385,ALPHAUSDT,Sell,3500,0.13235,MinusTick,50c75418-a307-52d8-8306-3d1e30da8b37,4.63225e+10,3500,463.22499999999997
1658119385,ALPHAUSDT,Sell,7321,0.13215,MinusTick,9a646c9c-e25e-5429-baaa-eef2d8d24ec6,9.674701499999998e+10,7321,967.4701499999999
1658119385,ALPHAUSDT,Sell,632,0.13180,MinusTick,2e7b769d-63ed-5799-8dcd-53581370ad0c,8.32976e+09,632,83.2976
1658119385,ALPHAUSDT,Sell,728,0.13180,ZeroMinusTick,4604b744-0b6a-57ed-a47a-47c3223cf470,9.59504e+09,728,95.9504
1658119385,ALPHAUSDT,Sell,3500,0.13195,PlusTick,92305ee1-a304-5a05-87cb-6a37daed01a7,4.618250000000001e+10,3500,461.82500000000005
1658119386,ALPHAUSDT,Buy,1535,0.13175,MinusTick,c768e217-9c1a-5b3e-8523-dcf3e662981d,2.0223625e+10,1535,202.23625
1658119386,ALPHAUSDT,Buy,3500,0.13180,PlusTick,5bb62137-396d-5e28-9ad8-62310e70c0c3,4.613e+10,3500,461.3
1658119445,ALPHAUSDT,Sell,1,0.13185,PlusTick,80596bdf-2fd9-574f-8d7d-1e508acbfcf7,1.3185e+07,1,0.13185
1658119460,ALPHAUSDT,Buy,4784,0.13200,PlusTick,ddc623a7-3e67-552d-8967-608a87665a03,6.314880000000001e+10,4784,631.488
1658119460,ALPHAUSDT,Buy,5035,0.13205,PlusTick,40044ab1-8603-51d2-958f-48031971a5b5,6.6487175e+10,5035,664.87175
1658119460,ALPHAUSDT,Buy,3500,0.13205,ZeroMinusTick,911d5d7e-2362-57c1-92bb-c690ffcae960,4.62175e+10,3500,462.175
1658119460,ALPHAUSDT,Buy,2564,0.13205,ZeroMinusTick,81707dd0-741e-5a45-ad89-8c0fb3015822,3.3857620000000004e+10,2564,338.57620000000003
1658119460,ALPHAUSDT,Buy,6064,0.13205,ZeroMinusTick,a9845bca-5744-5e2c-82a8-ddc15af6e7dd,8.007512e+10,6064,800.7512
1658119460,ALPHAUSDT,Buy,4536,0.13250,PlusTick,86664d97-4119-5f69-9f5d-04a7d7e0be21,6.0102e+10,4536,601.02
1658119460,ALPHAUSDT,Buy,7321,0.13250,ZeroMinusTick,12181e2a-c6ff-55c4-98bc-42c525d4f05b,9.700325e+10,7321,970.0325
1658119471,ALPHAUSDT,Sell,3839,0.13215,MinusTick,ddf45399-10b8-5dc9-a7b1-46d2d51999ef,5.073238499999999e+10,3839,507.32384999999994
1658119471,ALPHAUSDT,Sell,3839,0.13215,ZeroMinusTick,b1f0db43-d23b-54e1-ac97-14e98418b22b,5.073238499999999e+10,3839,507.32384999999994
1658119510,ALPHAUSDT,Sell,13,0.13225,PlusTick,c4b3ceec-575b-575f-b4e9-15518d6a8ffb,1.7192500000000003e+08,13,1.7192500000000002
1658119514,ALPHAUSDT,Sell,756,0.13225,ZeroMinusTick,29cc649b-ff5f-51fb-a49e-10bf68de600a,9.9981e+09,756,99.98100000000001
1658119514,ALPHAUSDT,Sell,2873,0.13210,MinusTick,89dbf0eb-4d34-5f4e-a56f-6e2456b23ffa,3.795233e+10,2873,379.5233
1658119585,ALPHAUSDT,Buy,8,0.13180,MinusTick,058820a5-62af-5721-a4fd-603b65d9cc72,1.0544e+08,8,1.0544
1658119612,ALPHAUSDT,Buy,8985,0.13180,ZeroMinusTick,571cc2f0-b92f-5f80-807a-0e9da4ec5ed8,1.184223e+11,8985,1184.223
1658119765,ALPHAUSDT,Buy,1,0.13160,MinusTick,725e6246-12c0-5e32-9343-758d25d6b53a,1.316e+07,1,0.1316
1658119785,ALPHAUSDT,Buy,1112,0.13170,PlusTick,a57013ed-6730-5452-8dbe-039d72471fd0,1.464504e+10,1112,146.4504
1658119785,ALPHAUSDT,Buy,525,0.13170,ZeroMinusTick,5053f90d-d832-5b09-afe1-2bad231736f1,6.914250000000001e+09,525,69.14250000000001
1658119797,ALPHAUSDT,Sell,138,0.13150,MinusTick,1b063746-c3b5-53f2-908b-611a05cb3ce4,1.8147000000000002e+09,138,18.147000000000002
1658119797,ALPHAUSDT,Sell,6079,0.13145,MinusTick,ec80d1e7-6d46-53cc-89fd-3b045a4ade14,7.9908455e+10,6079,799.08455
1658119797,ALPHAUSDT,Sell,6079,0.13145,ZeroMinusTick,c0def72e-bf58-50b6-b8f3-712f77b7c217,7.9908455e+10,6079,799.08455
1658119797,ALPHAUSDT,Sell,8917,0.13140,MinusTick,52e6dff4-a06e-524d-8a61-618f74498f02,1.1716938e+11,8917,1171.6938
1658119797,ALPHAUSDT,Sell,4796,0.13100,MinusTick,838c760d-39c8-531b-a789-f09842df02f9,6.282760000000001e+10,4796,628.2760000000001
1658119797,ALPHAUSDT,Sell,759,0.13100,ZeroMinusTick,c278e769-5ac5-532f-b92f-88ef8b9cc940,9.9429e+09,759,99.429
1658119799,ALPHAUSDT,Buy,4784,0.13110,PlusTick,834eab30-c1af-5bd7-b0e8-55131d9f789f,6.271823999999999e+10,4784,627.1823999999999
1658119840,ALPHAUSDT,Sell,953,0.13110,ZeroMinusTick,0add1df8-5986-531c-9064-dd01a41e56bd,1.249383e+10,953,124.9383
1658119850,ALPHAUSDT,Sell,762,0.13105,MinusTick,228b98b0-a0a4-552c-b9fd-854e7c0822e2,9.98601e+09,762,99.8601
1658119885,ALPHAUSDT,Sell,1,0.13115,PlusTick,f4cbf531-4c33-5937-b8e3-d3208688c984,1.3114999999999998e+07,1,0.13115
1658119899,ALPHAUSDT,Buy,12,0.13135,PlusTick,38ceb590-ece4-536c-b74d-c734aa91399f,1.5762e+08,12,1.5762
1658120185,ALPHAUSDT,Buy,10,0.13145,PlusTick,ef97c438-980d-58c7-9e94-23dbde5d128c,1.3145000000000003e+08,10,1.3145000000000002
1658120224,ALPHAUSDT,Buy,6065,0.13150,PlusTick,3ee54abe-ca0c-5399-9276-d43e25968322,7.975475e+10,6065,797.5475
1658120224,ALPHAUSDT,Buy,5169,0.13150,ZeroMinusTick,d2d5f675-a77a-527d-88f4-8066eec02cdd,6.797235000000001e+10,5169,679.7235000000001
1658120224,ALPHAUSDT,Buy,1924,0.13155,PlusTick,5ef22c63-e147-5c66-8efe-6c6b3b9d257c,2.531022e+10,1924,253.1022
1658120225,ALPHAUSDT,Buy,12052,0.13160,PlusTick,877860a3-053e-56f7-8cb5-ab24cd8a573a,1.5860431999999997e+11,12052,1586.0431999999998
1658120265,ALPHAUSDT,Sell,7,0.13145,MinusTick,654f2612-94ed-503c-a98d-733b28dc5f79,9.2015e+07,7,0.92015
1658120295,ALPHAUSDT,Buy,519,0.13170,PlusTick,e9434eb4-a902-5a9d-b67e-ef90caa986d5,6.83523e+09,519,68.3523
1658120355,ALPHAUSDT,Buy,35,0.13170,ZeroMinusTick,e065354b-34e3-5b8c-9594-d1fbfb447e30,4.6095000000000006e+08,35,4.609500000000001
1658120393,ALPHAUSDT,Sell,13,0.13195,PlusTick,6357a95b-0c9a-5581-88fd-56767fbe85df,1.7153500000000003e+08,13,1.7153500000000002
1658120408,ALPHAUSDT,Buy,848,0.13205,PlusTick,ff6dd434-569f-5de2-b5fc-075a67a73db5,1.119784e+10,848,111.9784
1658120432,ALPHAUSDT,Sell,26,0.13215,PlusTick,d57f1108-8619-587d-8e0e-41c48400416e,3.4359e+08,26,3.4358999999999997
1658120465,ALPHAUSDT,Buy,100,0.13180,MinusTick,9db916e6-25ff-5dc7-9baf-a708bfa52a9e,1.318e+09,100,13.18
1658120479,ALPHAUSDT,Sell,11666,0.13170,MinusTick,13a710be-d601-5bbe-ac7a-82f10d1c904f,1.5364122000000003e+11,11666,1536.4122000000002
1658120479,ALPHAUSDT,Sell,2725,0.13165,MinusTick,7812b4f3-563a-5d74-8804-a92384427800,3.5874625e+10,2725,358.74625
1658120479,ALPHAUSDT,Sell,4638,0.13165,ZeroMinusTick,346c18e2-88a2-53d2-a6ca-b03549b82e4b,6.105926999999999e+10,4638,610.5926999999999
1658120479,ALPHAUSDT,Sell,1,0.13160,MinusTick,68a81f06-c878-59bf-adaa-165f5ce4edf1,1.316e+07,1,0.1316
1658120479,ALPHAUSDT,Sell,1834,0.13160,ZeroMinusTick,f0c845d1-d97a-59fc-bf78-190c7ddf17fb,2.413544e+10,1834,241.3544
1658120479,ALPHAUSDT,Sell,1878,0.13155,MinusTick,53e96d93-3565-50e0-a1fa-a80d79030f1b,2.470509e+10,1878,247.0509
1658120479,ALPHAUSDT,Sell,8934,0.13155,ZeroMinusTick,c3cc6653-742b-59fc-ad76-31843cc22ff3,1.1752677000000002e+11,8934,1175.2677
1658120479,ALPHAUSDT,Sell,766,0.13150,MinusTick,da4ced02-27ad-5720-a3b0-b1f9bb085872,1.00729e+10,766,100.729
1658120479,ALPHAUSDT,Buy,3500,0.13130,MinusTick,ded09751-9da0-5cae-8aeb-3f9151ac56db,4.5955e+10,3500,459.55
1658120480,ALPHAUSDT,Sell,3500,0.13125,MinusTick,aaaa5b40-5a42-514b-83aa-4499aeb0db2b,4.59375e+10,3500,459.375
1658120480,ALPHAUSDT,Sell,1065,0.13115,MinusTick,cc5bef70-1bdf-5d7f-a36f-a915c374c46b,1.3967474999999998e+10,1065,139.67475
1658120665,ALPHAUSDT,Sell,3500,0.13175,PlusTick,a4c458c1-3c02-5133-a3dc-d7d13ced82b1,4.61125e+10,3500,461.125
1658120678,ALPHAUSDT,Buy,4784,0.13185,PlusTick,fee29707-00c8-556b-9930-9be9c20695f2,6.307704e+10,4784,630.7704
1658120720,ALPHAUSDT,Buy,3500,0.13235,PlusTick,46a94340-685d-5beb-8787-44e5fa27ede9,4.63225e+10,3500,463.22499999999997
1658120720,ALPHAUSDT,Buy,3500,0.13235,ZeroMinusTick,3e1d8ef8-3980-5535-bb68-56b13c43dfcf,4.63225e+10,3500,463.22499999999997
1658120720,ALPHAUSDT,Buy,3500,0.13235,ZeroMinusTick,e2a197c1-cf1a-5a77-bfc5-f1d4dbc3bc83,4.63225e+10,3500,463.22499999999997
1658120796,ALPHAUSDT,Sell,3500,0.13235,ZeroMinusTick,d24e2dc8-c77b-5eef-aa15-5ce0d51ff545,4.63225e+10,3500,463.22499999999997
1658120796,ALPHAUSDT,Sell,490,0.13235,ZeroMinusTick,6351a669-6c57-5273-82ab-d8ce81498ed9,6.48515e+09,490,64.8515
1658120827,ALPHAUSDT,Buy,471,0.13260,PlusTick,8dbfed62-bca1-50b1-b0de-f6368ed7b4b6,6.24546e+09,471,62.4546
1658120827,ALPHAUSDT,Sell,12,0.13250,MinusTick,57e8c53f-40fc-53c5-8cde-459a6e375c8d,1.59e+08,12,1.59
1658120827,ALPHAUSDT,Buy,1113,0.13265,PlusTick,3beb6ccf-8f5e-5cfa-bac6-b1b9be90ff28,1.4763944999999998e+10,1113,147.63944999999998
1658120835,ALPHAUSDT,Buy,8,0.13285,PlusTick,be4881d1-e3c4-5d7f-843f-f861afa38d85,1.0628e+08,8,1.0628
1658120837,ALPHAUSDT,Sell,754,0.13265,MinusTick,11577b0c-f855-5042-9cb7-145831a26497,1.0001809999999998e+10,754,100.01809999999999
1658120872,ALPHAUSDT,Sell,35,0.13250,MinusTick,2ab21493-bcd5-52d4-9576-87b2b7ca3e4f,4.6375e+08,35,4.6375
1658120877,ALPHAUSDT,Buy,2081,0.13260,PlusTick,43c8fa71-fce4-5c29-a8b3-484270dcbf4c,2.759406e+10,2081,275.9406
1658120877,ALPHAUSDT,Buy,1419,0.13260,ZeroMinusTick,cebc5d1b-16de-5ae2-8e5f-841bcf211e0d,1.881594e+10,1419,188.1594
1658120879,ALPHAUSDT,Buy,3500,0.13270,PlusTick,5bda56bd-6f25-532a-946d-3fe1e107a4f3,4.644500000000001e+10,3500,464.45000000000005
1658120915,ALPHAUSDT,Sell,1,0.13275,PlusTick,9caa1e6c-d41f-54ad-8669-c86ec907527b,1.3275e+07,1,0.13275
1658121025,ALPHAUSDT,Sell,18,0.13260,MinusTick,2403bc6d-1cbb-53ce-82e9-8232789eb37f,2.3868e+08,18,2.3868
1658121046,ALPHAUSDT,Buy,92,0.13285,PlusTick,fa8a2e66-4da3-5104-a40b-767f545a579e,1.22222e+09,92,12.222199999999999
1658121055,ALPHAUSDT,Buy,1,0.13295,PlusTick,2c941a92-6fdd-5639-8757-6f24d2ac3f2d,1.3295000000000002e+07,1,0.13295
1658121148,ALPHAUSDT,Buy,12,0.13260,MinusTick,16896f3b-8d12-5743-a501-38a37e6a6ed3,1.5912e+08,12,1.5912
1658121195,ALPHAUSDT,Buy,6,0.13285,PlusTick,dba33096-1b09-560b-82ac-f155dc80654d,7.970999999999999e+07,6,0.7970999999999999
1658121202,ALPHAUSDT,Sell,753,0.13275,MinusTick,810f0e5f-31d2-5eb8-86c8-b8e0ccb76e16,9.996075e+09,753,99.96075
1658121252,ALPHAUSDT,Sell,753,0.13275,ZeroMinusTick,f9d793eb-aafb-5474-8667-882dec4d2ce6,9.996075e+09,753,99.96075
1658121288,ALPHAUSDT,Sell,11538,0.13235,MinusTick,0a8171e5-2cee-509a-9bee-7e433f3edfc2,1.5270543e+11,11538,1527.0543
1658121288,ALPHAUSDT,Sell,11538,0.13235,ZeroMinusTick,8666d21e-bcf8-5b75-ac68-dd11d98366b6,1.5270543e+11,11538,1527.0543
1658121288,ALPHAUSDT,Sell,11532,0.13235,ZeroMinusTick,acbfbcd8-aa34-5216-a0e4-9301e3bbc7e5,1.5262602e+11,11532,1526.2602
1658121288,ALPHAUSDT,Sell,5392,0.13235,ZeroMinusTick,e21108dc-e730-5bef-8363-a6044ada44e9,7.136311999999998e+10,5392,713.6311999999999
1658121305,ALPHAUSDT,Buy,13,0.13245,PlusTick,b2a8d2d0-8516-5706-9174-01feeb64efec,1.72185e+08,13,1.72185
1658121415,ALPHAUSDT,Buy,100,0.13300,PlusTick,04403aee-4c11-50d2-8de8-d99e61eab505,1.33e+09,100,13.3
1658121460,ALPHAUSDT,Buy,58,0.13310,PlusTick,9e96335f-1de5-578e-a28e-b4fcbd2b8bb2,7.719799999999999e+08,58,7.719799999999999
1658121460,ALPHAUSDT,Buy,28,0.13310,ZeroMinusTick,6aa5455a-3fa3-56a2-bb03-b87a06afe491,3.7268e+08,28,3.7268
1658121483,ALPHAUSDT,Buy,1109,0.13350,PlusTick,cd9ab6f8-8cde-566a-b7bf-c8df765ef873,1.480515e+10,1109,148.0515
1658121483,ALPHAUSDT,Buy,100,0.13355,PlusTick,b3261cf3-0e12-5f5e-a5f6-e90f52aa2892,1.3355e+09,100,13.355
1658121483,ALPHAUSDT,Buy,100,0.13360,PlusTick,9f4c5c1f-5581-5b9c-8498-bb01bd4baa32,1.336e+09,100,13.36
1658121483,ALPHAUSDT,Sell,653,0.13340,MinusTick,31af5dfe-fcda-5d94-b9c9-ce2d2e90cc14,8.71102e+09,653,87.11019999999999
1658121489,ALPHAUSDT,Buy,1900,0.13360,PlusTick,9b3f79a7-d3f2-57a1-b8ff-9b21062007a6,2.5384e+10,1900,253.84
1658121492,ALPHAUSDT,Buy,117,0.13375,PlusTick,b6dfa370-55dc-5397-9733-d1d48d36c5b6,1.5648750000000002e+09,117,15.648750000000001
1658121492,ALPHAUSDT,Buy,3383,0.13375,ZeroMinusTick,a8857721-5829-505a-87da-a779ca18f00c,4.524762500000001e+10,3383,452.47625000000005
1658121492,ALPHAUSDT,Buy,4784,0.13375,ZeroMinusTick,4787b538-dd1e-59ab-a71c-09d5695525c7,6.3986e+10,4784,639.86
1658121492,ALPHAUSDT,Buy,12000,0.13380,PlusTick,559f43b6-4883-5dad-a0b6-69e669d5a088,1.6056e+11,12000,1605.6000000000001
1658121492,ALPHAUSDT,Buy,9246,0.13395,PlusTick,2b5529e6-fb15-5172-ab9b-d98988fc74ff,1.2385017e+11,9246,1238.5017
1658121492,ALPHAUSDT,Buy,6376,0.13400,PlusTick,1397048e-8dbe-56ba-a418-054c2224f803,8.54384e+10,6376,854.384
1658121492,ALPHAUSDT,Buy,100,0.13400,ZeroMinusTick,eb0ff7c8-b225-5a5f-be9c-8073aa240677,1.34e+09,100,13.4
1658121492,ALPHAUSDT,Buy,4111,0.13400,ZeroMinusTick,377309a3-7918-5979-8b3e-0b22531ccff9,5.50874e+10,4111,550.874
1658121492,ALPHAUSDT,Sell,12,0.13365,MinusTick,ba42efbc-1ada-5511-94d1-fcb0420a4cc1,1.6038e+08,12,1.6038
1658121495,ALPHAUSDT,Sell,3677,0.13365,ZeroMinusTick,7fed8a6f-5e27-5470-b022-75a52e9a0c3b,4.9143105e+10,3677,491.43104999999997
1658121495,ALPHAUSDT,Sell,4,0.13365,ZeroMinusTick,71189f4d-fc6c-5b89-ad5a-cf7c2cffc0e6,5.346e+07,4,0.5346
1658121495,ALPHAUSDT,Sell,4780,0.13365,ZeroMinusTick,7eb39f13-a333-5850-b5f6-2264013335fa,6.38847e+10,4780,638.847
1658121495,ALPHAUSDT,Sell,2598,0.13360,MinusTick,de415dc7-196e-5555-a56d-f4e844702aa4,3.470928e+10,2598,347.0928
1658121495,ALPHAUSDT,Sell,1091,0.13360,ZeroMinusTick,004784cf-8771-5921-bbfa-37ac3d9f4844,1.457576e+10,1091,145.7576
1658121495,ALPHAUSDT,Sell,3689,0.13360,ZeroMinusTick,85a5246a-eddd-5071-8914-c0053973a859,4.928504e+10,3689,492.8504
1658121497,ALPHAUSDT,Sell,3500,0.13345,MinusTick,687c2f99-c7fc-5603-beeb-7c0b6bb0c296,4.670750000000001e+10,3500,467.07500000000005
1658121499,ALPHAUSDT,Sell,3500,0.13335,MinusTick,8259f2b0-fc7b-522d-b328-315966e68c8e,4.66725e+10,3500,466.72499999999997
1658121502,ALPHAUSDT,Sell,3500,0.13315,MinusTick,c0de541d-02c4-54af-bf86-2799b37a731c,4.66025e+10,3500,466.025
1658121555,ALPHAUSDT,Buy,15,0.13305,MinusTick,5953f94e-a821-5a3c-9824-299ad69e5733,1.99575e+08,15,1.9957500000000001
1658121584,ALPHAUSDT,Sell,3500,0.13295,MinusTick,ae76b565-bdc4-5b4f-9574-ed8a4b36e4a2,4.653250000000001e+10,3500,465.32500000000005
1658121596,ALPHAUSDT,Sell,1385,0.13285,MinusTick,a4cf944e-e65a-5830-8279-aa65c2e22af7,1.8399725e+10,1385,183.99725
1658121620,ALPHAUSDT,Sell,3500,0.13285,ZeroMinusTick,64d265df-016b-5ca1-b470-ce3efcc1fa6f,4.64975e+10,3500,464.97499999999997
1658121620,ALPHAUSDT,Sell,1609,0.13285,ZeroMinusTick,9cf8f107-1707-55c0-8f5f-59a9a687ab63,2.1375565e+10,1609,213.75565
1658121620,ALPHAUSDT,Sell,3003,0.13280,MinusTick,e81254fa-017e-50df-a50e-ba5477988774,3.987984e+10,3003,398.7984
1658121638,ALPHAUSDT,Sell,3500,0.13305,PlusTick,99ea8187-d845-536f-855d-01f43373f236,4.65675e+10,3500,465.675
1658121655,ALPHAUSDT,Sell,16,0.13290,MinusTick,741e4ee4-f07e-590c-9176-4fa34b773282,2.1263999999999997e+08,16,2.1264
1658121680,ALPHAUSDT,Sell,8297,0.13285,MinusTick,6563e62c-c8ef-5fc8-b978-80e7865d23dc,1.1022564499999998e+11,8297,1102.2564499999999
1658121708,ALPHAUSDT,Sell,745,0.13270,MinusTick,4504bda2-8eeb-5b50-bf5a-a52325cc87a1,9.88615e+09,745,98.8615
1658121760,ALPHAUSDT,Sell,138,0.13275,PlusTick,c35b46cd-519b-5b59-bb32-acb536b7053c,1.8319500000000002e+09,138,18.3195
1658121775,ALPHAUSDT,Buy,2,0.13285,PlusTick,153e3f19-c563-5ffa-94ac-62826a5dd11b,2.657e+07,2,0.2657
1658121776,ALPHAUSDT,Sell,3500,0.13275,MinusTick,d3af0892-f676-5074-8ad9-af3fdf4716bf,4.64625e+10,3500,464.625
1658121784,ALPHAUSDT,Buy,3712,0.13275,ZeroMinusTick,fc91d963-309a-5492-b339-402c630c1284,4.92768e+10,3712,492.76800000000003
1658121784,ALPHAUSDT,Buy,576,0.13275,ZeroMinusTick,0a9cb377-972c-5d85-8582-55b823fd7003,7.6464e+09,576,76.464
1658121784,ALPHAUSDT,Buy,448,0.13275,ZeroMinusTick,0b48d3b1-f12b-53ef-9c54-f880189b073c,5.9472e+09,448,59.472
1658121785,ALPHAUSDT,Buy,179,0.13275,ZeroMinusTick,30994ce8-df98-5f4f-b8b8-4de8a5a8764a,2.376225e+09,179,23.76225
1658121811,ALPHAUSDT,Buy,12,0.13275,ZeroMinusTick,6f7a6619-2687-5065-9764-13b157df0481,1.593e+08,12,1.593
1658121815,ALPHAUSDT,Buy,4583,0.13270,MinusTick,dd750dd3-c8ab-5583-807d-4336ce60a1c5,6.081641000000001e+10,4583,608.1641000000001
1658121815,ALPHAUSDT,Buy,2196,0.13270,ZeroMinusTick,38d1a8d0-b2aa-508c-b1c8-5f187a728b7a,2.9140920000000004e+10,2196,291.40920000000006
1658121815,ALPHAUSDT,Buy,127,0.13270,ZeroMinusTick,4d0e1f31-a570-5e60-82d2-ae8452c13634,1.6852900000000002e+09,127,16.8529
1658121830,ALPHAUSDT,Sell,3500,0.13265,MinusTick,9ace955a-9ee7-55f1-bdc5-7987d4a51a13,4.64275e+10,3500,464.275
1658121833,ALPHAUSDT,Buy,637,0.13265,ZeroMinusTick,0aeaa4b0-1d87-52dc-8ea8-c4231348a30a,8.449804999999999e+09,637,84.49804999999999
1658121833,ALPHAUSDT,Buy,1334,0.13265,ZeroMinusTick,e9378762-42f0-5a12-b184-b2314bc0e46f,1.769551e+10,1334,176.9551
1658121833,ALPHAUSDT,Buy,972,0.13265,ZeroMinusTick,6828266c-2525-5113-8d1e-e721bac29adf,1.289358e+10,972,128.9358
1658121853,ALPHAUSDT,Buy,4784,0.13260,MinusTick,8667208e-13d5-5724-bdcc-d17ad0910075,6.343583999999999e+10,4784,634.3584
1658121975,ALPHAUSDT,Buy,100,0.13270,PlusTick,9b3c15fa-0c05-5d3c-a83d-37f115fce1f5,1.3270000000000002e+09,100,13.270000000000001
1658122027,ALPHAUSDT,Buy,41,0.13265,MinusTick,41ab7e30-a596-53ee-9202-d9d26c13627b,5.43865e+08,41,5.43865
1658122059,ALPHAUSDT,Sell,3500,0.13275,PlusTick,139dc199-e21a-5a5b-82a1-5c0dac9a2a69,4.64625e+10,3500,464.625
1658122105,ALPHAUSDT,Buy,4,0.13305,PlusTick,03970cf8-be6b-5606-8230-2f51a503a8bf,5.322e+07,4,0.5322
1658122134,ALPHAUSDT,Sell,3500,0.13305,ZeroMinusTick,ce82b0a5-7c9d-5aad-a1fd-ccb2bdd81649,4.65675e+10,3500,465.675
1658122136,ALPHAUSDT,Buy,3500,0.13310,PlusTick,1a858a43-8b4d-5438-b850-000324104f6e,4.6585e+10,3500,465.84999999999997
1658122136,ALPHAUSDT,Buy,8463,0.13325,PlusTick,7508eb89-4756-5997-9da2-2fff02628896,1.1276947500000002e+11,8463,1127.69475
1658122188,ALPHAUSDT,Buy,3500,0.13330,PlusTick,47162f4b-7140-5769-b646-3a31c5f280fd,4.6655e+10,3500,466.55
1658122209,ALPHAUSDT,Sell,65,0.13365,PlusTick,e57cb2e8-fdc7-5c05-bffd-d33599df868d,8.687249999999999e+08,65,8.687249999999999
1658122218,ALPHAUSDT,Sell,5981,0.13365,ZeroMinusTick,e9df0d88-2229-5b44-8927-f320626e4c0e,7.9936065e+10,5981,799.36065
1658122218,ALPHAUSDT,Sell,5389,0.13365,ZeroMinusTick,1fe5cbf5-e34a-5c55-b646-1e54fe55599e,7.2023985e+10,5389,720.2398499999999
1658122218,ALPHAUSDT,Sell,11167,0.13365,ZeroMinusTick,3b6e61ed-a140-5718-a506-5343ae0b3684,1.4924695499999997e+11,11167,1492.4695499999998
1658122218,ALPHAUSDT,Sell,3500,0.13365,ZeroMinusTick,bbc2e796-264e-583a-a601-c1dd08340dc2,4.67775e+10,3500,467.775
1658122218,ALPHAUSDT,Sell,8803,0.13365,ZeroMinusTick,019276da-1b16-5e4f-8209-a6d0c92d2ca3,1.1765209499999998e+11,8803,1176.5209499999999
1658122224,ALPHAUSDT,Sell,3500,0.13375,PlusTick,28abb9bc-7a4a-52b0-a979-0c8f8f283712,4.68125e+10,3500,468.125
1658122248,ALPHAUSDT,Sell,3500,0.13375,ZeroMinusTick,4c121b10-7a5a-5fec-8041-33590e97f7e5,4.68125e+10,3500,468.125
1658122255,ALPHAUSDT,Buy,13,0.13385,PlusTick,eb306b09-3a76-5c31-824f-9044e3b9ad17,1.74005e+08,13,1.7400499999999999
1658122265,ALPHAUSDT,Buy,92,0.13390,PlusTick,d780f88a-824f-5ff4-b4c2-0e51fb97e676,1.23188e+09,92,12.3188
1658122270,ALPHAUSDT,Sell,133,0.13380,MinusTick,81cabe7c-2b57-5e62-bbec-abcd6d0a6253,1.77954e+09,133,17.7954
1658122270,ALPHAUSDT,Sell,3500,0.13375,MinusTick,6454a990-774c-5455-a431-4ceb5e50edd3,4.68125e+10,3500,468.125
1658122270,ALPHAUSDT,Sell,5981,0.13370,MinusTick,d68376b6-6e0d-53a0-a652-7837b5b03262,7.996597e+10,5981,799.6597
1658122270,ALPHAUSDT,Sell,5979,0.13370,ZeroMinusTick,43332710-db47-5a9c-b512-47f9bb5fecd5,7.993923000000002e+10,5979,799.3923000000001
1658122270,ALPHAUSDT,Sell,8803,0.13370,ZeroMinusTick,f48edfb7-db7f-502c-852c-3d7c5c46a1d9,1.1769611000000002e+11,8803,1176.9611000000002
1658122279,ALPHAUSDT,Buy,3500,0.13380,PlusTick,c3014644-0bc7-56c0-b95f-45db7be3c0b9,4.683e+10,3500,468.3
1658122279,ALPHAUSDT,Buy,5606,0.13385,PlusTick,7b542f15-5981-5ba0-8182-6415c6fd69f7,7.503631e+10,5606,750.3631
1658122313,ALPHAUSDT,Sell,3500,0.13375,MinusTick,f69acc0d-2cd0-5120-bbbf-c50373c0cefa,4.68125e+10,3500,468.125
1658122385,ALPHAUSDT,Sell,20,0.13335,MinusTick,4c5c9ee3-cc15-5190-901b-c1c6965827f2,2.6669999999999997e+08,20,2.667
1658122409,ALPHAUSDT,Sell,748,0.13345,PlusTick,5d0116e8-f406-59e1-99b7-73c827e06f62,9.982060000000002e+09,748,99.82060000000001
1658122455,ALPHAUSDT,Buy,17,0.13350,PlusTick,91090e39-1fa2-5d11-86e2-2c078bfc4dcd,2.2695000000000003e+08,17,2.2695000000000003
1658122456,ALPHAUSDT,Buy,453,0.13350,ZeroMinusTick,82adab40-7d4c-5622-99bb-c128656e5ab5,6.04755e+09,453,60.475500000000004
1658122560,ALPHAUSDT,Buy,1015,0.13375,PlusTick,5e2b1a05-15f8-5285-9273-61565cb9f640,1.3575625e+10,1015,135.75625
1658122585,ALPHAUSDT,Sell,1,0.13355,MinusTick,5be9f130-b71f-510b-9874-da748c0b6d25,1.3355e+07,1,0.13355
1658122625,ALPHAUSDT,Buy,1,0.13370,PlusTick,2f680918-87ea-57d7-ab1e-a5eb384c0cda,1.3370000000000002e+07,1,0.1337
1658122693,ALPHAUSDT,Buy,849,0.13370,ZeroMinusTick,464f90e3-407d-5b6b-bf4a-709ee9a33217,1.135113e+10,849,113.5113
1658122697,ALPHAUSDT,Sell,3500,0.13375,PlusTick,fb720027-4cd4-5daa-9543-44f8be1ff9c5,4.68125e+10,3500,468.125
1658122706,ALPHAUSDT,Sell,3500,0.13365,MinusTick,0acc3956-18d9-5053-a0d4-89cb717a96eb,4.67775e+10,3500,467.775
1658122786,ALPHAUSDT,Buy,4784,0.13395,PlusTick,84b3fad9-8880-5eb4-b470-14299cb2fb89,6.408168000000001e+10,4784,640.8168000000001
1658122786,ALPHAUSDT,Buy,4592,0.13400,PlusTick,1315d4b2-928c-5d72-bddb-2327b1d194a6,6.153280000000001e+10,4592,615.3280000000001
1658122786,ALPHAUSDT,Buy,5394,0.13400,ZeroMinusTick,03a6a0b9-d6bb-5ca3-b8dd-a92b3a20b96b,7.22796e+10,5394,722.796
1658122786,ALPHAUSDT,Sell,12,0.13385,MinusTick,4bda8e0e-1369-5051-801f-3e22f6271446,1.6061999999999997e+08,12,1.6061999999999999
1658122786,ALPHAUSDT,Buy,5156,0.13400,PlusTick,5c3c9dab-a924-51f4-9c7e-960ca018b94b,6.90904e+10,5156,690.904
1658122786,ALPHAUSDT,Buy,60,0.13400,ZeroMinusTick,292dd5dd-39bb-5128-a9b4-e352587a682c,8.040000000000001e+08,60,8.040000000000001
1658122786,ALPHAUSDT,Buy,3499,0.13400,ZeroMinusTick,720b2af9-01a5-58ae-a9e5-b1f9813a8345,4.688660000000001e+10,3499,468.86600000000004
1658122786,ALPHAUSDT,Buy,3272,0.13400,ZeroMinusTick,022f03f8-2779-5db8-938a-a20861e2ac57,4.38448e+10,3272,438.44800000000004
1658122786,ALPHAUSDT,Buy,5552,0.13400,ZeroMinusTick,774eede8-8c11-5a7e-aa6e-d23d265e8b7e,7.43968e+10,5552,743.9680000000001
1658122786,ALPHAUSDT,Buy,3500,0.13400,ZeroMinusTick,b9297f99-3059-5477-85e5-1c3ed8124d0f,4.69e+10,3500,469
1658122786,ALPHAUSDT,Buy,2935,0.13400,ZeroMinusTick,bba91606-1336-5ebc-a879-f5e424f0c224,3.9329e+10,2935,393.29
1658122786,ALPHAUSDT,Buy,6364,0.13400,ZeroMinusTick,243fad95-5338-5ffe-9906-448ddd88c647,8.52776e+10,6364,852.7760000000001
