timestamp,symbol,side,size,price,tickDirection,trdMatchID,grossValue,homeNotional,foreignNotional
1658275210,ALPHAUSDT,Sell,105,0.14280,MinusTick,33ab6aff-b801-5653-b4d4-44026b3fff08,1.4994000000000002e+09,105,14.994000000000002
1658275262,ALPHAUSDT,Sell,701,0.14290,PlusTick,83c332a4-cb5d-529f-a9ca-ce2e79adf4c8,1.001729e+10,701,100.1729
1658275309,ALPHAUSDT,Sell,701,0.14250,MinusTick,1efd32d7-e4b5-5c4a-b0b1-2b2cae504dea,9.98925e+09,701,99.8925
1658275312,ALPHAUSDT,Buy,1,0.14240,MinusTick,79aea1b3-0c6f-5877-b99c-8e5f1db572a3,1.424e+07,1,0.1424
1658275330,ALPHAUSDT,Sell,701,0.14230,MinusTick,765eefde-917f-5b02-83e9-b10d5c7766ea,9.97523e+09,701,99.7523
1658275395,ALPHAUSDT,Buy,12300,0.14270,PlusTick,f8a3f6d2-5eda-5ac8-9b37-e90a2fa8a0b5,1.7552099999999997e+11,12300,1755.2099999999998
1658275417,ALPHAUSDT,Sell,701,0.14250,MinusTick,28ad95d1-421b-5d16-b7db-96be977a7dbb,9.98925e+09,701,99.8925
1658275444,ALPHAUSDT,Buy,9556,0.14260,PlusTick,6a4657f7-7792-59e8-a86f-a638d9ecb18f,1.3626856e+11,9556,1362.6856
1658275512,ALPHAUSDT,Buy,1,0.14240,MinusTick,7ec5e252-e9ca-5aa2-aca0-567ad208679e,1.424e+07,1,0.1424
1658275605,ALPHAUSDT,Buy,3500,0.14230,MinusTick,ddb6bb03-e2b4-5b6e-97c4-2002226b181d,4.9805e+10,3500,498.05
1658275607,ALPHAUSDT,Buy,701,0.14240,PlusTick,001f4262-f5e8-5551-afa8-372cd0c199e3,9.98224e+09,701,99.8224
1658275712,ALPHAUSDT,Buy,8,0.14245,PlusTick,2b13abad-bd40-5a5b-84d0-4101dcc62398,1.1396e+08,8,1.1396
1658275776,ALPHAUSDT,Sell,3500,0.14245,ZeroMinusTick,ed843dfd-2d81-5e8d-9fd6-22da8ab15121,4.98575e+10,3500,498.575
1658275776,ALPHAUSDT,Sell,4784,0.14245,ZeroMinusTick,c1671464-299b-5c6a-8ce2-44973c0532b2,6.814807999999999e+10,4784,681.4807999999999
1658275786,ALPHAUSDT,Sell,3500,0.14245,ZeroMinusTick,855f87e4-a0d3-5176-8f12-bbaaeddf0263,4.98575e+10,3500,498.575
1658275872,ALPHAUSDT,Buy,1,0.14230,MinusTick,74186119-c662-59cb-924c-5b9168dd1976,1.4230000000000002e+07,1,0.1423
1658275879,ALPHAUSDT,Sell,3500,0.14215,MinusTick,19862d4b-16dd-573a-9b80-42400a2ed224,4.97525e+10,3500,497.525
1658275879,ALPHAUSDT,Sell,9451,0.14210,MinusTick,46743473-e204-5f70-977f-e4f67ba4b68e,1.3429871e+11,9451,1342.9871
1658275879,ALPHAUSDT,Sell,1994,0.14210,ZeroMinusTick,eef1c0bd-b59c-5d55-996c-a4b4055432e0,2.833474e+10,1994,283.3474
1658275879,ALPHAUSDT,Sell,2996,0.14210,ZeroMinusTick,5593345b-3c9b-512e-980f-d62953546b43,4.257316e+10,2996,425.7316
1658275879,ALPHAUSDT,Sell,2727,0.14210,ZeroMinusTick,3540400c-5443-5c2c-8f95-675e3d5135bf,3.875067e+10,2727,387.5067
1658275966,ALPHAUSDT,Buy,701,0.14130,MinusTick,f83fd3f8-0d27-51d8-ba86-7227276b9bef,9.905130000000002e+09,701,99.05130000000001
1658275966,ALPHAUSDT,Sell,701,0.14130,ZeroMinusTick,230d11d2-a063-5fdd-9ffe-45792c5ca60c,9.905130000000002e+09,701,99.05130000000001
1658275966,ALPHAUSDT,Sell,1218,0.14125,MinusTick,dc301df4-022e-5193-9532-6c3f7cd2694a,1.720425e+10,1218,172.0425
1658276002,ALPHAUSDT,Buy,11,0.14135,PlusTick,88d2b56d-fe3f-55f9-b4b5-3808fd25ae86,1.55485e+08,11,1.55485
1658276027,ALPHAUSDT,Sell,12247,0.14105,MinusTick,06de004f-d2a3-572b-b4df-d8014d42d923,1.72743935e+11,12247,1727.43935
1658276027,ALPHAUSDT,Sell,3500,0.14105,ZeroMinusTick,a46775a8-2c7a-599b-a255-de0199764115,4.93675e+10,3500,493.675
1658276031,ALPHAUSDT,Sell,3500,0.14105,ZeroMinusTick,04693e3c-34e4-563a-90aa-6109fd8a5dff,4.93675e+10,3500,493.675
1658276041,ALPHAUSDT,Buy,12091,0.14115,PlusTick,2434c539-b128-5cc3-ba48-db0ef33f6277,1.70664465e+11,12091,1706.64465
1658276115,ALPHAUSDT,Buy,11,0.14095,MinusTick,b7b986dd-a284-5a5f-9ccf-08d263f5aee0,1.55045e+08,11,1.5504499999999999
1658276158,ALPHAUSDT,Sell,3500,0.14095,ZeroMinusTick,de04bd85-a88d-5c01-b100-ba273c39ae08,4.93325e+10,3500,493.325
1658276159,ALPHAUSDT,Sell,701,0.14080,MinusTick,34e462ea-aee5-551d-8741-e8b2de4887a3,9.87008e+09,701,98.7008
1658276162,ALPHAUSDT,Sell,100,0.14055,MinusTick,72fc19ca-5c3f-5e6b-ac43-ad19f5892951,1.4055000000000002e+09,100,14.055000000000001
1658276176,ALPHAUSDT,Sell,3500,0.14065,PlusTick,9fe43a4b-2b53-5352-bc26-40ccbff4b868,4.92275e+10,3500,492.275
1658276176,ALPHAUSDT,Sell,3266,0.14065,ZeroMinusTick,535cd349-67e5-5b1a-9b9e-8a93b64aed30,4.593629e+10,3266,459.36289999999997
1658276248,ALPHAUSDT,Sell,3500,0.14085,PlusTick,7e6e8667-6c57-544c-9f5f-25f540ede275,4.92975e+10,3500,492.975
1658276258,ALPHAUSDT,Sell,3500,0.14075,MinusTick,a1d6c3d1-7467-5b47-b2b1-5fda9e9ee04c,4.926249999999999e+10,3500,492.62499999999994
1658276276,ALPHAUSDT,Sell,700,0.14065,MinusTick,ee244411-2a18-5f85-bb12-8fc5ccbee6c9,9.8455e+09,700,98.455
1658276312,ALPHAUSDT,Buy,16,0.14095,PlusTick,6635069f-b44e-54b3-ace1-bf0c1d8384e6,2.2552e+08,16,2.2552
1658276337,ALPHAUSDT,Sell,5679,0.14065,MinusTick,56fb5120-d437-5c3f-814b-4ed71b33ea1c,7.9875135e+10,5679,798.75135
1658276355,ALPHAUSDT,Sell,3500,0.14095,PlusTick,345abee2-fb3a-5f93-873b-af72f3848a09,4.93325e+10,3500,493.325
1658276386,ALPHAUSDT,Sell,3500,0.14085,MinusTick,228eb2bc-ab5e-5445-9959-7bd662d76125,4.92975e+10,3500,492.975
1658276472,ALPHAUSDT,Sell,3500,0.14075,MinusTick,ee1d3a8f-2efa-535a-a6e1-954a0bbf556e,4.926249999999999e+10,3500,492.62499999999994
1658276512,ALPHAUSDT,Buy,100,0.14070,MinusTick,43811d75-9705-5d54-a2c5-c184a90b6139,1.4069999999999998e+09,100,14.069999999999999
1658276542,ALPHAUSDT,Sell,1,0.14045,MinusTick,65b1902a-5b2a-5999-9dd3-88ac7c3807f9,1.4045e+07,1,0.14045
1658276646,ALPHAUSDT,Sell,3500,0.14065,PlusTick,163c734d-9eec-5064-a9de-4bce7f83d7f3,4.92275e+10,3500,492.275
1658276688,ALPHAUSDT,Buy,11426,0.14100,PlusTick,8490d6ff-e1f4-5921-9737-f75f26c67f6d,1.6110659999999997e+11,11426,1611.0659999999998
1658276688,ALPHAUSDT,Buy,701,0.14110,PlusTick,dd647ac0-eb66-59c8-8992-2ad9455ca5f9,9.89111e+09,701,98.9111
1658276688,ALPHAUSDT,Buy,11336,0.14110,ZeroMinusTick,3701dd8e-0564-57c3-b15a-4f37f5b9a9bb,1.5995096e+11,11336,1599.5096
1658276688,ALPHAUSDT,Buy,3500,0.14110,ZeroMinusTick,05c9e5f8-a8da-505d-ac5a-577caa4e415a,4.9385e+10,3500,493.85
1658276697,ALPHAUSDT,Sell,3500,0.14115,PlusTick,29066c5a-80fe-5a13-9d90-ecae83bb980f,4.94025e+10,3500,494.025
1658276752,ALPHAUSDT,Buy,100,0.14130,PlusTick,4f5ea150-f31e-5745-a10c-c7e27e92e6bf,1.413e+09,100,14.13
1658276812,ALPHAUSDT,Sell,1,0.14095,MinusTick,97c8af44-cfec-5dfd-a9ad-556bac1be6ae,1.4095e+07,1,0.14095
1658276849,ALPHAUSDT,Sell,3500,0.14115,PlusTick,1cc4ac64-e56b-50b7-bd36-e8e81f541bfd,4.94025e+10,3500,494.025
1658276852,ALPHAUSDT,Sell,100,0.14115,ZeroMinusTick,e55402aa-5ed1-5ab7-bbf9-bb2b3346e4a6,1.4115e+09,100,14.115
1658276857,ALPHAUSDT,Buy,701,0.14140,PlusTick,6b7672bc-a64c-5aef-bc9d-c18710bd55db,9.91214e+09,701,99.1214
1658276868,ALPHAUSDT,Sell,3500,0.14155,PlusTick,7764dc95-e77e-53ea-bc6f-d4849255fe2a,4.95425e+10,3500,495.425
1658276879,ALPHAUSDT,Sell,3500,0.14145,MinusTick,eb9cf026-7ad7-5385-9b1d-47fbd9148919,4.95075e+10,3500,495.075
1658276982,ALPHAUSDT,Buy,1,0.14140,MinusTick,c67f454b-128f-524a-ac80-8de902732db8,1.414e+07,1,0.1414
1658277038,ALPHAUSDT,Sell,3500,0.14155,PlusTick,ab8b3920-e91e-5322-8aaf-ef8f2ba15d44,4.95425e+10,3500,495.425
1658277039,ALPHAUSDT,Sell,3500,0.14155,ZeroMinusTick,3bf54b4d-8b37-50f7-bc6a-d573b12c6701,4.95425e+10,3500,495.425
1658277044,ALPHAUSDT,Sell,712,0.14145,MinusTick,5422647f-fc92-506a-9075-38441736397b,1.0071239999999998e+10,712,100.71239999999999
1658277078,ALPHAUSDT,Buy,701,0.14150,PlusTick,1f90dc4d-e670-52e6-8266-e405e0d5a589,9.91915e+09,701,99.19149999999999
1658277102,ALPHAUSDT,Sell,1,0.14145,MinusTick,6c658140-7edc-556d-8ae5-b1b84c924066,1.4145e+07,1,0.14145
1658277212,ALPHAUSDT,Buy,18,0.14135,MinusTick,17bc0d3a-c391-5767-85aa-9d7a2c450722,2.5443000000000003e+08,18,2.5443000000000002
1658277265,ALPHAUSDT,Buy,3500,0.14100,MinusTick,3bd77546-4855-5827-9005-1ee79cdad012,4.934999999999999e+10,3500,493.49999999999994
1658277265,ALPHAUSDT,Buy,5316,0.14105,PlusTick,221d45ef-1cd5-503a-baf8-9dfbf3de628d,7.498218e+10,5316,749.8218
1658277265,ALPHAUSDT,Buy,1437,0.14110,PlusTick,3b803176-e2b3-58e9-bc99-0ea4bb7b8e14,2.027607e+10,1437,202.7607
1658277337,ALPHAUSDT,Sell,3500,0.14115,PlusTick,abf5d1c3-0ee5-5388-8159-7b5957d69df3,4.94025e+10,3500,494.025
1658277392,ALPHAUSDT,Buy,19,0.14105,MinusTick,0c750f01-57e7-5f3b-a158-472d1d4be8bd,2.6799500000000003e+08,19,2.6799500000000003
1658277502,ALPHAUSDT,Sell,1,0.14085,MinusTick,1d5d8e54-8fa2-59d7-92fa-637c7e431e92,1.4085e+07,1,0.14085
1658277512,ALPHAUSDT,Sell,3499,0.14085,ZeroMinusTick,6dda2de6-35d4-522e-af8b-8ffbafbf9d5f,4.9283415e+10,3499,492.83415
1658277582,ALPHAUSDT,Buy,100,0.14080,MinusTick,1e5fc1ea-6556-5b73-9285-c64a2bc6563d,1.408e+09,100,14.08
1658277617,ALPHAUSDT,Sell,3500,0.14055,MinusTick,dadf4c31-06be-5835-a812-204de41c38f1,4.91925e+10,3500,491.925
1658277622,ALPHAUSDT,Sell,4111,0.14035,MinusTick,1f43d616-b88c-562d-a25b-928487c34152,5.7697885e+10,4111,576.97885
1658277622,ALPHAUSDT,Sell,2282,0.14035,ZeroMinusTick,f7fd2fcb-e53e-53f6-97e0-e2393a283535,3.202787e+10,2282,320.2787
1658277622,ALPHAUSDT,Sell,811,0.14035,ZeroMinusTick,df9c33ff-6018-5959-a21a-6ee5805f2181,1.1382385e+10,811,113.82385000000001
1658277645,ALPHAUSDT,Sell,651,0.14010,MinusTick,cac4764c-f3c1-5c78-bccd-028c8fdb563a,9.12051e+09,651,91.2051
1658277645,ALPHAUSDT,Sell,8000,0.14010,ZeroMinusTick,d11daba6-a0f4-57dc-8c85-fc789b3087b2,1.1208e+11,8000,1120.8
1658277645,ALPHAUSDT,Sell,651,0.14010,ZeroMinusTick,55f14115-4e6e-5f5f-ac27-685c46a6acaa,9.12051e+09,651,91.2051
1658277645,ALPHAUSDT,Sell,651,0.14010,ZeroMinusTick,7d2992a0-57c6-58c6-967a-f3c2915c230a,9.12051e+09,651,91.2051
1658277645,ALPHAUSDT,Sell,2524,0.14010,ZeroMinusTick,a0a9587d-9133-5681-af44-b66a24bd192d,3.536124e+10,2524,353.6124
1658277645,ALPHAUSDT,Sell,329,0.14010,ZeroMinusTick,693d9995-c0fb-5cde-9bda-b85cadcc7819,4.60929e+09,329,46.0929
1658277645,ALPHAUSDT,Sell,6085,0.14010,ZeroMinusTick,7af2c7ed-c11c-5638-be8c-d354d3b0f978,8.525085e+10,6085,852.5085
1658277645,ALPHAUSDT,Sell,2284,0.14010,ZeroMinusTick,2c3e2570-525f-54d1-9fe3-62e269b1a7b6,3.199884e+10,2284,319.9884
1658277649,ALPHAUSDT,Buy,5712,0.14015,PlusTick,5a17153f-dd5f-5655-99a7-6ac12d947b8e,8.005368e+10,5712,800.5368
1658277649,ALPHAUSDT,Buy,701,0.14020,PlusTick,baed838d-6808-510f-bd60-589ab294dc56,9.82802e+09,701,98.2802
1658277649,ALPHAUSDT,Buy,3566,0.14020,ZeroMinusTick,36038a0d-6efc-5f30-85bc-cf0eb9e0d81b,4.999532e+10,3566,499.9532
1658277649,ALPHAUSDT,Buy,7901,0.14020,ZeroMinusTick,5a6adc73-f5b5-5c73-8966-ab8cc6c7179b,1.1077202e+11,7901,1107.7202
1658277662,ALPHAUSDT,Sell,1,0.14015,MinusTick,9c1ee640-f65c-581c-8c21-134c23b63123,1.4015e+07,1,0.14015
1658277667,ALPHAUSDT,Sell,1008,0.14010,MinusTick,c9f75e6b-7e44-5589-8265-121d0b016685,1.412208e+10,1008,141.2208
1658277669,ALPHAUSDT,Sell,23,0.14000,MinusTick,1ce3131f-0268-531e-8958-078133fb868a,3.22e+08,23,3.22
1658277673,ALPHAUSDT,Sell,46,0.13985,MinusTick,b1eda3b1-e3ca-5900-91d8-a9f7752d4ae7,6.4331e+08,46,6.4331000000000005
1658277673,ALPHAUSDT,Sell,1244,0.13985,ZeroMinusTick,d45c3197-0dc8-5470-a5ab-daa67710d878,1.739734e+10,1244,173.9734
1658277673,ALPHAUSDT,Sell,1607,0.13985,ZeroMinusTick,dceaf150-fd82-5a4e-a757-272e48f1502b,2.2473895e+10,1607,224.73895000000002
1658277677,ALPHAUSDT,Buy,701,0.14000,PlusTick,5cd4abda-9558-5b17-b6fc-63cc97e84340,9.814000000000002e+09,701,98.14000000000001
1658277712,ALPHAUSDT,Sell,100,0.14025,PlusTick,de63b309-b1a9-5530-bd89-c388df0879d9,1.4025000000000002e+09,100,14.025000000000002
1658277782,ALPHAUSDT,Buy,100,0.14050,PlusTick,c8e49166-76f6-5f25-8539-912ba82713b2,1.405e+09,100,14.05
1658277863,ALPHAUSDT,Sell,3500,0.14045,MinusTick,1c1852e8-a094-5247-aa22-2dbcdfc1fedd,4.91575e+10,3500,491.575
1658277883,ALPHAUSDT,Sell,2502,0.14005,MinusTick,7523206e-be36-536b-bbd0-96282115a3ec,3.504051e+10,2502,350.4051
1658277883,ALPHAUSDT,Sell,998,0.14005,ZeroMinusTick,1ff5f50f-1607-53f5-8550-c8daf7d9f22a,1.397699e+10,998,139.7699
1658277887,ALPHAUSDT,Buy,3500,0.14010,PlusTick,6639ab78-3779-5dfd-b4f7-1911ef800fea,4.9035e+10,3500,490.35
1658277892,ALPHAUSDT,Sell,100,0.14005,MinusTick,917cfbcd-077e-53b3-abf2-47df878ca353,1.4005e+09,100,14.005
1658277902,ALPHAUSDT,Sell,3500,0.14015,PlusTick,1bfbca0a-df43-51f3-abc1-bed86a843dd9,4.90525e+10,3500,490.525
1658277971,ALPHAUSDT,Sell,3500,0.14065,PlusTick,0b259feb-bbb9-5c60-9b1c-7f41f9f1a389,4.92275e+10,3500,492.275
1658277999,ALPHAUSDT,Sell,711,0.14065,ZeroMinusTick,a4d08bee-0da8-5fe5-8d2e-ce9399d15867,1.0000215e+10,711,100.00215
1658278009,ALPHAUSDT,Buy,3500,0.14070,PlusTick,d8f52a54-4cb7-5bef-b3ae-ef84dcbfb463,4.9245e+10,3500,492.45
1658278009,ALPHAUSDT,Buy,711,0.14070,ZeroMinusTick,c1d2b376-4853-5411-ab5f-f38bd92a8622,1.000377e+10,711,100.0377
1658278022,ALPHAUSDT,Sell,100,0.14055,MinusTick,d1b9f8be-46e8-5406-a1d9-f7b32ac6515f,1.4055000000000002e+09,100,14.055000000000001
1658278108,ALPHAUSDT,Buy,3500,0.14070,PlusTick,d42d1c40-3a4a-5d31-b7d5-166079dc7cfe,4.9245e+10,3500,492.45
1658278212,ALPHAUSDT,Sell,3500,0.14075,PlusTick,4fd3c27d-4874-52a1-9b43-bc2bec00454e,4.926249999999999e+10,3500,492.62499999999994
1658278212,ALPHAUSDT,Sell,17,0.14065,MinusTick,da122046-fd81-561a-a649-01dc306e9eef,2.39105e+08,17,2.39105
1658278222,ALPHAUSDT,Sell,3500,0.14075,PlusTick,a05dbb0c-4fa6-5a4f-804d-1f1ce6fd4ae2,4.926249999999999e+10,3500,492.62499999999994
1658278352,ALPHAUSDT,Sell,1,0.14065,MinusTick,fb2bef95-ebcf-5400-aa2b-cbe7f9b62455,1.4065e+07,1,0.14065
1658278481,ALPHAUSDT,Buy,75,0.14020,MinusTick,d0c57fe8-a5d0-5406-9bce-89268e147f19,1.0514999999999999e+09,75,10.514999999999999
1658278482,ALPHAUSDT,Buy,9,0.14030,PlusTick,83f8b19d-5e99-51cb-8ceb-bcc30b0304f5,1.2627000000000001e+08,9,1.2627000000000002
1658278652,ALPHAUSDT,Sell,1,0.14015,MinusTick,c2208da5-20d5-5ab5-b545-7fd71fc0156a,1.4015e+07,1,0.14015
1658278672,ALPHAUSDT,Sell,713,0.14010,MinusTick,74e37806-4c85-515b-a41c-a9fa3b12139e,9.98913e+09,713,99.8913
1658278752,ALPHAUSDT,Buy,6000,0.14035,PlusTick,fa238017-0244-58ff-904c-52dc79cfcff9,8.421e+10,6000,842.1
1658278752,ALPHAUSDT,Buy,5144,0.14035,ZeroMinusTick,d51dfcca-cd88-51d2-b699-e17bacff0059,7.219604e+10,5144,721.9604
1658278786,ALPHAUSDT,Sell,3500,0.14055,PlusTick,e36e57f1-508c-591f-9f2d-96a0823651de,4.91925e+10,3500,491.925
1658278802,ALPHAUSDT,Sell,1,0.14055,ZeroMinusTick,0a32b9e0-eb0b-5797-9d59-bcc21bdc34fc,1.4055e+07,1,0.14055
1658278808,ALPHAUSDT,Sell,710,0.14030,MinusTick,3d4c690d-c7fd-566f-a5c0-42cbb72b1d11,9.9613e+09,710,99.613
1658278809,ALPHAUSDT,Sell,312,0.14040,PlusTick,094a0057-ccec-5f9f-9371-643fd6180d32,4.38048e+09,312,43.8048
1658278858,ALPHAUSDT,Buy,240,0.14055,PlusTick,98150b39-9e04-5fca-a600-729e13111ceb,3.3732e+09,240,33.732
1658278893,ALPHAUSDT,Sell,711,0.14050,MinusTick,8155ade6-7cac-50fe-a076-81283a651946,9.989550000000002e+09,711,99.89550000000001
1658278912,ALPHAUSDT,Buy,1,0.14060,PlusTick,b77453aa-e191-520f-ac8f-de0d7cac13f5,1.406e+07,1,0.1406
1658278932,ALPHAUSDT,Buy,1,0.14060,ZeroMinusTick,b692e3d1-5a9e-5e90-8c30-63f828dde58e,1.406e+07,1,0.1406
1658278992,ALPHAUSDT,Buy,2000,0.14050,MinusTick,ae928800-52ed-5f44-88e6-ae39e0f03389,2.81e+10,2000,281
1658279002,ALPHAUSDT,Sell,7,0.14040,MinusTick,c53ab812-bc63-5730-8690-7f742fbe58fc,9.828e+07,7,0.9828
1658279142,ALPHAUSDT,Buy,710,0.14070,PlusTick,90fdd1d4-ffa9-521f-9948-69caed972080,9.9897e+09,710,99.89699999999999
1658279163,ALPHAUSDT,Sell,6,0.14070,ZeroMinusTick,c3aa7eea-4140-5e93-b7c7-7d024a39d0a5,8.442e+07,6,0.8442
1658279225,ALPHAUSDT,Sell,712,0.14040,MinusTick,63445e49-77c7-5627-88fc-07f431b80ca0,9.99648e+09,712,99.9648
1658279225,ALPHAUSDT,Sell,12171,0.14035,MinusTick,17f0edf5-0601-5812-a9f8-783ce2e2dc6b,1.70819985e+11,12171,1708.19985
1658279225,ALPHAUSDT,Sell,3500,0.14035,ZeroMinusTick,011fe363-1612-598e-84ef-c3c7ebdb5dd8,4.91225e+10,3500,491.225
1658279225,ALPHAUSDT,Sell,3441,0.14035,ZeroMinusTick,de1dc822-cf50-5ba4-a7a4-bab9219eb1d8,4.8294435e+10,3441,482.94435
1658279226,ALPHAUSDT,Sell,710,0.14030,MinusTick,bd68d7e3-1268-5e21-bdc4-a9fedde4680a,9.9613e+09,710,99.613
1658279322,ALPHAUSDT,Buy,100,0.14020,MinusTick,5d99540e-8eb7-5f50-b878-905db599e9ea,1.402e+09,100,14.02
1658279333,ALPHAUSDT,Sell,713,0.14015,MinusTick,223c7f18-27da-517d-8591-1b3e3d231125,9.992695e+09,713,99.92694999999999
1658279413,ALPHAUSDT,Sell,764,0.14015,ZeroMinusTick,6b3243b3-e531-56f2-a6b5-cf44d212be67,1.070746e+10,764,107.0746
1658279446,ALPHAUSDT,Sell,3500,0.14025,PlusTick,aeced95e-9d35-5c30-992b-1708f6dfb4a4,4.908750000000001e+10,3500,490.87500000000006
1658279502,ALPHAUSDT,Buy,16,0.14030,PlusTick,535b5a8b-725f-505e-b5bd-1dbdbde52d9c,2.2448e+08,16,2.2448
1658279662,ALPHAUSDT,Sell,1,0.14025,MinusTick,b61052ba-1dbd-5197-8762-0f0c62188f44,1.4025000000000002e+07,1,0.14025
1658279709,ALPHAUSDT,Buy,273,0.14070,PlusTick,5789f231-bfca-519b-b465-edb9e7c25569,3.8411099999999995e+09,273,38.4111
1658279792,ALPHAUSDT,Buy,1,0.14090,PlusTick,339facc7-3846-5f74-b5b6-cd3459a773bc,1.409e+07,1,0.1409
1658279795,ALPHAUSDT,Buy,3499,0.14090,ZeroMinusTick,d011e6de-67fe-5515-aafd-4b9edf413fd6,4.930091e+10,3499,493.0091
1658279842,ALPHAUSDT,Buy,1,0.14140,PlusTick,14b04aa0-5327-527e-b110-3bbd929bdc60,1.414e+07,1,0.1414
1658279927,ALPHAUSDT,Sell,3537,0.14135,MinusTick,e5d58361-bc83-5055-ba64-24a51058a7cd,4.9995495e+10,3537,499.95495
1658279927,ALPHAUSDT,Sell,3500,0.14135,ZeroMinusTick,ad4ec25e-9a89-5520-addd-2b7d1cb150cf,4.94725e+10,3500,494.725
1658279941,ALPHAUSDT,Sell,3500,0.14125,MinusTick,e1c743b2-bd19-5254-a973-2a3d17fe57d4,4.943749999999999e+10,3500,494.37499999999994
1658279970,ALPHAUSDT,Buy,710,0.14140,PlusTick,f105caa5-afc1-5b70-a539-9557117abd8b,1.00394e+10,710,100.394
1658279982,ALPHAUSDT,Buy,1,0.14150,PlusTick,b4e50211-4f29-57c2-a94c-f037b6128881,1.4149999999999998e+07,1,0.1415
1658280001,ALPHAUSDT,Sell,3500,0.14145,MinusTick,fcab1bfa-5f5c-537c-a59e-80d9c38972c7,4.95075e+10,3500,495.075
1658280115,ALPHAUSDT,Buy,710,0.14150,PlusTick,e7be3003-1b69-5ab4-a39d-0bbd601ec388,1.0046499999999998e+10,710,100.46499999999999
1658280115,ALPHAUSDT,Buy,710,0.14160,PlusTick,ad2ee26a-f61c-5503-b7b6-07bd72d42484,1.00536e+10,710,100.536
1658280115,ALPHAUSDT,Buy,8699,0.14160,ZeroMinusTick,4060b02d-8ab3-5dc2-a1d3-35ee5d91e241,1.2317783999999998e+11,8699,1231.7784
1658280115,ALPHAUSDT,Buy,710,0.14170,PlusTick,5a2d0fb2-c646-5a91-b285-4b52b44c95f1,1.00607e+10,710,100.607
1658280119,ALPHAUSDT,Sell,3500,0.14175,PlusTick,2108f623-04eb-54e4-895f-cf770240344d,4.961249999999999e+10,3500,496.12499999999994
1658280145,ALPHAUSDT,Sell,9556,0.14155,MinusTick,ce1d4179-a67d-57fa-97b5-a390c8d84338,1.3526518000000002e+11,9556,1352.6518
1658280166,ALPHAUSDT,Buy,3500,0.14150,MinusTick,13d7d807-1317-535a-8ca5-6afa80c8f1cd,4.952499999999999e+10,3500,495.24999999999994
1658280166,ALPHAUSDT,Buy,710,0.14150,ZeroMinusTick,945689a3-a729-5818-9d50-261ebf9334da,1.0046499999999998e+10,710,100.46499999999999
1658280167,ALPHAUSDT,Buy,3500,0.14160,PlusTick,0a15e56b-d01a-579c-bbea-d8421cd84df0,4.956e+10,3500,495.6
1658280172,ALPHAUSDT,Buy,14,0.14165,PlusTick,4e313f4c-a41f-5210-b9ee-b70cf5a910a0,1.9831e+08,14,1.9830999999999999
1658280180,ALPHAUSDT,Sell,3500,0.14155,MinusTick,eb9e7b7e-e9d6-5464-b3c5-bbf1877ad0b8,4.95425e+10,3500,495.425
1658280217,ALPHAUSDT,Sell,3500,0.14165,PlusTick,c31485af-2319-50b8-8e2d-b6ef5451c246,4.95775e+10,3500,495.775
1658280273,ALPHAUSDT,Buy,4784,0.14185,PlusTick,15db7f20-7179-5c77-adf2-24f5bd4fc65f,6.786104e+10,4784,678.6104
1658280273,ALPHAUSDT,Buy,364,0.14185,ZeroMinusTick,a7e8ecb6-408f-5715-95e8-8915349d0318,5.16334e+09,364,51.6334
1658280273,ALPHAUSDT,Buy,3500,0.14190,PlusTick,97cb0a13-c077-5b77-8a07-a30ced108243,4.9665e+10,3500,496.65
1658280301,ALPHAUSDT,Sell,3500,0.14185,MinusTick,41147443-5f0d-5dbb-b360-400b489a7413,4.96475e+10,3500,496.475
1658280342,ALPHAUSDT,Sell,100,0.14185,ZeroMinusTick,dfe8b7f1-b4b0-57c6-b851-fa4e58dfc050,1.4185e+09,100,14.185
1658280375,ALPHAUSDT,Buy,710,0.14220,PlusTick,7ff3e1c1-77f3-57c8-ae6f-3fc85afa164a,1.0096199999999998e+10,710,100.96199999999999
1658280402,ALPHAUSDT,Sell,14,0.14200,MinusTick,718176ae-f72b-535e-84b1-4e91410860a4,1.9879999999999997e+08,14,1.9879999999999998
1658280411,ALPHAUSDT,Buy,1143,0.14225,PlusTick,cdeb2136-5f65-56b3-bed2-07468b536609,1.6259174999999998e+10,1143,162.59175
1658280411,ALPHAUSDT,Buy,2044,0.14225,ZeroMinusTick,d4848bf4-6a91-5112-86cb-58f5584935b4,2.9075899999999996e+10,2044,290.75899999999996
1658280411,ALPHAUSDT,Buy,598,0.14225,ZeroMinusTick,22cfe287-7c4f-53ca-bb3b-9d807aafcba5,8.506549999999999e+09,598,85.06549999999999
1658280442,ALPHAUSDT,Sell,1162,0.14225,ZeroMinusTick,2ba81e41-6c3f-5569-adee-16d373889550,1.652945e+10,1162,165.2945
1658280442,ALPHAUSDT,Sell,2338,0.14225,ZeroMinusTick,31a5adae-3269-508a-b6ee-c9e9c6a487ff,3.3258049999999996e+10,2338,332.5805
1658280477,ALPHAUSDT,Buy,3500,0.14210,MinusTick,fda573fe-0372-52a3-b3fe-02e82a47e287,4.9735e+10,3500,497.35
1658280477,ALPHAUSDT,Buy,1354,0.14210,ZeroMinusTick,6e35e60b-f0b2-508d-8c24-8861ed803091,1.924034e+10,1354,192.4034
1658280477,ALPHAUSDT,Buy,2251,0.14210,ZeroMinusTick,4333047a-d9be-5d9d-8796-a13ada37e2c6,3.198671e+10,2251,319.8671
1658280533,ALPHAUSDT,Buy,403,0.14205,MinusTick,2633c863-8ec7-5e2d-b9b5-9f2e11252d3f,5.724615000000001e+09,403,57.24615000000001
1658280533,ALPHAUSDT,Buy,393,0.14205,ZeroMinusTick,dd904417-2656-50c6-b8b8-ed48abd39237,5.582565e+09,393,55.82565
1658280533,ALPHAUSDT,Buy,384,0.14205,ZeroMinusTick,f31788c6-fce6-51b3-8e99-50a24b465bbe,5.45472e+09,384,54.547200000000004
1658280533,ALPHAUSDT,Buy,717,0.14205,ZeroMinusTick,033ba157-bac9-5e5a-a5ed-f241af0633d8,1.0184985e+10,717,101.84985
1658280552,ALPHAUSDT,Buy,1,0.14210,PlusTick,7c4aa58a-588c-5369-b2e0-8428b95e59cf,1.421e+07,1,0.1421
1658280613,ALPHAUSDT,Buy,15,0.14215,PlusTick,988b952b-c000-5723-8c4d-992a6808a9e5,2.13225e+08,15,2.13225
1658280613,ALPHAUSDT,Buy,3500,0.14220,PlusTick,0457101d-5e2a-5a99-8dc3-0243ba2e4e88,4.977e+10,3500,497.7
1658280649,ALPHAUSDT,Sell,703,0.14220,ZeroMinusTick,64b7c66b-6c5e-5c4a-9dc6-81c053450c3d,9.99666e+09,703,99.9666
1658280692,ALPHAUSDT,Buy,2,0.14220,ZeroMinusTick,04f8b592-2174-5840-8a21-b8fc9bd547e2,2.844e+07,2,0.2844
1658280780,ALPHAUSDT,Buy,637,0.14200,MinusTick,141178c9-ba62-57d5-9c70-6183e5cdb21c,9.0454e+09,637,90.454
1658280780,ALPHAUSDT,Buy,1779,0.14205,PlusTick,161935a5-27e8-50ef-92b5-a58d8372da0f,2.5270695e+10,1779,252.70695
1658280780,ALPHAUSDT,Buy,3441,0.14205,ZeroMinusTick,1eab265a-69de-5650-a6e5-0e75304179d9,4.8879405e+10,3441,488.79405
1658280830,ALPHAUSDT,Buy,710,0.14230,PlusTick,fb1b4117-975a-573b-be4d-47b8d1e725d4,1.01033e+10,710,101.033
1658280885,ALPHAUSDT,Buy,3500,0.14220,MinusTick,d0ffec12-ecae-5529-b6f0-8dd00551b9bc,4.977e+10,3500,497.7
1658280962,ALPHAUSDT,Buy,1,0.14240,PlusTick,0f5dbe62-8bb9-567d-aa04-7541e3713afd,1.424e+07,1,0.1424
1658281097,ALPHAUSDT,Buy,710,0.14270,PlusTick,9d574e04-75e0-500f-89c2-e3e4c24fbccb,1.01317e+10,710,101.317
1658281132,ALPHAUSDT,Buy,3,0.14285,PlusTick,e08c29ce-267c-51d7-bd67-24bcdd876946,4.2855e+07,3,0.42855
1658281222,ALPHAUSDT,Sell,100,0.14265,MinusTick,5eb7eb8f-892d-570a-912d-a7168c4ee598,1.4265e+09,100,14.265
1658281242,ALPHAUSDT,Sell,100,0.14265,ZeroMinusTick,db1dde5e-ec6a-58fc-bef8-b6aad5346ab3,1.4265e+09,100,14.265
1658281318,ALPHAUSDT,Sell,3500,0.14285,PlusTick,9d775d1a-aff9-520e-9691-ae6171c0e8ec,4.99975e+10,3500,499.975
1658281332,ALPHAUSDT,Sell,17,0.14270,MinusTick,af20046e-4c3c-5e82-b12c-1369a7d9881b,2.4259e+08,17,2.4259
1658281432,ALPHAUSDT,Sell,1,0.14285,PlusTick,ab17f087-93d9-5de3-8d70-d7b4fe0af511,1.4285e+07,1,0.14285
1658281457,ALPHAUSDT,Buy,710,0.14320,PlusTick,4236564f-04ae-57e0-ac4b-50a912e25a6c,1.01672e+10,710,101.672
1658281476,ALPHAUSDT,Sell,3500,0.14335,PlusTick,265706b2-2509-59b5-bc01-904dcdd872f2,5.01725e+10,3500,501.725
1658281565,ALPHAUSDT,Buy,2622,0.14360,PlusTick,aa1ddf3a-7888-58d5-99dc-7a74dc255ba0,3.765192e+10,2622,376.5192
1658281565,ALPHAUSDT,Buy,1244,0.14360,ZeroMinusTick,88e07a13-e30e-5bd4-9563-d495a2875214,1.786384e+10,1244,178.63840000000002
1658281565,ALPHAUSDT,Buy,662,0.14360,ZeroMinusTick,c115cdf9-12b8-5ef9-94c1-63bb7d8d4b1f,9.50632e+09,662,95.06320000000001
1658281565,ALPHAUSDT,Buy,435,0.14360,ZeroMinusTick,d7c7868a-31f5-5270-ba62-a3fde8ee032b,6.2466e+09,435,62.466
1658281607,ALPHAUSDT,Buy,3500,0.14370,PlusTick,6423d3e9-16ff-5621-b47b-122d945ed564,5.0295e+10,3500,502.95
1658281608,ALPHAUSDT,Buy,3500,0.14380,PlusTick,27eb91b0-7c76-5375-a8ad-f0702dc34263,5.033e+10,3500,503.3
1658281662,ALPHAUSDT,Sell,12,0.14375,MinusTick,23f10162-54b0-5457-b611-e8cc80f994eb,1.725e+08,12,1.7249999999999999
1658281680,ALPHAUSDT,Buy,3500,0.14380,PlusTick,a61ac68c-7804-572f-ba59-c386b8ece960,5.033e+10,3500,503.3
1658281732,ALPHAUSDT,Buy,3500,0.14390,PlusTick,83f95eb9-e0c6-5386-b429-9b24090d1d6d,5.0365e+10,3500,503.65
1658281732,ALPHAUSDT,Buy,6302,0.14400,PlusTick,6afb62bd-920a-5d42-97d1-16330ad832d3,9.07488e+10,6302,907.4879999999999
1658281752,ALPHAUSDT,Sell,13,0.14375,MinusTick,257d8aa0-540a-505f-ac97-ef5d85fbbe88,1.86875e+08,13,1.86875
1658281801,ALPHAUSDT,Buy,710,0.14400,PlusTick,7d4698f4-e0ab-56c0-bdaa-28f94c12e3f3,1.0224e+10,710,102.24
1658281842,ALPHAUSDT,Buy,1,0.14400,ZeroMinusTick,ae92b4f0-5d4a-5e6d-a4d5-1e61b9d56d01,1.4399999999999998e+07,1,0.144
1658281881,ALPHAUSDT,Buy,11651,0.14410,PlusTick,c6cf884a-d52d-5a82-8905-92d3257580fa,1.6789091e+11,11651,1678.9091
1658281932,ALPHAUSDT,Buy,4,0.14430,PlusTick,443d35b3-03e0-5c29-94c3-99214b4eb22f,5.772000000000001e+07,4,0.5772
1658281997,ALPHAUSDT,Buy,3900,0.14430,ZeroMinusTick,9fb0e511-d12d-541f-b208-c0d8f2592954,5.627700000000001e+10,3900,562.7700000000001
1658282029,ALPHAUSDT,Buy,3500,0.14440,PlusTick,be6331d8-cea1-5465-9566-24b13bbe4c14,5.054e+10,3500,505.4
1658282029,ALPHAUSDT,Buy,591,0.14440,ZeroMinusTick,9d4949fd-916c-5fac-a2ae-deab64321d49,8.53404e+09,591,85.3404
1658282029,ALPHAUSDT,Buy,821,0.14440,ZeroMinusTick,66cdea5f-0a52-5317-bd3b-16abcf2cc84e,1.185524e+10,821,118.5524
1658282029,ALPHAUSDT,Buy,966,0.14445,PlusTick,9f524e6e-85a7-55ba-be4d-9de6ae61cd13,1.395387e+10,966,139.5387
1658282029,ALPHAUSDT,Buy,4226,0.14445,ZeroMinusTick,91424b11-6aa0-5e5c-b946-3faf4da50143,6.104457e+10,4226,610.4457
1658282029,ALPHAUSDT,Buy,8144,0.14450,PlusTick,8aa1f438-2923-5188-bda5-e6d78c8613d5,1.176808e+11,8144,1176.808
1658282062,ALPHAUSDT,Buy,1,0.14450,ZeroMinusTick,d090f7d6-0db9-5f69-aa38-dcbfec65734b,1.4449999999999998e+07,1,0.1445
1658282111,ALPHAUSDT,Sell,692,0.14435,MinusTick,b0bc10a1-6d64-5476-b0ef-a1c97fd6adb4,9.98902e+09,692,99.89020000000001
1658282139,ALPHAUSDT,Buy,3500,0.14430,MinusTick,270f3d14-5a9f-57b2-8b14-b5bde8ac7c55,5.050500000000001e+10,3500,505.05000000000007
1658282252,ALPHAUSDT,Sell,2,0.14430,ZeroMinusTick,f512ad45-cd42-5e03-b3b8-d6d6f1403476,2.8860000000000004e+07,2,0.2886
1658282273,ALPHAUSDT,Buy,3500,0.14410,MinusTick,a94eae25-59bf-504d-9788-34a10ed48aad,5.0435e+10,3500,504.35
1658282341,ALPHAUSDT,Buy,2024,0.14400,MinusTick,5dc0b57f-8057-5b39-83c3-bab687e00b23,2.9145599999999996e+10,2024,291.45599999999996
1658282341,ALPHAUSDT,Buy,963,0.14400,ZeroMinusTick,42bad4d9-e2d4-5f40-a3ca-37dbcb882348,1.38672e+10,963,138.672
1658282392,ALPHAUSDT,Buy,559,0.14405,PlusTick,e14e5fef-0fff-5a55-91b9-c27521f8afac,8.052395000000001e+09,559,80.52395000000001
1658282402,ALPHAUSDT,Sell,1,0.14405,ZeroMinusTick,45ca8369-d45e-55f2-8a38-85dce52c6e92,1.4405000000000002e+07,1,0.14405
1658282404,ALPHAUSDT,Buy,1065,0.14415,PlusTick,1f05e936-bf54-533f-b5cf-eec9501bf203,1.5351974999999998e+10,1065,153.51975
1658282506,ALPHAUSDT,Buy,122,0.14430,PlusTick,d0b5b38c-fb81-522a-90f3-7b0e7f1ea30b,1.7604600000000002e+09,122,17.6046
1658282517,ALPHAUSDT,Sell,186,0.14420,MinusTick,5a7314fc-99f6-59b7-8df8-15f95a255428,2.6821199999999995e+09,186,26.821199999999997
1658282517,ALPHAUSDT,Sell,133,0.14420,ZeroMinusTick,83849061-587f-55da-bf7f-8cceee3c881f,1.91786e+09,133,19.1786
1658282517,ALPHAUSDT,Sell,332,0.14420,ZeroMinusTick,fd42b8cc-8ed0-53e3-a46f-139daf455d1c,4.78744e+09,332,47.8744
1658282517,ALPHAUSDT,Sell,133,0.14420,ZeroMinusTick,9829fbc2-c6fa-5a07-8bff-2589f9084e14,1.91786e+09,133,19.1786
1658282541,ALPHAUSDT,Buy,3500,0.14410,MinusTick,5d5970d3-75dc-5971-86f5-1bc9f03800ab,5.0435e+10,3500,504.35
1658282541,ALPHAUSDT,Buy,348,0.14410,ZeroMinusTick,c36168d0-985c-5af6-94f7-f1a40993d07d,5.01468e+09,348,50.1468
1658282579,ALPHAUSDT,Buy,807,0.14410,ZeroMinusTick,a0ba14af-13bc-52e7-bd55-b01dfb53cb4e,1.162887e+10,807,116.2887
1658282582,ALPHAUSDT,Buy,1,0.14430,PlusTick,5e676c96-edec-5007-bfab-fcb0521d3c3a,1.4430000000000002e+07,1,0.1443
1658282608,ALPHAUSDT,Buy,3500,0.14420,MinusTick,751b9511-d43c-5b60-9f61-5c93a0730555,5.047e+10,3500,504.7
1658282692,ALPHAUSDT,Buy,688,0.14430,PlusTick,595db0b5-fc9a-5306-985a-e20f4b80156c,9.92784e+09,688,99.2784
1658282692,ALPHAUSDT,Buy,390,0.14430,ZeroMinusTick,4f9e3487-7fca-5247-8e16-be2bcb5b0dc1,5.6277e+09,390,56.277
1658282705,ALPHAUSDT,Sell,693,0.14430,ZeroMinusTick,78622267-9e0a-527c-bcc5-90e9aac1823c,9.999990000000002e+09,693,99.99990000000001
1658282768,ALPHAUSDT,Buy,3500,0.14420,MinusTick,80803146-100d-5704-b361-70487bc32863,5.047e+10,3500,504.7
1658282768,ALPHAUSDT,Buy,5913,0.14420,ZeroMinusTick,956cb54d-831f-5612-8c1b-20ba1d3b71cc,8.526546e+10,5913,852.6546
1658282768,ALPHAUSDT,Buy,2691,0.14420,ZeroMinusTick,f2cc01d6-960e-5dcd-96b2-84c0f11b33db,3.880422e+10,2691,388.0422
1658282768,ALPHAUSDT,Buy,653,0.14420,ZeroMinusTick,2b9e76f4-4d18-55b5-bb2e-2205559efb20,9.41626e+09,653,94.1626
1658282768,ALPHAUSDT,Buy,1270,0.14420,ZeroMinusTick,212ac2b2-cca1-5a23-b7cf-76ec090f04ef,1.83134e+10,1270,183.134
1658282768,ALPHAUSDT,Buy,604,0.14420,ZeroMinusTick,f58473b3-013c-5682-98d6-1abf4db5a1e2,8.70968e+09,604,87.0968
1658282772,ALPHAUSDT,Sell,7,0.14415,MinusTick,c4f0638d-ab91-5859-8393-2bfab3fbfd5d,1.00905e+08,7,1.00905
1658282803,ALPHAUSDT,Sell,3500,0.14425,PlusTick,80c13df5-d7a0-5779-8956-ad1a8dcdb10e,5.048749999999999e+10,3500,504.87499999999994
1658282822,ALPHAUSDT,Sell,1,0.14425,ZeroMinusTick,98f6e3b6-c8cf-55e0-9cb5-6d0133501273,1.4424999999999998e+07,1,0.14425
1658282956,ALPHAUSDT,Buy,867,0.14435,PlusTick,188aeefc-7d1e-55d7-b8a5-4e56a3e97e7f,1.2515145000000002e+10,867,125.15145000000001
1658282956,ALPHAUSDT,Buy,3314,0.14435,ZeroMinusTick,a01dc5e6-6d90-567e-889a-c4d2097956da,4.783759e+10,3314,478.3759
1658282956,ALPHAUSDT,Buy,1575,0.14435,ZeroMinusTick,63e7060b-5192-5264-afa4-dfd004f5bc30,2.2735125000000004e+10,1575,227.35125000000002
1658282962,ALPHAUSDT,Buy,1,0.14450,PlusTick,5d6d0da3-15b0-53cb-8f98-498fb8d34048,1.4449999999999998e+07,1,0.1445
1658283062,ALPHAUSDT,Buy,11,0.14455,PlusTick,047de5f2-597f-52da-9661-4ad639cd8836,1.5900500000000003e+08,11,1.5900500000000002
1658283064,ALPHAUSDT,Buy,1085,0.14455,ZeroMinusTick,9d3eacf4-d545-5618-a888-3b86cb2a7767,1.5683675000000002e+10,1085,156.83675000000002
1658283138,ALPHAUSDT,Buy,693,0.14500,PlusTick,d76a934b-2e80-51f8-b71b-199ad6a428e7,1.00485e+10,693,100.485
1658283252,ALPHAUSDT,Sell,13,0.14500,ZeroMinusTick,6bee841f-5a55-5b35-b7b5-cc87e7d33fc2,1.8849999999999997e+08,13,1.8849999999999998
1658283310,ALPHAUSDT,Sell,84,0.14510,PlusTick,6fc7c217-3030-5c3e-963b-a42a1db3b962,1.2188400000000002e+09,84,12.188400000000001
1658283342,ALPHAUSDT,Buy,100,0.14500,MinusTick,8ed3c0ff-1637-5978-a58a-b28ecda92dc3,1.4499999999999998e+09,100,14.499999999999998
1658283355,ALPHAUSDT,Buy,3500,0.14490,MinusTick,10e0e30d-3281-5c3f-9059-82e7bc104a86,5.0715e+10,3500,507.15
1658283422,ALPHAUSDT,Buy,1,0.14490,ZeroMinusTick,0fa0a16a-a710-51df-84ee-1b97c0fca348,1.449e+07,1,0.1449
1658283427,ALPHAUSDT,Sell,25,0.14475,MinusTick,23a34404-4ce1-5a4d-aeda-50fc1ce38a4b,3.61875e+08,25,3.61875
1658283452,ALPHAUSDT,Buy,1,0.14500,PlusTick,aa97a966-94f3-5439-9bdd-e869dc8d054a,1.4499999999999998e+07,1,0.145
1658283495,ALPHAUSDT,Sell,11809,0.14475,MinusTick,2d71cd7e-facf-5386-9a9d-f43913a1961e,1.7093527499999997e+11,11809,1709.3527499999998
1658283495,ALPHAUSDT,Sell,7303,0.14470,MinusTick,c5c836df-5107-5494-a386-7b23e7ba94cd,1.0567440999999998e+11,7303,1056.7441
1658283495,ALPHAUSDT,Sell,693,0.14470,ZeroMinusTick,037158a1-9aeb-5b1b-ac5e-72ed63cfb640,1.0027709999999998e+10,693,100.27709999999999
1658283496,ALPHAUSDT,Sell,693,0.14460,MinusTick,97a08eb2-b671-5352-96b7-4225d42d0833,1.002078e+10,693,100.2078
1658283498,ALPHAUSDT,Buy,592,0.14455,MinusTick,20748ac2-7c4b-5404-8d8c-8bedaa1342b9,8.557360000000001e+09,592,85.57360000000001
1658283498,ALPHAUSDT,Buy,3500,0.14460,PlusTick,0cf86eb6-3704-5dd5-8308-8eb9d80e6a74,5.061e+10,3500,506.1
1658283622,ALPHAUSDT,Sell,1,0.14445,MinusTick,7bea3143-693b-597b-b98f-b1f83c3e4c10,1.4445e+07,1,0.14445
1658283729,ALPHAUSDT,Buy,11853,0.14480,PlusTick,f940163e-12de-5a37-b86e-d25e8fe97476,1.7163144000000003e+11,11853,1716.3144000000002
1658283772,ALPHAUSDT,Sell,12,0.14490,PlusTick,19079bcb-4016-59e4-bfd1-48a874236410,1.7388e+08,12,1.7388
1658283786,ALPHAUSDT,Sell,691,0.14480,MinusTick,41230d79-6875-57be-aa0e-2fd39ea96a2a,1.0005680000000002e+10,691,100.05680000000001
1658283792,ALPHAUSDT,Buy,1,0.14480,ZeroMinusTick,3f7ffb9e-b031-5e72-b194-33a3f7b0bbfb,1.4480000000000002e+07,1,0.1448
1658283797,ALPHAUSDT,Buy,3500,0.14470,MinusTick,aae45846-e61f-5ea2-80e3-bc7a96f1fbc5,5.0645e+10,3500,506.45
1658283832,ALPHAUSDT,Buy,1,0.14490,PlusTick,a6ca814a-706c-5822-b391-b26e516b198c,1.449e+07,1,0.1449
1658283836,ALPHAUSDT,Buy,3499,0.14490,ZeroMinusTick,e3c491a5-dd79-51dc-82d5-f21e46608d83,5.070051e+10,3499,507.0051
1658283873,ALPHAUSDT,Buy,3500,0.14500,PlusTick,abd1e9cf-f52e-58f8-bae2-0d352033d89a,5.074999999999999e+10,3500,507.49999999999994
1658283962,ALPHAUSDT,Sell,12,0.14495,MinusTick,6e02861a-baa7-54b8-84ac-604cbd22c7ed,1.7393999999999997e+08,12,1.7393999999999998
1658284002,ALPHAUSDT,Buy,1,0.14480,MinusTick,7a18e5bc-d519-5f3e-a682-9c10009d24cf,1.4480000000000002e+07,1,0.1448
1658284172,ALPHAUSDT,Buy,14,0.14470,MinusTick,0b6a1c34-c472-50ed-832e-39c8e7cbfdc2,2.0257999999999997e+08,14,2.0258
1658284207,ALPHAUSDT,Buy,96,0.14465,MinusTick,ba7f105e-0702-51e0-bc58-6f8185baca26,1.38864e+09,96,13.8864
1658284210,ALPHAUSDT,Sell,454,0.14455,MinusTick,6653834a-ba17-59cc-a4cb-4d0df2570e79,6.562570000000001e+09,454,65.62570000000001
1658284232,ALPHAUSDT,Buy,3500,0.14450,MinusTick,6bd8cda6-7798-5a5a-a4d6-eb2f5bf1bfcb,5.057499999999999e+10,3500,505.74999999999994
1658284332,ALPHAUSDT,Buy,1,0.14460,PlusTick,7c7b551f-d3e6-5359-ae40-4dc35fc52e4c,1.446e+07,1,0.1446
1658284462,ALPHAUSDT,Sell,1,0.14515,PlusTick,645533f5-3e78-58e9-beed-e7f638ccccd5,1.4515e+07,1,0.14515
1658284622,ALPHAUSDT,Sell,6,0.14510,MinusTick,c0198089-a355-5988-b64f-11457585dd9b,8.706e+07,6,0.8706
1658284663,ALPHAUSDT,Buy,1,0.14530,PlusTick,ad368746-545e-50ae-b93f-7eec5bd1a1b2,1.4530000000000002e+07,1,0.1453
1658284753,ALPHAUSDT,Sell,1,0.14510,MinusTick,1cf70606-cb78-5a95-8b63-dbbd569558b0,1.451e+07,1,0.1451
1658284803,ALPHAUSDT,Buy,1,0.14520,PlusTick,7f0f201e-28a5-54ca-bb6d-94b65bb270e9,1.452e+07,1,0.1452
1658284923,ALPHAUSDT,Sell,1,0.14515,MinusTick,eee93870-1aa5-5fb8-82a7-e66014ddec29,1.4515e+07,1,0.14515
1658285113,ALPHAUSDT,Buy,100,0.14530,PlusTick,a5331827-83cf-5d3f-97bd-270014dd84f1,1.453e+09,100,14.530000000000001
1658285233,ALPHAUSDT,Buy,1,0.14530,ZeroMinusTick,94480283-935d-539c-913e-080b652e6293,1.4530000000000002e+07,1,0.1453
1658285423,ALPHAUSDT,Sell,17,0.14500,MinusTick,2b881955-b46e-5b35-bdb7-8e6a32dfbe4a,2.465e+08,17,2.465
1658285453,ALPHAUSDT,Buy,1,0.14510,PlusTick,a9aaae9c-7f0e-529a-8094-50f62c289aed,1.451e+07,1,0.1451
1658285613,ALPHAUSDT,Buy,1,0.14500,MinusTick,ad165617-95f4-5e42-853c-31fa98319949,1.4499999999999998e+07,1,0.145
1658285682,ALPHAUSDT,Sell,348,0.14485,MinusTick,8226cd80-7ccc-5198-80d7-20bb7d25c417,5.04078e+09,348,50.4078
1658285701,ALPHAUSDT,Buy,3500,0.14490,PlusTick,1191228c-15a1-504c-88a5-e32d97355fd9,5.0715e+10,3500,507.15
1658285773,ALPHAUSDT,Sell,13,0.14500,PlusTick,d3cccb49-6f38-568a-8ce4-543ff18bbb9c,1.8849999999999997e+08,13,1.8849999999999998
1658285792,ALPHAUSDT,Sell,300,0.14495,MinusTick,742671bb-50f4-5798-a17c-0ce6f2fa9e92,4.3485e+09,300,43.485
1658285885,ALPHAUSDT,Sell,690,0.14440,MinusTick,e1e92577-5bb1-542a-9f51-c0e09ac6c036,9.9636e+09,690,99.636
1658285885,ALPHAUSDT,Sell,349,0.14435,MinusTick,5106d32e-809a-5438-94f1-477b0faa72b6,5.037815000000001e+09,349,50.378150000000005
1658285923,ALPHAUSDT,Sell,1,0.14445,PlusTick,67b0eac4-74c3-5613-9f2a-33deeb15dc58,1.4445e+07,1,0.14445
1658285983,ALPHAUSDT,Buy,1,0.14460,PlusTick,7730990c-187c-5497-b53e-f8ff588a76dc,1.446e+07,1,0.1446
1658285988,ALPHAUSDT,Buy,3499,0.14460,ZeroMinusTick,77a3fce4-d205-5bf6-b6ff-f4a6ee507cf2,5.059554e+10,3499,505.9554
1658285988,ALPHAUSDT,Buy,1304,0.14465,PlusTick,217c7fd2-85c9-5ee6-9322-2b75f35aea21,1.886236e+10,1304,188.6236
1658286003,ALPHAUSDT,Buy,90,0.14445,MinusTick,8666494b-7c57-5f99-9cd9-72b6e43793a9,1.30005e+09,90,13.000499999999999
1658286028,ALPHAUSDT,Buy,3500,0.14440,MinusTick,03b4c8d8-9720-5882-9ad8-78c5cc9f4c72,5.054e+10,3500,505.4
1658286028,ALPHAUSDT,Buy,74,0.14445,PlusTick,4e029eca-19df-512c-b75b-4d8e22cc44b5,1.0689299999999999e+09,74,10.6893
1658286047,ALPHAUSDT,Buy,3500,0.14450,PlusTick,2bafe354-8beb-589d-87fe-949943e93d50,5.057499999999999e+10,3500,505.74999999999994
1658286072,ALPHAUSDT,Buy,3500,0.14440,MinusTick,9132b85f-98b1-5c48-b5bf-2688bf141430,5.054e+10,3500,505.4
1658286107,ALPHAUSDT,Buy,3500,0.14460,PlusTick,067ec384-1075-51e8-b71e-e14fac434c49,5.061e+10,3500,506.1
1658286141,ALPHAUSDT,Sell,11233,0.14480,PlusTick,68a0221a-1e14-500b-aaf9-5c7b65c55ec9,1.6265384e+11,11233,1626.5384000000001
1658286150,ALPHAUSDT,Sell,690,0.14470,MinusTick,d7a04be8-064e-5af9-a08b-fd504fca4d49,9.9843e+09,690,99.843
1658286150,ALPHAUSDT,Sell,11014,0.14470,ZeroMinusTick,1d82b229-71be-53e8-b30c-851fd17ab320,1.5937258e+11,11014,1593.7258
1658286151,ALPHAUSDT,Sell,690,0.14460,MinusTick,38638a99-e1a9-5b83-a2c6-fec921066e15,9.9774e+09,690,99.774
1658286163,ALPHAUSDT,Sell,1,0.14415,MinusTick,592036c6-5801-5a16-91bc-8f32e0d8b12b,1.4415e+07,1,0.14415
1658286173,ALPHAUSDT,Buy,3500,0.14440,PlusTick,95586581-a558-57c4-aae6-6e947a2e622c,5.054e+10,3500,505.4
1658286323,ALPHAUSDT,Buy,1,0.14410,MinusTick,266157d2-411f-52f7-b6f7-d895556ec05e,1.441e+07,1,0.1441
1658286327,ALPHAUSDT,Buy,3500,0.14400,MinusTick,cd9e3375-1bea-530a-84cd-7fb6e8d4b3f9,5.039999999999999e+10,3500,503.99999999999994
1658286346,ALPHAUSDT,Sell,3500,0.14415,PlusTick,d3b846e7-9969-5f23-8372-39393e0cb0fa,5.04525e+10,3500,504.525
1658286346,ALPHAUSDT,Sell,4784,0.14415,ZeroMinusTick,8b3ef234-7eb1-5b6d-8cd5-c2285626c5aa,6.896136e+10,4784,689.6136
1658286346,ALPHAUSDT,Sell,4737,0.14415,ZeroMinusTick,4e2a29b4-9927-5d7d-8ae0-158ce22e3312,6.828385500000001e+10,4737,682.83855
1658286447,ALPHAUSDT,Sell,2604,0.14380,MinusTick,dbbcd792-682c-5a79-bddc-c04762281aad,3.744552000000001e+10,2604,374.45520000000005
1658286473,ALPHAUSDT,Sell,14,0.14380,ZeroMinusTick,672e12ec-8f1b-593e-b48b-1584ab42506f,2.0132000000000003e+08,14,2.0132000000000003
1658286503,ALPHAUSDT,Buy,100,0.14390,PlusTick,d88e820c-cf7d-5fcc-9d15-8f922561ff78,1.439e+09,100,14.39
1658286525,ALPHAUSDT,Buy,12009,0.14395,PlusTick,db8b838b-0da8-504c-92c3-a3d12eccda8f,1.72869555e+11,12009,1728.69555
1658286683,ALPHAUSDT,Sell,11,0.14375,MinusTick,694dd7c4-c8e4-51ed-9317-9c01268f6c3c,1.5812499999999997e+08,11,1.5812499999999998
1658286773,ALPHAUSDT,Sell,1,0.14385,PlusTick,725e8387-9e2a-5410-be85-b0cda0123658,1.4385e+07,1,0.14385
1658286913,ALPHAUSDT,Sell,100,0.14365,MinusTick,2c5f1f32-9e55-599d-bb5e-e8c25a01fd83,1.4365e+09,100,14.365
1658286941,ALPHAUSDT,Sell,3500,0.14375,PlusTick,3db56ca5-6a46-5f6b-a0ef-13e96b3c2bcd,5.031249999999999e+10,3500,503.12499999999994
1658286941,ALPHAUSDT,Sell,1169,0.14375,ZeroMinusTick,764c58b3-fbae-5365-8193-3f88902b8d64,1.6804374999999998e+10,1169,168.04375
1658286941,ALPHAUSDT,Sell,8353,0.14370,MinusTick,78dd5fda-68f4-5636-9036-e64b4e8fbd01,1.2003261e+11,8353,1200.3261
1658286954,ALPHAUSDT,Buy,690,0.14410,PlusTick,d75e58b0-c01f-5afb-a0bd-0f038f9aea21,9.9429e+09,690,99.429
1658286954,ALPHAUSDT,Buy,2373,0.14410,ZeroMinusTick,80ed25f6-47a4-5371-a212-b64b25429881,3.419493e+10,2373,341.9493
1658287023,ALPHAUSDT,Sell,1,0.14375,MinusTick,b7f9f3f9-4455-5675-8f44-871e5e226879,1.4374999999999998e+07,1,0.14375
1658287160,ALPHAUSDT,Buy,3500,0.14400,PlusTick,34ddf4e1-4a57-521b-bc54-ce377ea5b2c8,5.039999999999999e+10,3500,503.99999999999994
1658287160,ALPHAUSDT,Buy,11722,0.14400,ZeroMinusTick,b57c0573-b2c2-5421-bf0e-3e70bba5b4aa,1.6879679999999997e+11,11722,1687.9679999999998
1658287160,ALPHAUSDT,Buy,1657,0.14405,PlusTick,83502d88-a846-5ff3-81d9-31e7c8612508,2.3869085e+10,1657,238.69085
1658287163,ALPHAUSDT,Sell,1,0.14385,MinusTick,1d814aa8-0412-5110-ba8b-03e6124003d5,1.4385e+07,1,0.14385
1658287363,ALPHAUSDT,Buy,4,0.14405,PlusTick,037381a1-e011-5e95-ac80-8c33e00896e4,5.762000000000001e+07,4,0.5762
1658287423,ALPHAUSDT,Buy,17,0.14405,ZeroMinusTick,57ea9f1f-af0b-5c07-9be8-70322dce47f4,2.4488500000000003e+08,17,2.44885
1658287519,ALPHAUSDT,Sell,3500,0.14435,PlusTick,73b59198-3929-53ff-9fe7-732003e8eabd,5.05225e+10,3500,505.225
1658287533,ALPHAUSDT,Sell,1,0.14425,MinusTick,167011d1-d8a3-5a62-a39a-220e6721d1c5,1.4424999999999998e+07,1,0.14425
1658287608,ALPHAUSDT,Buy,3500,0.14450,PlusTick,279108f7-5fdf-5810-a5d7-910c2879e92a,5.057499999999999e+10,3500,505.74999999999994
1658287646,ALPHAUSDT,Sell,3500,0.14495,PlusTick,41fd9570-e2ac-5e49-9144-1731cd6ee644,5.07325e+10,3500,507.325
1658287694,ALPHAUSDT,Buy,3500,0.14500,PlusTick,0617ddd7-ba6d-561b-a444-b156e061bcbc,5.074999999999999e+10,3500,507.49999999999994
1658287780,ALPHAUSDT,Sell,86,0.14530,PlusTick,7b8f2f69-1bad-5140-9f81-2b612006ce3b,1.24958e+09,86,12.495800000000001
1658287780,ALPHAUSDT,Sell,94,0.14530,ZeroMinusTick,d993e707-bd4e-5d60-9e65-4d9a4365b922,1.36582e+09,94,13.6582
1658287780,ALPHAUSDT,Sell,133,0.14530,ZeroMinusTick,3e0b177b-9ece-515f-9f29-3836c2bc203c,1.9324900000000002e+09,133,19.324900000000003
1658287781,ALPHAUSDT,Sell,67,0.14530,ZeroMinusTick,74bd96c1-dbe4-5178-86a4-209bda8a3e57,9.735100000000001e+08,67,9.735100000000001
1658287781,ALPHAUSDT,Sell,67,0.14530,ZeroMinusTick,3a47564e-104c-57ed-be2a-7a249a26085c,9.735100000000001e+08,67,9.735100000000001
1658287809,ALPHAUSDT,Sell,1117,0.14550,PlusTick,795dc636-bda3-50bc-ba7c-2b8892d974e1,1.6252349999999998e+10,1117,162.52349999999998
1658287809,ALPHAUSDT,Sell,688,0.14550,ZeroMinusTick,c6c89f5f-3780-5266-8879-c2b9ad3c1a9d,1.00104e+10,688,100.104
1658287809,ALPHAUSDT,Sell,3500,0.14545,MinusTick,383e8e0f-f967-5eb6-afc4-77f330610549,5.09075e+10,3500,509.075
1658287823,ALPHAUSDT,Buy,100,0.14550,PlusTick,d4261f92-4e7e-5144-abe8-260ef2ddad14,1.455e+09,100,14.549999999999999
1658287829,ALPHAUSDT,Sell,690,0.14530,MinusTick,6107b980-6890-5ae9-9e5b-fe92eaa09e7b,1.00257e+10,690,100.257
1658287836,ALPHAUSDT,Buy,11687,0.14530,ZeroMinusTick,596aa88c-95e7-5a18-936b-09ee5a589780,1.6981211e+11,11687,1698.1211
1658287838,ALPHAUSDT,Buy,690,0.14540,PlusTick,79fe4611-84b6-59a2-8f71-dce951e734dc,1.00326e+10,690,100.32600000000001
1658287891,ALPHAUSDT,Sell,6361,0.14515,MinusTick,f74ce3ad-f8cb-53aa-8e9e-d42a7da4c0c7,9.2329915e+10,6361,923.29915
1658287923,ALPHAUSDT,Sell,6,0.14485,MinusTick,546e6f68-e41c-5806-94e1-e6fe5366dfb7,8.691e+07,6,0.8691
1658287953,ALPHAUSDT,Sell,1,0.14495,PlusTick,a22cbeb3-256e-5886-af45-174a124466bb,1.4495e+07,1,0.14495
1658288033,ALPHAUSDT,Sell,16,0.14490,MinusTick,b8e2509a-00f3-5e4d-8e10-5cbf45dcc499,2.3184e+08,16,2.3184
1658288123,ALPHAUSDT,Buy,1,0.14480,MinusTick,c747e5df-815c-5d23-ab63-5ad36551ceef,1.4480000000000002e+07,1,0.1448
1658288263,ALPHAUSDT,Sell,6,0.14475,MinusTick,e0a92355-13e0-566d-abed-a97cbe95df26,8.685e+07,6,0.8684999999999999
1658288413,ALPHAUSDT,Sell,12,0.14515,PlusTick,4f5ac356-4cba-5439-b2b7-275ebb6f341e,1.7418e+08,12,1.7418
1658288419,ALPHAUSDT,Buy,684,0.14535,PlusTick,11f92925-d596-5ad8-9362-bef4c0b406ad,9.941940000000002e+09,684,99.41940000000001
1658288583,ALPHAUSDT,Sell,1,0.14515,MinusTick,52e79356-30be-5a59-b52f-20473d3b4be6,1.4515e+07,1,0.14515
1658288673,ALPHAUSDT,Buy,1,0.14530,PlusTick,b44a7d58-9c96-54cb-98b3-7e70edd151ed,1.4530000000000002e+07,1,0.1453
1658288689,ALPHAUSDT,Sell,689,0.14515,MinusTick,8aeb9646-b583-568c-a6e0-d8bf4e5a9861,1.0000835e+10,689,100.00835000000001
1658288689,ALPHAUSDT,Sell,7825,0.14505,MinusTick,40ce469d-49aa-5730-a936-96030a3c8aa8,1.1350162500000002e+11,7825,1135.0162500000001
1658288689,ALPHAUSDT,Sell,5508,0.14505,ZeroMinusTick,e57d9dff-00ac-50d2-a5b1-5020b75e82b8,7.989354e+10,5508,798.9354000000001
1658288689,ALPHAUSDT,Sell,688,0.14490,MinusTick,93289fc9-b446-57a2-9f9d-abc04373bb92,9.96912e+09,688,99.6912
1658288689,ALPHAUSDT,Sell,2184,0.14490,ZeroMinusTick,9205c08a-ef65-56b6-8646-99c90abe45f9,3.1646159999999996e+10,2184,316.4616
1658288773,ALPHAUSDT,Buy,4,0.14505,PlusTick,96cc7806-4484-5949-aef4-45478eefbaf7,5.802000000000001e+07,4,0.5802
1658288796,ALPHAUSDT,Sell,12078,0.14490,MinusTick,fb556ba3-d171-5fb2-959d-12c474eed901,1.7501022e+11,12078,1750.1022
1658288856,ALPHAUSDT,Sell,3500,0.14455,MinusTick,9349b119-3c3f-54f8-a95e-8c50f1908509,5.059250000000001e+10,3500,505.92500000000007
1658288943,ALPHAUSDT,Sell,9,0.14445,MinusTick,431fcb19-ada3-569b-8fdb-8f04db3be2b7,1.30005e+08,9,1.30005
1658288943,ALPHAUSDT,Sell,36,0.14445,ZeroMinusTick,4397c2e6-537a-5e65-8cff-c502cf666716,5.2002e+08,36,5.2002
1658289043,ALPHAUSDT,Sell,10,0.14445,ZeroMinusTick,98c33fd9-1b4b-5f86-8d94-cfa0f360f3e4,1.4445e+08,10,1.4445
1658289113,ALPHAUSDT,Sell,10,0.14445,ZeroMinusTick,88de1fbf-1962-5286-89e1-7fa5542518eb,1.4445e+08,10,1.4445
1658289150,ALPHAUSDT,Sell,11919,0.14435,MinusTick,8f2e1d8e-1afb-510f-aada-1ad9aa75760a,1.72050765e+11,11919,1720.50765
1658289150,ALPHAUSDT,Sell,199,0.14415,MinusTick,d56b3b48-acc1-5d3b-8fad-be340320c866,2.868585e+09,199,28.68585
1658289150,ALPHAUSDT,Sell,66,0.14415,ZeroMinusTick,9fdd67b4-70de-5c89-b939-7e3618bc20cd,9.5139e+08,66,9.5139
1658289150,ALPHAUSDT,Sell,66,0.14415,ZeroMinusTick,4d7d920c-bf4d-5046-9944-5b2edf9b5b75,9.5139e+08,66,9.5139
1658289155,ALPHAUSDT,Buy,11266,0.14435,PlusTick,9edba162-8198-5446-8d07-528f4a6fc11c,1.6262471e+11,11266,1626.2471
1658289263,ALPHAUSDT,Sell,1,0.14425,MinusTick,9970f29c-d110-50a4-bf8b-d0f704f8a242,1.4424999999999998e+07,1,0.14425
1658289269,ALPHAUSDT,Buy,3500,0.14420,MinusTick,4bf66e52-4623-5941-a1f8-ea2408836a6c,5.047e+10,3500,504.7
1658289313,ALPHAUSDT,Sell,100,0.14435,PlusTick,84ca0bc0-4358-57b0-8fe9-5281a3769427,1.4435e+09,100,14.435
1658289314,ALPHAUSDT,Sell,3400,0.14435,ZeroMinusTick,f466700d-36a8-57eb-a9f2-4f22d0bf1eee,4.9079e+10,3400,490.79
1658289513,ALPHAUSDT,Buy,100,0.14440,PlusTick,d98fd546-b9e7-5540-a47e-ae37e0ee236b,1.444e+09,100,14.44
1658289647,ALPHAUSDT,Buy,60,0.14445,PlusTick,58e8fe5b-6a17-5b83-a076-4fa34ec6f2f4,8.667e+08,60,8.667
1658289647,ALPHAUSDT,Buy,3500,0.14450,PlusTick,40925906-3d91-5e46-94a6-c2fb3d49affd,5.057499999999999e+10,3500,505.74999999999994
1658289713,ALPHAUSDT,Sell,100,0.14445,MinusTick,097b6a3e-73f3-5f00-92c4-985017703df2,1.4445e+09,100,14.445
1658289720,ALPHAUSDT,Sell,3400,0.14445,ZeroMinusTick,3b538453-3082-5e09-a199-05b8820b9253,4.9113e+10,3400,491.13
1658289733,ALPHAUSDT,Sell,1,0.14445,ZeroMinusTick,bf95f02e-5e90-5360-8cc2-955d11692932,1.4445e+07,1,0.14445
1658289923,ALPHAUSDT,Buy,19,0.14465,PlusTick,e14992f9-5525-54a1-97ac-bda0b042277a,2.74835e+08,19,2.74835
1658290063,ALPHAUSDT,Buy,6,0.14455,MinusTick,8e2e871c-3faf-5a18-b879-f4476d327bb6,8.673e+07,6,0.8673000000000001
1658290091,ALPHAUSDT,Buy,692,0.14480,PlusTick,dfa15959-0b81-5141-9c45-2483b7742e8f,1.0020160000000002e+10,692,100.20160000000001
1658290101,ALPHAUSDT,Buy,1243,0.14490,PlusTick,3703b357-045f-5fac-a7ac-f744a383c905,1.801107e+10,1243,180.1107
1658290203,ALPHAUSDT,Buy,2,0.14485,MinusTick,50915e54-a614-5c2e-9edb-a5d052341584,2.897e+07,2,0.2897
1658290463,ALPHAUSDT,Buy,100,0.14500,PlusTick,6437ceb9-6066-56a3-8605-0ae96630d839,1.4499999999999998e+09,100,14.499999999999998
1658290580,ALPHAUSDT,Sell,22,0.14490,MinusTick,b3259314-ca6c-5f91-9f3f-e691799b8a48,3.1878e+08,22,3.1878
1658290601,ALPHAUSDT,Buy,5605,0.14505,PlusTick,a0115d8e-1781-5722-83a5-61c1860fc632,8.1300525e+10,5605,813.00525
1658290601,ALPHAUSDT,Buy,9695,0.14505,ZeroMinusTick,2afca15c-294f-5c41-bc2a-9bd9211f448f,1.4062597500000003e+11,9695,1406.2597500000002
1658290602,ALPHAUSDT,Buy,692,0.14510,PlusTick,20f25e25-38e9-5a56-8796-d4f467a7f1aa,1.004092e+10,692,100.4092
1658290602,ALPHAUSDT,Buy,1891,0.14510,ZeroMinusTick,d4426243-cc55-5c77-80f2-cb7e72393ad3,2.743841e+10,1891,274.3841
1658290603,ALPHAUSDT,Buy,17,0.14520,PlusTick,98f293f0-999d-51c8-9ee2-60de09e8e172,2.4684e+08,17,2.4684
1658290603,ALPHAUSDT,Buy,675,0.14520,ZeroMinusTick,22f77564-08f0-5713-be66-031d525c3780,9.801e+09,675,98.00999999999999
1658290603,ALPHAUSDT,Buy,692,0.14530,PlusTick,bb8aae54-4531-58b6-8ae6-ccbda9a7ecdb,1.005476e+10,692,100.5476
1658290604,ALPHAUSDT,Buy,3500,0.14540,PlusTick,9b1f2c74-32eb-55d3-857f-8fd2211b0e10,5.089e+10,3500,508.9
1658290604,ALPHAUSDT,Buy,692,0.14540,ZeroMinusTick,2a0ad4cc-924f-56cb-989a-7d5e4323feb0,1.006168e+10,692,100.6168
1658290604,ALPHAUSDT,Buy,4784,0.14540,ZeroMinusTick,ea0c7e77-5975-50aa-8498-5e3af8d451ea,6.955936e+10,4784,695.5936
1658290605,ALPHAUSDT,Sell,3500,0.14535,MinusTick,882796d6-60e9-5460-a517-7bbff1e1247a,5.08725e+10,3500,508.725
1658290793,ALPHAUSDT,Sell,14,0.14420,MinusTick,984d915c-76d2-58d3-9aa7-91b0816c9944,2.0187999999999997e+08,14,2.0187999999999997
1658290856,ALPHAUSDT,Sell,3500,0.14415,MinusTick,4ad87989-88be-5f80-b6f1-035da46f5cf0,5.04525e+10,3500,504.525
1658290856,ALPHAUSDT,Sell,12068,0.14410,MinusTick,a038b530-8d38-52c7-963b-f83d3582df0f,1.7389988e+11,12068,1738.9988
1658290903,ALPHAUSDT,Sell,1,0.14395,MinusTick,1ba043ae-9af0-5127-8111-3a49b0e36e47,1.4395e+07,1,0.14395
1658290906,ALPHAUSDT,Sell,103,0.14400,PlusTick,1b20bad3-c86e-53f1-981f-14df57ea9b37,1.4832e+09,103,14.831999999999999
1658290971,ALPHAUSDT,Sell,3500,0.14405,PlusTick,42659c16-aa44-5681-899b-bcf4d8dd98fe,5.041750000000001e+10,3500,504.17500000000007
1658290971,ALPHAUSDT,Sell,237,0.14395,MinusTick,3c89e5f5-f319-555c-8747-d3f1151007cf,3.4116149999999995e+09,237,34.11615
1658291013,ALPHAUSDT,Buy,1,0.14410,PlusTick,19fb1d91-6447-593e-bb3a-972414b9bf9e,1.441e+07,1,0.1441
1658291017,ALPHAUSDT,Buy,3499,0.14410,ZeroMinusTick,6616d307-2147-53aa-8888-4d790ebcf1cf,5.042059000000001e+10,3499,504.20590000000004
1658291017,ALPHAUSDT,Buy,238,0.14410,ZeroMinusTick,2a3d2cf6-03c4-57fa-90df-5ff6f0bc8dc8,3.42958e+09,238,34.2958
1658291123,ALPHAUSDT,Buy,6,0.14410,ZeroMinusTick,c50ee81b-bb3f-5124-908e-f19a5f4bb4f9,8.646e+07,6,0.8646
1658291313,ALPHAUSDT,Sell,15,0.14390,MinusTick,d91597a3-3bfc-5931-bc05-4d26a0ec8dc5,2.1585e+08,15,2.1585
1658291434,ALPHAUSDT,Sell,3500,0.14375,MinusTick,8de21402-ba64-5dd5-b1c6-a82a483f7026,5.031249999999999e+10,3500,503.12499999999994
1658291483,ALPHAUSDT,Buy,14,0.14410,PlusTick,ebf9a50f-7ab0-55de-8b24-904c6ee614fc,2.0174000000000003e+08,14,2.0174000000000003
1658291495,ALPHAUSDT,Sell,1443,0.14405,MinusTick,e7137913-6061-5b87-94bc-160af8d6c72f,2.0786415000000004e+10,1443,207.86415000000002
1658291520,ALPHAUSDT,Sell,409,0.14385,MinusTick,1daae6f1-81f2-58f9-9bdb-eb9cdc738472,5.883465e+09,409,58.83465
1658291543,ALPHAUSDT,Sell,16,0.14375,MinusTick,f530c374-4b1a-5106-9a5e-114af08d7c2f,2.2999999999999997e+08,16,2.3
1658291582,ALPHAUSDT,Buy,3784,0.14400,PlusTick,1a990d90-ae96-5494-89fe-37a871714f52,5.448959999999999e+10,3784,544.896
1658291583,ALPHAUSDT,Buy,692,0.14410,PlusTick,7fbdeb3a-1c3d-5662-912b-3a335715a971,9.97172e+09,692,99.7172
1658291583,ALPHAUSDT,Buy,692,0.14420,PlusTick,e37c03ad-e154-5d17-9ef3-a1fa7d4c6d85,9.97864e+09,692,99.7864
1658291583,ALPHAUSDT,Buy,5552,0.14425,PlusTick,3aac67c0-1273-51d7-9dcf-5149babf5a14,8.00876e+10,5552,800.876
1658291583,ALPHAUSDT,Buy,5552,0.14425,ZeroMinusTick,85a869f8-a6f1-591e-bdb4-c1f8a9fc7bdd,8.00876e+10,5552,800.876
1658291669,ALPHAUSDT,Sell,14,0.14420,MinusTick,ea891599-e0f0-585f-88d0-9481d98d1fa8,2.0187999999999997e+08,14,2.0187999999999997
1658291723,ALPHAUSDT,Buy,1,0.14420,ZeroMinusTick,d05b491e-6d05-53ab-822a-6709d9fca5d4,1.442e+07,1,0.1442
1658291763,ALPHAUSDT,Buy,1,0.14440,PlusTick,a80a2c4e-a180-5fd6-bb45-ccc3291dc711,1.444e+07,1,0.1444
1658291833,ALPHAUSDT,Buy,1,0.14430,MinusTick,2254407c-a70b-558d-834a-c724418d8850,1.4430000000000002e+07,1,0.1443
1658291851,ALPHAUSDT,Buy,3500,0.14420,MinusTick,50b498c8-4d18-5659-b1a2-7a6b6f63bc21,5.047e+10,3500,504.7
1658291923,ALPHAUSDT,Sell,5,0.14410,MinusTick,dbbc9014-4169-5e71-ad67-3271726d392d,7.205e+07,5,0.7205
1658292023,ALPHAUSDT,Sell,1,0.14405,MinusTick,29c30f05-64ef-5d52-b186-cd4eceab3c93,1.4405000000000002e+07,1,0.14405
1658292155,ALPHAUSDT,Buy,3500,0.14430,PlusTick,cc0c070d-e5f0-5636-b9ac-ac1938fbd5ce,5.050500000000001e+10,3500,505.05000000000007
1658292203,ALPHAUSDT,Sell,10,0.14425,MinusTick,0322a822-2821-5715-9e51-9c8c38d56869,1.4425e+08,10,1.4425
1658292379,ALPHAUSDT,Sell,11465,0.14430,PlusTick,29fd9814-b501-5367-88b7-0a45fe5e25dd,1.6543995000000003e+11,11465,1654.3995000000002
1658292403,ALPHAUSDT,Sell,4,0.14420,MinusTick,bb1a04b4-0b7c-58fc-8dc4-74a25e0eee19,5.768e+07,4,0.5768
1658292537,ALPHAUSDT,Buy,12021,0.14445,PlusTick,fb7b7d14-b523-542d-b142-07e57c2192e9,1.73643345e+11,12021,1736.43345
1658292553,ALPHAUSDT,Buy,100,0.14470,PlusTick,03612743-3925-5fbc-b928-fc266a935a49,1.447e+09,100,14.469999999999999
1658292713,ALPHAUSDT,Buy,1,0.14480,PlusTick,55f66b41-cb6e-50b7-86a6-444008d47a18,1.4480000000000002e+07,1,0.1448
1658292813,ALPHAUSDT,Sell,12,0.14475,MinusTick,b2eefd00-04d9-57c3-90ab-b75e00e1fce7,1.737e+08,12,1.7369999999999999
1658292943,ALPHAUSDT,Sell,1,0.14475,ZeroMinusTick,6107711f-1866-5245-bdba-f559aeeacd85,1.4474999999999998e+07,1,0.14475
1658293063,ALPHAUSDT,Sell,1,0.14475,ZeroMinusTick,9f6e51ef-ce72-5ca9-a176-5f6ed54fa8ef,1.4474999999999998e+07,1,0.14475
1658293243,ALPHAUSDT,Sell,10,0.14465,MinusTick,e51b9169-195a-5d5c-bc44-f9deafec75eb,1.4465e+08,10,1.4465
1658293246,ALPHAUSDT,Sell,692,0.14460,MinusTick,55d861ce-daa7-5c08-9fa3-d34ac569793f,1.000632e+10,692,100.06320000000001
1658293265,ALPHAUSDT,Buy,136,0.14470,PlusTick,c2c0720b-7c14-5896-a208-b9b0912c7bdf,1.9679199999999998e+09,136,19.679199999999998
1658293323,ALPHAUSDT,Sell,1,0.14445,MinusTick,21b5c204-6a90-5437-8e01-69e62381f829,1.4445e+07,1,0.14445
1658293344,ALPHAUSDT,Buy,3500,0.14460,PlusTick,bebd5f74-6550-5719-aaf2-bea71d45e1a9,5.061e+10,3500,506.1
1658293344,ALPHAUSDT,Buy,11884,0.14465,PlusTick,2bc66020-b4ef-5624-a555-34a3afa872a8,1.7190206e+11,11884,1719.0206
1658293344,ALPHAUSDT,Buy,7798,0.14465,ZeroMinusTick,a79939c1-1ace-53fa-a87f-118e6477e4dc,1.1279807e+11,7798,1127.9807
1658293344,ALPHAUSDT,Buy,690,0.14470,PlusTick,2f9eacdd-c6d5-5d57-a84a-a03e380655d4,9.9843e+09,690,99.843
1658293344,ALPHAUSDT,Buy,11959,0.14470,ZeroMinusTick,7b74a76e-3901-5fdc-979d-47718d7ce7c7,1.7304673e+11,11959,1730.4673
1658293344,ALPHAUSDT,Buy,4169,0.14475,PlusTick,9a4e5ee9-edf2-5a3e-b286-ed07713e045e,6.034627499999999e+10,4169,603.4627499999999
1658293400,ALPHAUSDT,Buy,3500,0.14480,PlusTick,569fcf4f-4c31-5e01-8793-9d2281c7086d,5.068000000000001e+10,3500,506.80000000000007
1658293400,ALPHAUSDT,Buy,5675,0.14485,PlusTick,9646b172-0dbf-50f2-b5b8-e01b26ce966a,8.2202375e+10,5675,822.0237500000001
1658293423,ALPHAUSDT,Sell,15,0.14470,MinusTick,f811a62a-45c1-5f44-9d2b-b9535ecec187,2.1705e+08,15,2.1705
1658293583,ALPHAUSDT,Sell,6,0.14515,PlusTick,54a02d39-b25b-55b2-afa6-d3fa48ae19b7,8.709e+07,6,0.8709
1658293693,ALPHAUSDT,Sell,4,0.14535,PlusTick,52363c14-c297-5e7f-8141-4f0c8d9da1e6,5.814e+07,4,0.5814
1658293699,ALPHAUSDT,Sell,371,0.14535,ZeroMinusTick,ca1e4956-4a5f-5a86-a8d2-d90b36539241,5.392485e+09,371,53.92485
1658293753,ALPHAUSDT,Sell,4,0.14525,MinusTick,299dca16-4aa0-5133-ad53-fdb1c690d065,5.809999999999999e+07,4,0.581
1658293833,ALPHAUSDT,Buy,1,0.14530,PlusTick,e17eb190-4dc1-5030-9e2a-8b03b022d4b3,1.4530000000000002e+07,1,0.1453
1658293956,ALPHAUSDT,Sell,10908,0.14505,MinusTick,4187c92d-af36-5a28-a78e-453d6c3c502f,1.5822054e+11,10908,1582.2054
1658293956,ALPHAUSDT,Sell,2529,0.14505,ZeroMinusTick,6860b783-c7de-5a83-a416-a5309d74cf14,3.6683145e+10,2529,366.83145
1658293957,ALPHAUSDT,Sell,690,0.14500,MinusTick,def814c3-0eb4-560e-a76e-b63e680ab37f,1.0005e+10,690,100.05
1658293958,ALPHAUSDT,Sell,11474,0.14495,MinusTick,32f6d44e-26c4-527f-bfdf-e02a0d9b2836,1.6631563e+11,11474,1663.1562999999999
1658293983,ALPHAUSDT,Sell,12,0.14475,MinusTick,da41b4df-f27f-501d-b60f-57f8d9ed3d2e,1.737e+08,12,1.7369999999999999
1658293989,ALPHAUSDT,Buy,3500,0.14490,PlusTick,c72c2f5f-f4eb-5734-a41f-1056302a65ca,5.0715e+10,3500,507.15
1658294053,ALPHAUSDT,Sell,19,0.14500,PlusTick,56da4b09-6d91-5480-8f59-46b0b09e5cdb,2.755e+08,19,2.755
1658294067,ALPHAUSDT,Buy,3500,0.14490,MinusTick,6f41fc39-6122-5413-94c7-085ebd4bd88c,5.0715e+10,3500,507.15
1658294131,ALPHAUSDT,Sell,11639,0.14460,MinusTick,c83e7232-4dfe-5e55-8c42-d3934e3bf8c1,1.6829994e+11,11639,1682.9994000000002
1658294131,ALPHAUSDT,Sell,4784,0.14460,ZeroMinusTick,4990a25c-a79e-5832-aec9-7b5665d3ca26,6.917664e+10,4784,691.7664
1658294131,ALPHAUSDT,Sell,691,0.14460,ZeroMinusTick,7ac00ba6-6e29-50c8-969a-db51272df3ce,9.99186e+09,691,99.9186
1658294131,ALPHAUSDT,Sell,11639,0.14455,MinusTick,8e95e9a5-88da-5bfd-8f92-d45e1b2e994f,1.68241745e+11,11639,1682.4174500000001
1658294131,ALPHAUSDT,Sell,3500,0.14455,ZeroMinusTick,371a65c1-b6b5-5fb4-b772-99308ae61114,5.059250000000001e+10,3500,505.92500000000007
1658294131,ALPHAUSDT,Sell,7747,0.14455,ZeroMinusTick,2b669d5b-9a21-5253-87a3-90e6931dd848,1.1198288500000002e+11,7747,1119.82885
1658294132,ALPHAUSDT,Sell,3910,0.14460,PlusTick,90c3f945-2543-5ca5-9f21-d82e2aaf9f6d,5.653860000000001e+10,3910,565.3860000000001
1658294132,ALPHAUSDT,Sell,5265,0.14450,MinusTick,be29d833-3773-5a5b-bec9-b94da84b0ef1,7.607924999999998e+10,5265,760.7924999999999
1658294169,ALPHAUSDT,Buy,10893,0.14475,PlusTick,fda24a0c-04c9-5e27-81ce-539d10074557,1.57676175e+11,10893,1576.76175
1658294173,ALPHAUSDT,Sell,10,0.14460,MinusTick,0f5c4397-6915-53e5-9185-476e3b6b5009,1.4460000000000003e+08,10,1.4460000000000002
1658294313,ALPHAUSDT,Buy,2842,0.14490,PlusTick,709e5b22-9a90-5748-9948-fd3c7124ea82,4.118058e+10,2842,411.8058
1658294436,ALPHAUSDT,Sell,690,0.14485,MinusTick,1c82076f-a8f1-5bb2-9f43-09d5056dd914,9.99465e+09,690,99.9465
1658294436,ALPHAUSDT,Sell,690,0.14480,MinusTick,e697f77c-4351-5659-b64c-5a154eb89146,9.9912e+09,690,99.912
1658294443,ALPHAUSDT,Buy,14,0.14480,ZeroMinusTick,bd14767b-926f-5577-9a57-1b5768d58372,2.0272e+08,14,2.0272
1658294673,ALPHAUSDT,Buy,100,0.14460,MinusTick,7d8e28d9-04ba-593a-89ac-595b1b20acf9,1.446e+09,100,14.46
1658294733,ALPHAUSDT,Buy,7,0.14465,PlusTick,404fb127-c875-5d23-9393-cff1cb8e2c9d,1.01255e+08,7,1.01255
1658294843,ALPHAUSDT,Sell,1,0.14475,PlusTick,6eb26bdd-a464-5076-a9c8-df9242de45f7,1.4474999999999998e+07,1,0.14475
1658294933,ALPHAUSDT,Buy,100,0.14510,PlusTick,a111e8e5-dddb-5cc1-a8a5-8e31d722708c,1.4510000000000002e+09,100,14.510000000000002
1658294953,ALPHAUSDT,Buy,11016,0.14515,PlusTick,fd5850fb-4263-53a2-9f69-de2bad2dc631,1.5989724e+11,11016,1598.9724
1658294973,ALPHAUSDT,Buy,1,0.14520,PlusTick,f5d55eed-2530-5da3-b41b-b032ddb71911,1.452e+07,1,0.1452
1658295008,ALPHAUSDT,Buy,65,0.14525,PlusTick,ff3ece82-4b50-5251-bac2-6ce572971333,9.44125e+08,65,9.44125
1658295103,ALPHAUSDT,Sell,7,0.14520,MinusTick,816a8974-aa82-592a-b587-9619cd4bab27,1.0164e+08,7,1.0164
1658295293,ALPHAUSDT,Sell,11,0.14555,PlusTick,b793fa1e-5d60-5f48-8bb8-0fc2aaf14a00,1.60105e+08,11,1.60105
1658295443,ALPHAUSDT,Buy,100,0.14620,PlusTick,b3eed35e-1b30-5ed7-a6de-078a4074ada7,1.462e+09,100,14.62
1658295483,ALPHAUSDT,Sell,1,0.14605,MinusTick,7b7d4090-166b-5096-9361-1a8492535fcd,1.4605000000000002e+07,1,0.14605
1658295533,ALPHAUSDT,Sell,1,0.14595,MinusTick,3d547956-7453-51af-ac64-d02bfa3c75b2,1.4595e+07,1,0.14595
1658295633,ALPHAUSDT,Sell,1,0.14615,PlusTick,627bde43-10e0-5966-a49f-e59a5ea69eee,1.4615e+07,1,0.14615
1658295823,ALPHAUSDT,Sell,1,0.14605,MinusTick,a9b436c9-5116-5f6e-bdeb-c668478596b6,1.4605000000000002e+07,1,0.14605
1658295943,ALPHAUSDT,Buy,100,0.14610,PlusTick,f61e577a-1564-5652-8656-02eba5d3baa0,1.4610000000000002e+09,100,14.610000000000001
1658295971,ALPHAUSDT,Buy,3500,0.14610,ZeroMinusTick,47723171-38b3-5590-a99d-176e87eaf74c,5.1135e+10,3500,511.35
1658295971,ALPHAUSDT,Buy,4784,0.14610,ZeroMinusTick,e2e58208-b980-5464-bd2e-3810fb4582d9,6.989424e+10,4784,698.9424
1658295971,ALPHAUSDT,Buy,8321,0.14620,PlusTick,0943eb07-ad1e-55e0-9584-0d13216b5610,1.2165301999999998e+11,8321,1216.5302
1658295971,ALPHAUSDT,Buy,11568,0.14625,PlusTick,43692931-0a41-5474-bba0-ff03bd4d790d,1.69182e+11,11568,1691.82
1658295971,ALPHAUSDT,Buy,10536,0.14625,ZeroMinusTick,b9fa8569-dc23-58ba-a106-3b715b5fad4e,1.54089e+11,10536,1540.8899999999999
1658295971,ALPHAUSDT,Buy,1291,0.14630,PlusTick,bdfc3ad6-0a4b-5409-8e35-25ce99b981c5,1.8887330000000004e+10,1291,188.87330000000003
1658295983,ALPHAUSDT,Buy,1,0.14620,MinusTick,5fb06a89-f323-5794-8873-bb3ce56c30fb,1.462e+07,1,0.1462
1658296044,ALPHAUSDT,Buy,1708,0.14625,PlusTick,d7ffbce0-a42e-59a5-ab1b-df6c1e7bbc6c,2.49795e+10,1708,249.795
1658296093,ALPHAUSDT,Buy,1,0.14650,PlusTick,19973fc3-b252-5201-81fa-0054399aeda5,1.465e+07,1,0.1465
1658296183,ALPHAUSDT,Buy,1,0.14630,MinusTick,662518c8-c3c5-5552-83cf-b74a84e117a9,1.4630000000000002e+07,1,0.1463
1658296213,ALPHAUSDT,Buy,100,0.14630,ZeroMinusTick,1ef7d89d-e3ba-51ac-9078-168367d1f9a5,1.463e+09,100,14.63
1658296323,ALPHAUSDT,Buy,1,0.14630,ZeroMinusTick,9b0f3955-dd86-5396-a268-7ece6b88fa98,1.4630000000000002e+07,1,0.1463
1658296413,ALPHAUSDT,Sell,10,0.14640,PlusTick,6cc93875-05b3-5092-bcb8-069833bfca66,1.464e+08,10,1.464
1658296593,ALPHAUSDT,Buy,1,0.14650,PlusTick,fe2d3b07-bfe2-5775-bf24-501fc0bde686,1.465e+07,1,0.1465
1658296691,ALPHAUSDT,Buy,14,0.14680,PlusTick,544b47bb-1113-5ba0-9dd7-4af6fa719c0c,2.0552e+08,14,2.0552
1658296711,ALPHAUSDT,Buy,280,0.14710,PlusTick,db5acace-0515-5222-a9fe-06a9fa6208bb,4.1188000000000005e+09,280,41.188
1658296723,ALPHAUSDT,Buy,1,0.14720,PlusTick,e99bbea8-c444-5329-b281-b37c389301e3,1.472e+07,1,0.1472
1658296737,ALPHAUSDT,Sell,4000,0.14705,MinusTick,22efcf69-86f7-5d90-b2fd-169008a315c0,5.881999999999999e+10,4000,588.1999999999999
1658296737,ALPHAUSDT,Sell,6272,0.14705,ZeroMinusTick,b0a4d030-9aa3-5ed0-9516-a884b91d0618,9.222975999999998e+10,6272,922.2975999999999
1658296810,ALPHAUSDT,Sell,200,0.14675,MinusTick,f6235cf1-8bcc-5263-b628-833fbae60de4,2.935e+09,200,29.349999999999998
1658296820,ALPHAUSDT,Buy,469,0.14685,PlusTick,1aa0dc01-a885-5df5-b1de-ce5c203f53cc,6.887265000000001e+09,469,68.87265000000001
1658296853,ALPHAUSDT,Sell,6,0.14675,MinusTick,814b8967-f4fe-5192-bfb0-b76ecb017230,8.805e+07,6,0.8805
1658296855,ALPHAUSDT,Buy,252,0.14700,PlusTick,5ea148bd-c818-5c80-bdb5-f974b2325185,3.7043999999999995e+09,252,37.044
1658296945,ALPHAUSDT,Sell,224,0.14725,PlusTick,d809bbfb-b91b-5539-8f67-55719231cec5,3.2983999999999995e+09,224,32.983999999999995
1658296994,ALPHAUSDT,Buy,3500,0.14700,MinusTick,f9fd4998-6a07-5e5d-83b1-3e81e390f470,5.145e+10,3500,514.5
1658297046,ALPHAUSDT,Buy,2842,0.14700,ZeroMinusTick,3bc9a2ca-3a38-5b92-90c3-7d2836c5eb0f,4.17774e+10,2842,417.774
1658297046,ALPHAUSDT,Buy,658,0.14700,ZeroMinusTick,d8ffc544-29d5-58a2-992a-dc71969159ab,9.6726e+09,658,96.726
1658297053,ALPHAUSDT,Buy,4,0.14710,PlusTick,c8bf5a93-e238-577b-9a09-2f1e65042dbd,5.884e+07,4,0.5884
1658297089,ALPHAUSDT,Sell,4784,0.14690,MinusTick,0f6085c8-d272-59a6-81a5-99d1695a8103,7.027696e+10,4784,702.7696
1658297089,ALPHAUSDT,Sell,681,0.14690,ZeroMinusTick,23bbe27e-ea38-554a-a684-5d20846b1974,1.000389e+10,681,100.0389
1658297089,ALPHAUSDT,Sell,3500,0.14685,MinusTick,04a3411e-5c58-5d4d-9d5b-f8ac55adba22,5.13975e+10,3500,513.975
1658297089,ALPHAUSDT,Sell,1035,0.14685,ZeroMinusTick,5426b2cd-1657-5c33-bdda-109734bf344c,1.5198975000000002e+10,1035,151.98975000000002
1658297140,ALPHAUSDT,Sell,3500,0.14695,PlusTick,610c8fa6-6ea7-5501-94b5-2abc2dd11806,5.143250000000001e+10,3500,514.325
1658297140,ALPHAUSDT,Sell,11045,0.14690,MinusTick,774c39d6-64ee-5af0-9155-0c33b0fc3213,1.6225105e+11,11045,1622.5105
1658297140,ALPHAUSDT,Sell,6431,0.14690,ZeroMinusTick,4a8eec92-73ec-5202-9945-6666c12636c9,9.447139e+10,6431,944.7139
1658297140,ALPHAUSDT,Sell,3404,0.14685,MinusTick,0327223f-5321-57ba-a330-4cb725d45705,4.998774e+10,3404,499.8774
1658297140,ALPHAUSDT,Sell,5620,0.14685,ZeroMinusTick,4ec1e7f5-fd0b-5f36-8aef-f87a450d675c,8.25297e+10,5620,825.297
1658297153,ALPHAUSDT,Buy,100,0.14710,PlusTick,5e89dfc7-eaca-569b-bf2b-be2d0a2de59e,1.471e+09,100,14.71
1658297373,ALPHAUSDT,Sell,17,0.14740,PlusTick,6b218c30-1012-5654-afb2-e44e44d4d48f,2.5058000000000003e+08,17,2.5058000000000002
1658297453,ALPHAUSDT,Sell,100,0.14735,MinusTick,d4c0029b-2a1e-5634-8188-9366232f5f32,1.4735000000000002e+09,100,14.735000000000001
1658297543,ALPHAUSDT,Sell,13,0.14730,MinusTick,1559dac8-c25d-51b1-a04d-3d79538c7cc4,1.9148999999999997e+08,13,1.9148999999999998
1658297572,ALPHAUSDT,Buy,3500,0.14760,PlusTick,1d35444f-ea5a-595a-8f84-645e17ce1f2d,5.166e+10,3500,516.6
1658297572,ALPHAUSDT,Buy,678,0.14760,ZeroMinusTick,d029894b-a1e3-53f6-bba1-3998900e49d9,1.000728e+10,678,100.0728
1658297572,ALPHAUSDT,Buy,4784,0.14760,ZeroMinusTick,febc1501-8c60-557a-b252-522ae0e9f90c,7.061184e+10,4784,706.1184000000001
1658297572,ALPHAUSDT,Buy,6000,0.14760,ZeroMinusTick,bfa852e1-8f6b-58e0-bd3e-a923d8a7332a,8.856e+10,6000,885.6
1658297572,ALPHAUSDT,Buy,11385,0.14765,PlusTick,a8826c48-b91f-5165-bb55-49023c8087b2,1.68099525e+11,11385,1680.99525
1658297572,ALPHAUSDT,Buy,9206,0.14765,ZeroMinusTick,515a76be-2fe6-57b5-8c0c-0b1f271eb814,1.3592659000000002e+11,9206,1359.2659
1658297572,ALPHAUSDT,Buy,682,0.14770,PlusTick,f039cf2d-23bd-5656-91f8-476d9f42e84b,1.007314e+10,682,100.7314
1658297572,ALPHAUSDT,Buy,3765,0.14770,ZeroMinusTick,25eb02d4-3d09-52e7-affa-2bc2cbb24868,5.560905e+10,3765,556.0905
1658297574,ALPHAUSDT,Buy,140,0.14750,MinusTick,15606ba6-fc51-544d-bc69-901cf175fbd8,2.0649999999999998e+09,140,20.65
1658297674,ALPHAUSDT,Sell,682,0.14700,MinusTick,ac6b2e5d-3955-5a16-ba65-408bb03e56c7,1.00254e+10,682,100.25399999999999
1658297702,ALPHAUSDT,Sell,3326,0.14695,MinusTick,92dfce47-b90a-5049-907d-86b640fc3736,4.887557e+10,3326,488.7557
1658297703,ALPHAUSDT,Sell,1,0.14695,ZeroMinusTick,fc3a9386-74c0-562e-813a-85b1be0edb90,1.4695e+07,1,0.14695
1658297709,ALPHAUSDT,Sell,8,0.14695,ZeroMinusTick,d8a6d988-b90f-53ed-9b15-6cb3396f060e,1.1756e+08,8,1.1756
1658297740,ALPHAUSDT,Sell,3500,0.14695,ZeroMinusTick,c5750f30-fff1-56a9-af75-1d304ab8469a,5.143250000000001e+10,3500,514.325
1658297740,ALPHAUSDT,Sell,680,0.14695,ZeroMinusTick,fa50dfd2-65f7-5fbe-b0dd-291eea35293d,9.9926e+09,680,99.926
1658297740,ALPHAUSDT,Sell,721,0.14690,MinusTick,af965e46-176a-5cfe-accc-bdcf3db7debc,1.059149e+10,721,105.9149
1658297833,ALPHAUSDT,Buy,10,0.14690,ZeroMinusTick,8948487d-3f4c-5891-a8b3-ddf1dba5db9e,1.469e+08,10,1.469
1658297854,ALPHAUSDT,Buy,1342,0.14695,PlusTick,3734c347-9488-563c-8afb-d4c6c11954a4,1.972069e+10,1342,197.2069
1658297854,ALPHAUSDT,Buy,4094,0.14695,ZeroMinusTick,507c7e56-9dd9-58fc-99a6-84922d029ae1,6.016133e+10,4094,601.6133
1658297854,ALPHAUSDT,Buy,482,0.14695,ZeroMinusTick,00e9f2e4-5c88-5bdd-9ac1-d49919919f3c,7.082989999999999e+09,482,70.8299
1658297923,ALPHAUSDT,Sell,8,0.14690,MinusTick,dd2e5753-129c-55a6-a851-00ce7884a0fd,1.1752e+08,8,1.1752
1658298053,ALPHAUSDT,Buy,1,0.14750,PlusTick,52ed7f12-8690-5d06-97f6-b22b16d1748d,1.475e+07,1,0.1475
1658298059,ALPHAUSDT,Sell,682,0.14740,MinusTick,a2abddef-b1a3-5ef6-a28e-947a047dbd25,1.005268e+10,682,100.52680000000001
1658298073,ALPHAUSDT,Buy,696,0.14745,PlusTick,0bb598a1-d755-5de3-b3d5-d2429a5d8674,1.026252e+10,696,102.62519999999999
1658298107,ALPHAUSDT,Buy,131,0.14770,PlusTick,0f8a9b4a-04b5-5ac6-beee-abcf8aeb817e,1.93487e+09,131,19.3487
1658298123,ALPHAUSDT,Buy,100,0.14770,ZeroMinusTick,e4ffa362-8500-5f75-9f17-0e4e75f7d085,1.477e+09,100,14.77
1658298179,ALPHAUSDT,Sell,84,0.14765,MinusTick,2e403c2d-bb00-51e7-9a00-45ccc0121f4a,1.24026e+09,84,12.4026
1658298191,ALPHAUSDT,Buy,3196,0.14765,ZeroMinusTick,edf84485-93b8-5295-9895-d3fcceaf9e42,4.718894e+10,3196,471.8894
1658298191,ALPHAUSDT,Buy,6721,0.14765,ZeroMinusTick,5b93faaa-1dca-567b-898f-49c5c31d257d,9.9235565e+10,6721,992.35565
1658298191,ALPHAUSDT,Buy,509,0.14765,ZeroMinusTick,3bc6c2c3-3828-536a-95b4-e4c3032a59fe,7.515385000000001e+09,509,75.15385
1658298224,ALPHAUSDT,Sell,3500,0.14765,ZeroMinusTick,07917317-241c-5e32-9719-9f19eb284040,5.16775e+10,3500,516.775
1658298224,ALPHAUSDT,Sell,682,0.14760,MinusTick,149ffd03-f9d0-5fe0-9ce9-33453dbcc0e2,1.006632e+10,682,100.6632
1658298224,ALPHAUSDT,Sell,719,0.14760,ZeroMinusTick,b53b728c-5038-52b5-a531-854e65126da4,1.061244e+10,719,106.12440000000001
1658298293,ALPHAUSDT,Sell,16,0.14750,MinusTick,ad8dca79-2f7d-597d-a7cb-9429e97f0cdc,2.36e+08,16,2.36
1658298438,ALPHAUSDT,Buy,44,0.14810,PlusTick,e0910831-89a6-577f-bbfe-1d3d76b9f3e8,6.516400000000001e+08,44,6.516400000000001
1658298438,ALPHAUSDT,Buy,24,0.14815,PlusTick,89045b42-0d79-521c-a0cd-f7702a894930,3.5556e+08,24,3.5556
1658298438,ALPHAUSDT,Sell,43,0.14805,MinusTick,94f05b45-6af8-5358-b63f-527cffb6d003,6.366149999999999e+08,43,6.366149999999999
1658298458,ALPHAUSDT,Buy,3500,0.14790,MinusTick,26d86c84-9d0c-5436-b070-d8adca197a8a,5.1765e+10,3500,517.65
1658298466,ALPHAUSDT,Sell,113,0.14790,ZeroMinusTick,71dae9de-c961-5ad9-a696-1d62d91cd0ff,1.6712700000000002e+09,113,16.7127
1658298493,ALPHAUSDT,Sell,9,0.14780,MinusTick,2634fa20-0951-5765-8e94-1414b05c8a62,1.3301999999999999e+08,9,1.3301999999999998
1658298518,ALPHAUSDT,Sell,676,0.14780,ZeroMinusTick,882de484-cc39-525d-92b1-5d6444d3eb4f,9.991279999999998e+09,676,99.91279999999999
1658298546,ALPHAUSDT,Sell,283,0.14755,MinusTick,0cbd1b5c-404e-52c4-88f9-2c960b0e0f13,4.1756649999999995e+09,283,41.75664999999999
1658298609,ALPHAUSDT,Sell,344,0.14740,MinusTick,08e08abd-86ce-54e1-8576-1b2d3612ac6d,5.07056e+09,344,50.705600000000004
1658298633,ALPHAUSDT,Buy,2000,0.14750,PlusTick,c9e6fc34-55a4-5d6d-bea9-51d7891dbfd3,2.95e+10,2000,295
1658298633,ALPHAUSDT,Buy,202,0.14750,ZeroMinusTick,69236c69-bc81-538a-8319-2387d4d2fd3e,2.9795e+09,202,29.794999999999998
1658298663,ALPHAUSDT,Sell,4,0.14745,MinusTick,bc14e94f-01c7-5a09-855d-52c661d16505,5.898e+07,4,0.5898
1658298733,ALPHAUSDT,Sell,8,0.14725,MinusTick,baac4e1f-7d41-5a54-bf70-e24da0049b42,1.178e+08,8,1.178
1658298803,ALPHAUSDT,Buy,100,0.14700,MinusTick,c080bb67-bbc0-5853-95e4-4fcb92945d73,1.47e+09,100,14.7
1658298893,ALPHAUSDT,Sell,100,0.14695,MinusTick,ee67a5a3-ac04-5599-8dcc-ef56c3ba38e3,1.4695e+09,100,14.695
1658298913,ALPHAUSDT,Buy,100,0.14700,PlusTick,0023aaad-fc29-53fc-af75-3dc685e8a05a,1.47e+09,100,14.7
1658299020,ALPHAUSDT,Buy,682,0.14670,MinusTick,8aba777b-6a60-50bc-b7f2-bca5209c0219,1.000494e+10,682,100.04939999999999
1658299029,ALPHAUSDT,Buy,682,0.14680,PlusTick,c086005a-83bc-5bd9-b2a9-fd2e22e3f003,1.0011760000000002e+10,682,100.11760000000001
1658299030,ALPHAUSDT,Buy,682,0.14690,PlusTick,055a36fc-f105-5078-9b2c-0d7fe03dac55,1.001858e+10,682,100.1858
1658299030,ALPHAUSDT,Buy,682,0.14700,PlusTick,6cea14cf-1e55-50aa-b3c9-e546b611605b,1.00254e+10,682,100.25399999999999
1658299043,ALPHAUSDT,Sell,806,0.14725,PlusTick,9070fed3-4df1-5af4-bee7-b50090478491,1.186835e+10,806,118.6835
1658299133,ALPHAUSDT,Sell,1,0.14715,MinusTick,aa3c595a-ea86-5018-bf1f-426b978fb27c,1.4715e+07,1,0.14715
1658299169,ALPHAUSDT,Sell,806,0.14725,PlusTick,4e55785b-86c7-5c1f-bac5-ce4835c0fd27,1.186835e+10,806,118.6835
1658299263,ALPHAUSDT,Sell,4,0.14730,PlusTick,4e2d85af-0c61-53bb-a66a-fd84ead28d52,5.891999999999999e+07,4,0.5892
1658299373,ALPHAUSDT,Sell,1,0.14735,PlusTick,82e70ea3-e45d-5be9-9ade-480a2c974ea9,1.4735e+07,1,0.14735
1658299483,ALPHAUSDT,Sell,11,0.14755,PlusTick,6d2df825-c71d-5b0e-9a39-445c656a0fc1,1.62305e+08,11,1.6230499999999999
1658299519,ALPHAUSDT,Sell,2169,0.14750,MinusTick,cacac805-8c94-523e-a2f5-17b109205458,3.199275e+10,2169,319.9275
1658299519,ALPHAUSDT,Sell,1399,0.14750,ZeroMinusTick,dd5126c5-b8fa-547a-b8ff-6d4a69d55a6f,2.063525e+10,1399,206.3525
1658299519,ALPHAUSDT,Sell,506,0.14750,ZeroMinusTick,dd1b6689-8837-5cd9-aaf5-60ad8c646bc8,7.463499999999999e+09,506,74.63499999999999
1658299519,ALPHAUSDT,Sell,115,0.14750,ZeroMinusTick,b9d1fd72-64e5-53c0-a47c-4ddbb72f76a4,1.6962499999999998e+09,115,16.9625
1658299573,ALPHAUSDT,Buy,1,0.14750,ZeroMinusTick,bf59748f-0d68-5c17-ab0a-96967f38a6f9,1.475e+07,1,0.1475
1658299635,ALPHAUSDT,Sell,1461,0.14735,MinusTick,9f12e89b-4c92-573e-a1ff-6ffb45487461,2.1527835e+10,1461,215.27835000000002
1658299635,ALPHAUSDT,Sell,3071,0.14735,ZeroMinusTick,6e4471a7-1851-52fe-b1ff-55604f0dafd2,4.5251185e+10,3071,452.51185000000004
1658299635,ALPHAUSDT,Sell,421,0.14735,ZeroMinusTick,75e472a8-76d2-564c-a7c1-0acf063bea8a,6.203435e+09,421,62.03435
1658299635,ALPHAUSDT,Sell,3510,0.14730,MinusTick,89d73bdf-8145-5371-bda1-0098cd807aaa,5.170229999999999e+10,3510,517.0229999999999
1658299658,ALPHAUSDT,Buy,3500,0.14740,PlusTick,333f53f4-bbc8-5803-95fe-a90d4ab438e2,5.159e+10,3500,515.9
1658299658,ALPHAUSDT,Buy,3390,0.14745,PlusTick,d13d6722-4697-5310-8f9f-2d6bc721ca90,4.998555e+10,3390,499.8555
1658299747,ALPHAUSDT,Buy,344,0.14755,PlusTick,f64b167d-c7dc-54cf-a021-95f45e8e685b,5.07572e+09,344,50.7572
1658299753,ALPHAUSDT,Sell,100,0.14765,PlusTick,b9380f52-9928-5254-9762-95d1125ea7e7,1.4765e+09,100,14.765
1658299774,ALPHAUSDT,Sell,63,0.14780,PlusTick,fc8d98a4-f937-5aa9-90fe-f88ae27fb247,9.311399999999999e+08,63,9.311399999999999
1658299893,ALPHAUSDT,Sell,2,0.14755,MinusTick,6f019c9e-e7d9-532d-acfc-974e42968f0b,2.9509999999999996e+07,2,0.2951
1658300033,ALPHAUSDT,Sell,1,0.14725,MinusTick,24e44866-3863-5b8b-814e-df6bc9b6af73,1.4725e+07,1,0.14725
1658300137,ALPHAUSDT,Buy,3500,0.14730,PlusTick,14562c2c-7540-5060-ab64-e103a3a72903,5.155499999999999e+10,3500,515.55
1658300137,ALPHAUSDT,Buy,891,0.14735,PlusTick,856e7489-29a3-5e80-a532-82386bdb0809,1.3128885e+10,891,131.28885
1658300173,ALPHAUSDT,Buy,1,0.14730,MinusTick,df8ff86e-5521-54a3-8a9a-635e536bbab5,1.4729999999999998e+07,1,0.1473
1658300233,ALPHAUSDT,Sell,5,0.14720,MinusTick,d608e629-f191-5663-b060-c9b1076439c6,7.36e+07,5,0.736
1658300261,ALPHAUSDT,Sell,679,0.14720,ZeroMinusTick,c1aaa190-d38f-5a52-8b4e-939d72cfcf1d,9.99488e+09,679,99.94879999999999
1658300403,ALPHAUSDT,Buy,100,0.14740,PlusTick,a48f2a9b-6a68-52a6-a38b-8d06302d7ba0,1.474e+09,100,14.74
1658300437,ALPHAUSDT,Sell,245,0.14735,MinusTick,12b2a83f-5f26-5a2a-942d-c5e01680d4bb,3.6100750000000005e+09,245,36.100750000000005
1658300437,ALPHAUSDT,Sell,10,0.14735,ZeroMinusTick,f673aef8-1ad6-5c29-b1fd-6acdf9f66f3a,1.4735e+08,10,1.4735
1658300493,ALPHAUSDT,Sell,682,0.14700,MinusTick,e0bec3fb-5a93-5d17-97cf-fd0021909ab0,1.00254e+10,682,100.25399999999999
1658300493,ALPHAUSDT,Sell,680,0.14700,ZeroMinusTick,5b82d80d-0301-5c04-a1b5-0bd7989b71c0,9.996e+09,680,99.96
1658300549,ALPHAUSDT,Buy,679,0.14630,MinusTick,4344e487-6ca3-5e16-bd9e-1fcc78e47f12,9.933770000000002e+09,679,99.33770000000001
1658300583,ALPHAUSDT,Buy,35,0.14640,PlusTick,16e0c16f-da07-5e48-949a-0d8ce6925fef,5.1239999999999994e+08,35,5.124
1658300583,ALPHAUSDT,Sell,1,0.14625,MinusTick,f7c6c377-b8c3-5319-a70a-2806fef75151,1.4625e+07,1,0.14625
1658300633,ALPHAUSDT,Sell,1,0.14635,PlusTick,d506eadc-c27a-5727-976e-9eb23eefc598,1.4635e+07,1,0.14635
1658300763,ALPHAUSDT,Buy,15,0.14685,PlusTick,01c8207d-e162-585d-81b4-8d78e971d999,2.20275e+08,15,2.20275
1658300893,ALPHAUSDT,Sell,1,0.14745,PlusTick,d0445b3d-49f1-5dd5-a5e5-135e27c1c84b,1.4745e+07,1,0.14745
1658301103,ALPHAUSDT,Sell,19,0.14695,MinusTick,e1bb0106-e7de-5d7d-8056-a943419f4b4c,2.79205e+08,19,2.79205
1658301213,ALPHAUSDT,Buy,1,0.14670,MinusTick,b0672ea0-a8df-5ee8-a8ea-01b8950dcbe2,1.467e+07,1,0.1467
1658301224,ALPHAUSDT,Buy,3500,0.14670,ZeroMinusTick,520edf9f-f444-5536-9b3f-72081cc6fe64,5.134500000000001e+10,3500,513.45
1658301307,ALPHAUSDT,Sell,2296,0.14655,MinusTick,4ab4aac3-39da-5373-ba9b-fb4f307a6bf0,3.3647880000000004e+10,2296,336.47880000000004
1658301307,ALPHAUSDT,Sell,1091,0.14655,ZeroMinusTick,6063f596-18bf-543c-a924-ffc3a3eae66f,1.5988605000000002e+10,1091,159.88605
1658301309,ALPHAUSDT,Sell,841,0.14640,MinusTick,94740f0a-a853-5b8b-a233-f43d79195c4c,1.231224e+10,841,123.1224
1658301313,ALPHAUSDT,Buy,1,0.14630,MinusTick,9dd9c891-63c6-548b-ac1f-eae856c22f38,1.4630000000000002e+07,1,0.1463
1658301413,ALPHAUSDT,Sell,1,0.14625,MinusTick,7b5fe9ce-33e2-5877-bb23-7bd6b0e4261f,1.4625e+07,1,0.14625
1658301485,ALPHAUSDT,Buy,17,0.14685,PlusTick,f1744595-0b3b-5a51-93b3-37ae0194fd99,2.4964500000000003e+08,17,2.4964500000000003
1658301513,ALPHAUSDT,Buy,100,0.14700,PlusTick,7026d526-6352-5257-9d4e-e280851a5463,1.47e+09,100,14.7
1658301525,ALPHAUSDT,Buy,18,0.14700,ZeroMinusTick,069059e4-303b-594e-a847-dff7bfd4d049,2.646e+08,18,2.646
1658301555,ALPHAUSDT,Buy,1,0.14700,ZeroMinusTick,cc9ff03d-4915-5617-ba20-acf627020dc2,1.47e+07,1,0.147
1658301561,ALPHAUSDT,Buy,3481,0.14700,ZeroMinusTick,baacd774-9210-53b5-bfc9-b64c77816ae6,5.11707e+10,3481,511.707
1658301588,ALPHAUSDT,Sell,681,0.14690,MinusTick,c0ba1e9a-a55c-5856-bb1c-d4bc07045103,1.000389e+10,681,100.0389
1658301663,ALPHAUSDT,Buy,1,0.14680,MinusTick,06e68690-b92e-5450-a346-31b822fe812f,1.4680000000000002e+07,1,0.1468
1658301824,ALPHAUSDT,Buy,40,0.14680,ZeroMinusTick,fba62486-5ee7-5f59-926d-df5592fe66f1,5.872000000000001e+08,40,5.872000000000001
1658301842,ALPHAUSDT,Sell,8000,0.14670,MinusTick,c41a9c9f-3f6d-50c3-8625-3f82a92cb13a,1.1735999999999998e+11,8000,1173.6
1658301842,ALPHAUSDT,Sell,3175,0.14670,ZeroMinusTick,cf7a6053-6fa4-547c-94bc-fbc594bb0a5e,4.657725e+10,3175,465.7725
1658301863,ALPHAUSDT,Buy,1,0.14660,MinusTick,ba316b0f-6d13-5dd0-9a48-ff076acc02d6,1.466e+07,1,0.1466
1658302063,ALPHAUSDT,Sell,100,0.14665,PlusTick,50f42fb3-89b1-5f2e-b127-328d8c9feae1,1.4665e+09,100,14.665000000000001
1658302209,ALPHAUSDT,Sell,87,0.14665,ZeroMinusTick,88b78b81-934c-5f69-a305-a45464824a31,1.275855e+09,87,12.75855
1658302212,ALPHAUSDT,Sell,17,0.14665,ZeroMinusTick,af07e1ad-d0f2-5e08-9f68-d7ea371ae1ad,2.4930500000000003e+08,17,2.49305
1658302230,ALPHAUSDT,Buy,3500,0.14665,ZeroMinusTick,a894ed18-dc0a-56b0-af01-8bb82d24dc38,5.13275e+10,3500,513.275
1658302243,ALPHAUSDT,Sell,10,0.14660,MinusTick,f0f7643d-37e7-5f7f-9ee0-55de130f8643,1.4660000000000003e+08,10,1.4660000000000002
1658302346,ALPHAUSDT,Sell,2745,0.14670,PlusTick,d994f50a-1840-5eb1-803b-3d0845a169c7,4.026915e+10,2745,402.6915
1658302371,ALPHAUSDT,Buy,134,0.14670,ZeroMinusTick,2b5a6017-5b95-5b1d-963c-03de3c5212d6,1.9657799999999998e+09,134,19.657799999999998
1658302443,ALPHAUSDT,Buy,100,0.14660,MinusTick,ab4fa5de-1797-5140-8ab9-b3882d71c625,1.466e+09,100,14.66
1658302479,ALPHAUSDT,Buy,2019,0.14660,ZeroMinusTick,f2ae0a15-2b9c-50c1-a16c-c306def913ab,2.9598540000000004e+10,2019,295.9854
1658302516,ALPHAUSDT,Buy,3500,0.14650,MinusTick,113bc274-90ca-54b1-85a5-caf6a2c243ec,5.1275e+10,3500,512.75
1658302595,ALPHAUSDT,Sell,2843,0.14630,MinusTick,cb608603-b972-5526-9fae-f958a2e002e4,4.159309000000001e+10,2843,415.93090000000007
1658302663,ALPHAUSDT,Buy,10,0.14610,MinusTick,5e2489e4-57b3-5ce1-9bf0-4fda4739ec05,1.461e+08,10,1.461
1658302705,ALPHAUSDT,Buy,90,0.14610,ZeroMinusTick,a3ff9281-a240-529a-b8fc-2f3819c60ba1,1.3149e+09,90,13.149000000000001
1658302713,ALPHAUSDT,Sell,3500,0.14595,MinusTick,47440daa-82fa-5935-91ce-06a4d1813edd,5.10825e+10,3500,510.825
1658302803,ALPHAUSDT,Sell,20,0.14550,MinusTick,d2e7b2f1-60a9-57a0-b452-99ca9f4a7753,2.9099999999999994e+08,20,2.9099999999999997
1658302843,ALPHAUSDT,Sell,1,0.14585,PlusTick,66118179-2802-5bbd-a2b0-5857164fab14,1.4585e+07,1,0.14585
1658302856,ALPHAUSDT,Buy,168,0.14600,PlusTick,6125b39c-c814-5866-a36c-f98331272641,2.4528e+09,168,24.528
1658302879,ALPHAUSDT,Buy,675,0.14580,MinusTick,8323a3b8-f8fe-516b-b7ed-e4d8d2186ea2,9.8415e+09,675,98.415
1658302933,ALPHAUSDT,Sell,20,0.14590,PlusTick,c393951a-b52b-5040-a39c-35273e906ee5,2.918e+08,20,2.918
1658303103,ALPHAUSDT,Buy,11,0.14535,MinusTick,b845558a-2e97-50f2-bf0e-83c205f80858,1.59885e+08,11,1.59885
1658303109,ALPHAUSDT,Sell,85,0.14535,ZeroMinusTick,37f958e4-76bd-51b5-9dba-8b8d3f2d7404,1.235475e+09,85,12.354750000000001
1658303243,ALPHAUSDT,Buy,1,0.14550,PlusTick,43b59874-a4de-57f3-9e8c-5e38820604e6,1.4549999999999998e+07,1,0.1455
1658303390,ALPHAUSDT,Sell,679,0.14510,MinusTick,9c3b73c4-ed8e-58fb-b0d3-a11056f79c0c,9.85229e+09,679,98.5229
1658303390,ALPHAUSDT,Sell,3524,0.14510,ZeroMinusTick,5af5311d-68ce-5ea0-817b-31a900281a3c,5.113324e+10,3524,511.3324
1658303443,ALPHAUSDT,Buy,7,0.14530,PlusTick,e9383b2e-a355-520c-9a90-e84cf9a523af,1.0171000000000001e+08,7,1.0171000000000001
1658303483,ALPHAUSDT,Buy,100,0.14520,MinusTick,7937327d-3a7e-51b6-9948-21a110800e04,1.452e+09,100,14.52
1658303508,ALPHAUSDT,Buy,3500,0.14520,ZeroMinusTick,dfc1bfbf-3c9b-537b-810b-c37ee949f3e3,5.082e+10,3500,508.2
1658303566,ALPHAUSDT,Buy,939,0.14520,ZeroMinusTick,22df763b-2907-54d6-bd8c-e3bbce8e1e6b,1.3634279999999998e+10,939,136.34279999999998
1658303623,ALPHAUSDT,Sell,4987,0.14500,MinusTick,87c0488a-ac69-58c2-abb8-fd11626f9a90,7.231149999999998e+10,4987,723.1149999999999
1658303623,ALPHAUSDT,Sell,718,0.14500,ZeroMinusTick,ef57de8c-0428-5c80-8ac6-758ec74b9957,1.0411e+10,718,104.11
1658303623,ALPHAUSDT,Sell,675,0.14500,ZeroMinusTick,890391e3-8210-5cc7-bc5f-63841113108a,9.7875e+09,675,97.875
1658303623,ALPHAUSDT,Sell,1243,0.14500,ZeroMinusTick,41273060-07d8-55bb-ab0e-d10176bcc3ed,1.80235e+10,1243,180.23499999999999
1658303673,ALPHAUSDT,Sell,1,0.14495,MinusTick,d0f0020b-2c3a-5ab2-9fdc-ad09e90dcd67,1.4495e+07,1,0.14495
1658303733,ALPHAUSDT,Sell,1,0.14500,PlusTick,299408e1-3119-51a3-971d-46c7db679a47,1.4499999999999998e+07,1,0.145
1658303806,ALPHAUSDT,Sell,2664,0.14500,ZeroMinusTick,795b02f4-b59c-5a72-823e-2c77e9a25f89,3.8628e+10,2664,386.28
1658303806,ALPHAUSDT,Sell,2604,0.14500,ZeroMinusTick,86a54742-6bcd-5e15-93b7-bdf76b459d7f,3.7758e+10,2604,377.58
1658303806,ALPHAUSDT,Sell,3002,0.14500,ZeroMinusTick,3b75c7a2-dc8d-5428-a0bf-d0304e0177f3,4.3529e+10,3002,435.28999999999996
1658303806,ALPHAUSDT,Sell,1260,0.14500,ZeroMinusTick,3077b872-9254-5939-a759-29abdb14cd36,1.827e+10,1260,182.7
1658303813,ALPHAUSDT,Buy,3500,0.14490,MinusTick,afb06f24-5bcc-54fc-bb2e-41ee46d57f2b,5.0715e+10,3500,507.15
1658303843,ALPHAUSDT,Sell,17,0.14470,MinusTick,215fe586-e16b-542d-833d-c4e00818fae0,2.4598999999999997e+08,17,2.4598999999999998
1658303860,ALPHAUSDT,Buy,3500,0.14480,PlusTick,96b19da8-a770-5754-8d69-1c821ca92946,5.068000000000001e+10,3500,506.80000000000007
1658303894,ALPHAUSDT,Sell,2843,0.14475,MinusTick,c8125762-0a6c-5268-9be6-25f003aed1dc,4.1152425e+10,2843,411.52425
1658303917,ALPHAUSDT,Sell,11023,0.14435,MinusTick,de35708c-c7bb-5f19-a0c2-d8471856fe54,1.5911700500000003e+11,11023,1591.1700500000002
1658303917,ALPHAUSDT,Sell,6128,0.14435,ZeroMinusTick,446584c4-1448-5da7-a51c-2d5f69d31718,8.845768e+10,6128,884.5768
1658303917,ALPHAUSDT,Sell,3500,0.14435,ZeroMinusTick,d8d52a6d-82d6-5622-aae1-cc7502b42d3a,5.05225e+10,3500,505.225
1658303929,ALPHAUSDT,Sell,693,0.14400,MinusTick,c063d727-83c1-5200-86c1-54ba7bc7e33f,9.979199999999998e+09,693,99.79199999999999
1658303929,ALPHAUSDT,Sell,3500,0.14395,MinusTick,1db09396-5ffb-56de-9e20-ce0fae7cd0a5,5.03825e+10,3500,503.825
1658303929,ALPHAUSDT,Sell,689,0.14390,MinusTick,cb09040a-d5f2-5ed1-a08f-878bbbd06dbf,9.91471e+09,689,99.1471
1658303947,ALPHAUSDT,Sell,14,0.14360,MinusTick,558b51a6-a867-53dd-b81d-1050ee84c6f9,2.0104000000000003e+08,14,2.0104
1658303947,ALPHAUSDT,Sell,2256,0.14360,ZeroMinusTick,80c04f35-5414-5916-989f-e1c68736efd0,3.2396160000000004e+10,2256,323.96160000000003
1658303947,ALPHAUSDT,Sell,5661,0.14360,ZeroMinusTick,5b96341a-2eb6-55cd-9e7b-e279904b6a89,8.129196e+10,5661,812.9196000000001
1658303973,ALPHAUSDT,Sell,15,0.14350,MinusTick,4ff30863-d341-518d-9650-73073176e6aa,2.1525e+08,15,2.1525
1658303975,ALPHAUSDT,Sell,8184,0.14350,ZeroMinusTick,941aafd4-8a23-5467-880a-3866d8f13c5e,1.174404e+11,8184,1174.404
1658304015,ALPHAUSDT,Buy,3500,0.14360,PlusTick,0be1b35a-84c3-5645-bdc3-cd3b349c3a10,5.026e+10,3500,502.6
1658304023,ALPHAUSDT,Buy,1,0.14390,PlusTick,fafa7aee-f31a-5ee5-a2d9-c924d63bbf8d,1.439e+07,1,0.1439
1658304038,ALPHAUSDT,Sell,689,0.14390,ZeroMinusTick,2cca49fb-1213-5548-9d5d-88522b9d326f,9.91471e+09,689,99.1471
1658304063,ALPHAUSDT,Buy,100,0.14390,ZeroMinusTick,c7ba0029-593c-5b4b-80a4-344a4b14245f,1.439e+09,100,14.39
1658304081,ALPHAUSDT,Sell,900,0.14420,PlusTick,6cee4a2f-25bf-5392-8b12-87e48626e4f4,1.2978e+10,900,129.78
1658304081,ALPHAUSDT,Sell,1052,0.14420,ZeroMinusTick,99dd1078-086a-54e9-ac98-38cf908372ad,1.516984e+10,1052,151.6984
1658304082,ALPHAUSDT,Sell,689,0.14410,MinusTick,7c28ab6a-16bb-5b69-bdc0-0eaa35ee1920,9.92849e+09,689,99.28490000000001
1658304127,ALPHAUSDT,Sell,3500,0.14445,PlusTick,0c6a5684-df55-5df8-8642-be3dc353728a,5.05575e+10,3500,505.575
1658304129,ALPHAUSDT,Sell,689,0.14440,MinusTick,1deb6d63-fb06-5ff1-a495-9b89440fddc0,9.94916e+09,689,99.4916
1658304132,ALPHAUSDT,Sell,3500,0.14445,PlusTick,fca329d8-6373-5164-8b16-79bf38adf640,5.05575e+10,3500,505.575
1658304137,ALPHAUSDT,Buy,3500,0.14460,PlusTick,7e7950aa-9965-5f74-8c5e-f3ca1310078a,5.061e+10,3500,506.1
1658304137,ALPHAUSDT,Buy,2078,0.14460,ZeroMinusTick,0109e06e-7a26-5edf-b91e-f75d83c5379d,3.0047880000000004e+10,2078,300.47880000000004
1658304163,ALPHAUSDT,Buy,100,0.14490,PlusTick,400fa02b-e4c0-58c5-a0dc-6d076da5b789,1.449e+09,100,14.49
1658304164,ALPHAUSDT,Sell,3500,0.14475,MinusTick,cd7ae79a-542f-561c-91a2-49db3af35f4b,5.066249999999999e+10,3500,506.62499999999994
1658304273,ALPHAUSDT,Sell,239,0.14445,MinusTick,8fc0c009-78e3-521a-b2f2-eebbb032c97d,3.452355e+09,239,34.52355
1658304290,ALPHAUSDT,Buy,239,0.14470,PlusTick,8d5a3cb3-8b22-596d-8238-502991861d29,3.45833e+09,239,34.5833
1658304323,ALPHAUSDT,Buy,1,0.14470,ZeroMinusTick,6a44d3c5-984f-5be5-b4b0-40eadcaab393,1.447e+07,1,0.1447
1658304337,ALPHAUSDT,Buy,3499,0.14470,ZeroMinusTick,41b13211-549f-5044-b665-bfb72a0b6bdb,5.063053e+10,3499,506.3053
1658304337,ALPHAUSDT,Buy,4337,0.14470,ZeroMinusTick,f3db334d-573d-5c4a-a43c-1632d9fb1513,6.275639e+10,4337,627.5639
1658304337,ALPHAUSDT,Buy,2166,0.14475,PlusTick,c8072af8-9559-5ed8-9608-0cef28b88d64,3.1352849999999996e+10,2166,313.52849999999995
1658304401,ALPHAUSDT,Buy,3500,0.14460,MinusTick,85ebf5d8-5d81-581a-b615-42c9dd37e660,5.061e+10,3500,506.1
1658304453,ALPHAUSDT,Sell,15,0.14430,MinusTick,9b8eea15-4898-5fbe-993e-28cffbf6e36b,2.1645000000000003e+08,15,2.1645000000000003
1658304493,ALPHAUSDT,Sell,1,0.14445,PlusTick,2334e453-eff4-5cce-b48d-1952ee77f197,1.4445e+07,1,0.14445
1658304598,ALPHAUSDT,Sell,689,0.14410,MinusTick,2af105ed-5003-5428-be55-9f3721aa7c0f,9.92849e+09,689,99.28490000000001
1658304603,ALPHAUSDT,Buy,3500,0.14420,PlusTick,ec364b46-a0a4-5400-ab76-b0f11d92a790,5.047e+10,3500,504.7
1658304603,ALPHAUSDT,Sell,100,0.14405,MinusTick,295c1c16-8042-57bb-8e3d-56045f9f4d48,1.4405e+09,100,14.405000000000001
1658304733,ALPHAUSDT,Buy,1,0.14450,PlusTick,b249a528-dcaa-5258-84e8-6347372b1c17,1.4449999999999998e+07,1,0.1445
1658304733,ALPHAUSDT,Buy,3499,0.14450,ZeroMinusTick,d2b11107-2864-5f0c-8316-b0616d21d5cf,5.056054999999999e+10,3499,505.60549999999995
1658304733,ALPHAUSDT,Buy,2206,0.14455,PlusTick,da0439df-b9a9-5be2-9676-59fcbb10d141,3.1887730000000004e+10,2206,318.87730000000005
1658304763,ALPHAUSDT,Sell,100,0.14425,MinusTick,e34a151d-6729-541d-9132-005ed842e4c5,1.4425e+09,100,14.424999999999999
1658304768,ALPHAUSDT,Sell,2902,0.14435,PlusTick,1caf65e7-99a8-5ed8-95c0-3b06a18f5f8d,4.189037e+10,2902,418.9037
1658304943,ALPHAUSDT,Sell,19,0.14440,PlusTick,521e2cd3-98be-5cdf-8ef2-9a198f7c1017,2.7436e+08,19,2.7436
1658304962,ALPHAUSDT,Buy,3500,0.14440,ZeroMinusTick,56395be2-5f95-5e20-aef6-ef4f9235213e,5.054e+10,3500,505.4
1658304969,ALPHAUSDT,Buy,26,0.14455,PlusTick,630d88f2-6102-51d3-bf5d-4d4d9b2edbd8,3.7583e+08,26,3.7583
1658305083,ALPHAUSDT,Buy,1,0.14480,PlusTick,098e6367-d2ee-5f65-93ad-5f8bbb341b89,1.4480000000000002e+07,1,0.1448
1658305193,ALPHAUSDT,Sell,1,0.14465,MinusTick,07a08af3-be35-5b00-a70a-66670e8c443e,1.4465e+07,1,0.14465
1658305241,ALPHAUSDT,Sell,3500,0.14475,PlusTick,7b572713-c97e-50da-a365-a710d32568a9,5.066249999999999e+10,3500,506.62499999999994
1658305241,ALPHAUSDT,Sell,4784,0.14475,ZeroMinusTick,a3802663-4727-5d1a-954b-8af47b2f39b0,6.924839999999998e+10,4784,692.4839999999999
1658305241,ALPHAUSDT,Sell,5464,0.14470,MinusTick,4f028e7b-ae6d-55f7-aa72-b67e3916afa0,7.906408e+10,5464,790.6408
1658305241,ALPHAUSDT,Sell,689,0.14460,MinusTick,57dbd6a5-f6c4-5478-9365-f9fede8f9666,9.96294e+09,689,99.6294
1658305241,ALPHAUSDT,Sell,5526,0.14460,ZeroMinusTick,3d6f33d4-cc72-5248-ab13-2d0acb31c4d7,7.990596e+10,5526,799.0596
1658305241,ALPHAUSDT,Sell,5524,0.14460,ZeroMinusTick,197d8a91-822c-588f-8f05-3a6b72788a38,7.987704e+10,5524,798.7704
1658305241,ALPHAUSDT,Sell,691,0.14460,ZeroMinusTick,d98f1962-64a1-509e-93cf-8a6ad6e190a3,9.99186e+09,691,99.9186
1658305241,ALPHAUSDT,Sell,3500,0.14455,MinusTick,b4e69633-76bd-5d44-9274-ae93bccc1195,5.059250000000001e+10,3500,505.92500000000007
1658305343,ALPHAUSDT,Sell,1,0.14465,PlusTick,2e00c5ca-76c3-59c3-a673-cb82fd10ebbb,1.4465e+07,1,0.14465
1658305376,ALPHAUSDT,Buy,11621,0.14485,PlusTick,b07d3d18-f5e1-52d5-9657-3acc35fbe35c,1.68330185e+11,11621,1683.30185
1658305376,ALPHAUSDT,Buy,5464,0.14490,PlusTick,e6ed81d2-7033-5ade-8bcc-646273d2a0e3,7.917336e+10,5464,791.7336
1658305461,ALPHAUSDT,Buy,1663,0.14470,MinusTick,ff5fbe9e-28d9-5ffe-8ab5-371095ae2ad8,2.406361e+10,1663,240.6361
1658305543,ALPHAUSDT,Buy,1,0.14450,MinusTick,af66d653-ae8b-56df-811e-8ffad6eff1e2,1.4449999999999998e+07,1,0.1445
1658305693,ALPHAUSDT,Buy,3,0.14455,PlusTick,afd2b6ef-6d2a-5e38-970a-407579a9c67f,4.3365e+07,3,0.43365000000000004
1658305719,ALPHAUSDT,Sell,10002,0.14430,MinusTick,24c67a06-d1a2-5751-bb64-ec63ff8fd0f6,1.4432886e+11,10002,1443.2886
1658305787,ALPHAUSDT,Buy,3500,0.14430,ZeroMinusTick,1aa4b3c0-8aca-5bd3-a631-24f1bc3e5f91,5.050500000000001e+10,3500,505.05000000000007
1658305883,ALPHAUSDT,Buy,19,0.14405,MinusTick,d89ad170-16e5-5518-bbef-a59c9b424e71,2.73695e+08,19,2.73695
1658305933,ALPHAUSDT,Buy,225,0.14400,MinusTick,9e1838be-e1b6-52aa-8214-5697d218d961,3.24e+09,225,32.4
1658305933,ALPHAUSDT,Buy,1635,0.14410,PlusTick,a12ce943-2696-503a-8426-7ddd8dcd6b99,2.356035e+10,1635,235.6035
1658305934,ALPHAUSDT,Buy,1,0.14410,ZeroMinusTick,d9c256ec-58b4-5032-94f8-d717a0906e77,1.441e+07,1,0.1441
1658306094,ALPHAUSDT,Sell,15,0.14365,MinusTick,7b146e6d-c9fb-596f-b361-b3ddda5d9947,2.15475e+08,15,2.15475
1658306144,ALPHAUSDT,Buy,1,0.14360,MinusTick,b51c39c6-54c6-5b80-9553-c3adb00630cd,1.436e+07,1,0.1436
1658306214,ALPHAUSDT,Buy,18,0.14360,ZeroMinusTick,de8ab652-1c96-50c5-849c-ccb17cc0dc2b,2.5848e+08,18,2.5848
1658306254,ALPHAUSDT,Buy,697,0.14350,MinusTick,515895cc-0c70-5e82-b0ae-e73227f65bf6,1.000195e+10,697,100.0195
1658306254,ALPHAUSDT,Buy,4784,0.14350,ZeroMinusTick,ccb0c5a5-936d-505c-935f-dc678ab26d64,6.865039999999999e+10,4784,686.5039999999999
1658306254,ALPHAUSDT,Buy,1192,0.14360,PlusTick,90dc0199-46bd-528c-960c-ea11c984a3c8,1.711712e+10,1192,171.1712
1658306254,ALPHAUSDT,Buy,4383,0.14360,ZeroMinusTick,8bec58da-5498-578d-8998-bd5cd343043f,6.293988000000001e+10,4383,629.3988
1658306254,ALPHAUSDT,Buy,689,0.14360,ZeroMinusTick,ea0f585c-a0d0-5bd2-b582-f7013ef26b81,9.89404e+09,689,98.9404
1658306254,ALPHAUSDT,Buy,5573,0.14360,ZeroMinusTick,3c880ca7-9ff0-53f3-9482-337614ff2c03,8.002828e+10,5573,800.2828000000001
1658306254,ALPHAUSDT,Buy,6539,0.14360,ZeroMinusTick,ae65f4aa-0692-55c9-8abf-5a2d1a6b7129,9.390004e+10,6539,939.0004
1658306254,ALPHAUSDT,Buy,689,0.14370,PlusTick,2ac795db-f6f7-5eae-9794-d2cf27f4bac0,9.90093e+09,689,99.0093
1658306254,ALPHAUSDT,Buy,1101,0.14375,PlusTick,cd1eec97-51eb-5931-aa26-c3726a28b04f,1.5826874999999998e+10,1101,158.26874999999998
1658306254,ALPHAUSDT,Buy,1250,0.14375,ZeroMinusTick,7911ffff-044f-5829-a23b-fb311617bb66,1.796875e+10,1250,179.6875
1658306254,ALPHAUSDT,Buy,689,0.14370,MinusTick,c66eb1ff-a073-5eed-b131-534cb0e66421,9.90093e+09,689,99.0093
1658306254,ALPHAUSDT,Buy,689,0.14370,ZeroMinusTick,84d8388f-777d-529f-a7f8-fafcd2a2dc99,9.90093e+09,689,99.0093
1658306254,ALPHAUSDT,Buy,598,0.14370,ZeroMinusTick,f60fa39d-6db5-521b-bf01-b2aabce813d2,8.59326e+09,598,85.9326
1658306254,ALPHAUSDT,Buy,9344,0.14375,PlusTick,c22a4e9f-3c0e-5f3d-b74d-fd955e7cade5,1.3431999999999998e+11,9344,1343.1999999999998
1658306254,ALPHAUSDT,Buy,7280,0.14370,MinusTick,a15ded8c-5e48-5fc0-b778-938340fc447b,1.046136e+11,7280,1046.136
1658306274,ALPHAUSDT,Sell,13,0.14370,ZeroMinusTick,775fdc25-0a1c-54bf-8b09-b4a0cb587654,1.8681e+08,13,1.8680999999999999
1658306280,ALPHAUSDT,Sell,2577,0.14370,ZeroMinusTick,a4b6e663-4a3c-5eac-a777-9b8aac3ec8ec,3.703149e+10,2577,370.31489999999997
1658306326,ALPHAUSDT,Sell,554,0.14340,MinusTick,7c13e8f8-9081-51f8-a862-8ce5e12337bf,7.94436e+09,554,79.4436
1658306341,ALPHAUSDT,Buy,689,0.14320,MinusTick,6e781f0f-203b-5b08-8184-f225926cd37f,9.86648e+09,689,98.6648
1658306378,ALPHAUSDT,Buy,689,0.14320,ZeroMinusTick,ad29f224-8cf2-5fac-80b1-c1931557fd23,9.86648e+09,689,98.6648
1658306378,ALPHAUSDT,Buy,2380,0.14320,ZeroMinusTick,7cdb32fc-7486-53a4-997a-8e916d74abeb,3.4081599999999996e+10,2380,340.816
1658306427,ALPHAUSDT,Buy,689,0.14320,ZeroMinusTick,9d11885c-c9cc-5777-b8f7-0f806a43e51e,9.86648e+09,689,98.6648
1658306444,ALPHAUSDT,Buy,17,0.14320,ZeroMinusTick,8242b35f-666f-5424-b51c-d760588bc57e,2.4344e+08,17,2.4344
1658306588,ALPHAUSDT,Sell,963,0.14310,MinusTick,a15febd9-713b-5476-99f8-492b8d2f624d,1.3780530000000002e+10,963,137.80530000000002
1658306588,ALPHAUSDT,Sell,135,0.14305,MinusTick,078bf41f-3575-5d53-8062-3465ac9c9818,1.931175e+09,135,19.31175
1658306624,ALPHAUSDT,Sell,5,0.14290,MinusTick,f393b224-1305-590d-a9df-ef04dd63fff5,7.145e+07,5,0.7145
1658306710,ALPHAUSDT,Buy,102,0.14320,PlusTick,fcf7d994-b295-543b-b40b-0c0223935bc5,1.46064e+09,102,14.606399999999999
1658306809,ALPHAUSDT,Sell,11366,0.14260,MinusTick,1f32b6d3-a182-5714-87ce-2674d6068f67,1.6207916e+11,11366,1620.7916
1658306809,ALPHAUSDT,Sell,12021,0.14255,MinusTick,79e2e918-5d1f-5302-8e0e-4476446ea400,1.71359355e+11,12021,1713.59355
1658306809,ALPHAUSDT,Sell,6539,0.14255,ZeroMinusTick,2e126096-06cb-5856-9d46-ca47392ef3f1,9.3213445e+10,6539,932.13445
1658306809,ALPHAUSDT,Sell,12021,0.14250,MinusTick,870f93f9-8d90-53c0-b016-a59833a5b717,1.7129924999999997e+11,12021,1712.9924999999998
1658306809,ALPHAUSDT,Sell,689,0.14240,MinusTick,bcad0b2a-c0b0-538a-8128-de0f3c748cac,9.81136e+09,689,98.1136
1658306809,ALPHAUSDT,Sell,167,0.14230,MinusTick,21159524-2d2b-5f42-9fff-e7a427eee9ff,2.3764100000000005e+09,167,23.764100000000003
1658306809,ALPHAUSDT,Sell,2924,0.14230,ZeroMinusTick,0c529db3-b132-555d-a066-9a7200c6327f,4.160852000000001e+10,2924,416.08520000000004
1658306809,ALPHAUSDT,Sell,864,0.14225,MinusTick,b6bc381f-adb9-5822-84c1-3cf0d7d86be8,1.22904e+10,864,122.904
1658306809,ALPHAUSDT,Sell,168,0.14235,PlusTick,88362f08-2055-577e-b98d-482ee19ed18c,2.39148e+09,168,23.9148
1658306809,ALPHAUSDT,Sell,342,0.14235,ZeroMinusTick,0536b0c8-5dda-52b2-a15e-362656b3f28f,4.86837e+09,342,48.6837
1658306810,ALPHAUSDT,Buy,1,0.14240,PlusTick,7f1b08d5-72a6-5418-8181-c52ee48f7396,1.424e+07,1,0.1424
1658306810,ALPHAUSDT,Buy,700,0.14240,ZeroMinusTick,a314bb92-60fb-50da-9f0f-cf2538ae276f,9.968e+09,700,99.67999999999999
1658306810,ALPHAUSDT,Buy,1518,0.14255,PlusTick,bc464a32-5313-5b7a-bb36-12b1fc2594d9,2.163909e+10,1518,216.39090000000002
1658306810,ALPHAUSDT,Buy,344,0.14255,ZeroMinusTick,71170ebb-47a4-5dda-bbfd-79567d5e25da,4.903720000000001e+09,344,49.037200000000006
1658306810,ALPHAUSDT,Buy,3756,0.14255,ZeroMinusTick,bea3ff33-89bf-5cbb-a1ce-a77f442c0fff,5.354178000000001e+10,3756,535.4178
1658306810,ALPHAUSDT,Buy,5615,0.14260,PlusTick,2d90b52b-5147-56a0-b200-aed603286fe8,8.00699e+10,5615,800.6990000000001
1658306810,ALPHAUSDT,Buy,689,0.14270,PlusTick,6bb0282c-c0fe-5e14-897d-683f3fb08b14,9.832029999999998e+09,689,98.32029999999999
1658306810,ALPHAUSDT,Buy,3498,0.14290,PlusTick,94736f36-f73b-5e1f-91b8-d211fb633caa,4.998642e+10,3498,499.8642
1658306810,ALPHAUSDT,Buy,689,0.14290,ZeroMinusTick,49877399-8ba8-50ba-950a-873e43511c08,9.84581e+09,689,98.4581
1658306810,ALPHAUSDT,Buy,19,0.14300,PlusTick,fecc2c71-3704-54d5-82b3-5cfdf44cffb7,2.7169999999999994e+08,19,2.7169999999999996
1658306824,ALPHAUSDT,Buy,1,0.14260,MinusTick,e2cf097f-def5-50db-a986-efa70cea2c9d,1.426e+07,1,0.1426
1658306843,ALPHAUSDT,Sell,1,0.14220,MinusTick,90f80a23-17e6-58a4-8c2f-090973813c52,1.422e+07,1,0.1422
1658306848,ALPHAUSDT,Buy,689,0.14230,PlusTick,60922a7b-f5c3-5c46-942e-98e824599a0b,9.80447e+09,689,98.0447
1658306852,ALPHAUSDT,Buy,703,0.14250,PlusTick,220fe8fd-a4c2-531e-934c-41d36a27de9c,1.001775e+10,703,100.1775
1658306862,ALPHAUSDT,Buy,11350,0.14275,PlusTick,497094aa-6e4e-5ab5-8bc0-566910142584,1.6202125e+11,11350,1620.2124999999999
1658306862,ALPHAUSDT,Buy,689,0.14280,PlusTick,e3dfb1b2-16d6-53bf-a964-576457570f64,9.83892e+09,689,98.3892
1658306886,ALPHAUSDT,Buy,700,0.14290,PlusTick,26278022-8709-59ab-8652-fca40f10ae3e,1.0003e+10,700,100.03
1658306886,ALPHAUSDT,Buy,7280,0.14300,PlusTick,03289bad-bd31-5ad7-8e9e-cfcf9c3a0389,1.04104e+11,7280,1041.04
1658306886,ALPHAUSDT,Buy,689,0.14310,PlusTick,7baa3794-a913-5a6e-a59d-20bd52cc747a,9.85959e+09,689,98.5959
1658306944,ALPHAUSDT,Sell,14,0.14295,MinusTick,4107312a-e548-5fcf-8fa9-4a6cdae02b11,2.0013e+08,14,2.0013
1658306945,ALPHAUSDT,Sell,270,0.14280,MinusTick,5842299e-0c0a-517a-bec4-4cbee5ce37a3,3.8556000000000005e+09,270,38.556000000000004
1658307054,ALPHAUSDT,Sell,1,0.14225,MinusTick,6185f87c-f244-5c25-8b22-85be022ff31e,1.4224999999999998e+07,1,0.14225
1658307054,ALPHAUSDT,Buy,2902,0.14240,PlusTick,71d3c243-d4c8-51f2-8ed9-175658525868,4.132448e+10,2902,413.2448
1658307069,ALPHAUSDT,Sell,3,0.14200,MinusTick,e1b91fe3-7b47-59d1-9ca1-715bb229cde5,4.259999999999999e+07,3,0.42599999999999993
1658307069,ALPHAUSDT,Sell,4784,0.14200,ZeroMinusTick,d30d9ed7-64cc-596e-890e-482f916af50f,6.79328e+10,4784,679.328
1658307069,ALPHAUSDT,Sell,6609,0.14195,MinusTick,1acef975-88b9-5326-941d-2c7a4479e22e,9.381475499999998e+10,6609,938.1475499999999
1658307079,ALPHAUSDT,Sell,1570,0.14175,MinusTick,d331768c-6f01-562e-b89c-aea0d565fa01,2.225475e+10,1570,222.54749999999999
1658307104,ALPHAUSDT,Buy,100,0.14180,PlusTick,649e769c-c19a-5815-81fd-2a7aa01f7838,1.4180000000000002e+09,100,14.180000000000001
1658307104,ALPHAUSDT,Buy,3400,0.14180,ZeroMinusTick,fc87efc2-59fe-5d36-8e8c-1d87a1c25654,4.8212e+10,3400,482.12
1658307134,ALPHAUSDT,Sell,100,0.14155,MinusTick,829b4706-c4f2-5f57-a78e-309abcec435d,1.4155e+09,100,14.155000000000001
1658307175,ALPHAUSDT,Sell,3500,0.14155,ZeroMinusTick,bfce4511-bc48-52f3-a7bd-9c31e39df56e,4.95425e+10,3500,495.425
1658307212,ALPHAUSDT,Buy,706,0.14170,PlusTick,dbf5bdeb-d33f-559f-b7ff-9bf2c0a26c61,1.000402e+10,706,100.0402
1658307212,ALPHAUSDT,Buy,5648,0.14175,PlusTick,8a5c9648-e922-5c35-9e11-a80160bb8498,8.00604e+10,5648,800.6039999999999
1658307212,ALPHAUSDT,Buy,8346,0.14175,ZeroMinusTick,1c8d2d6c-c893-540e-8252-18f56915bd7d,1.1830455e+11,8346,1183.0455
1658307212,ALPHAUSDT,Buy,689,0.14180,PlusTick,b1f1aada-b2ab-5814-8948-973b94a76983,9.77002e+09,689,97.70020000000001
1658307222,ALPHAUSDT,Buy,1570,0.14200,PlusTick,aa90b8f9-b00a-5d5d-882e-88638cc6b5da,2.2293999999999996e+10,1570,222.93999999999997
1658307223,ALPHAUSDT,Buy,1391,0.14200,ZeroMinusTick,3bd707cd-fcdf-545f-bbd3-280f30974ed1,1.97522e+10,1391,197.522
1658307274,ALPHAUSDT,Buy,1,0.14145,MinusTick,e0512e58-3f9f-58f8-bbdc-91e52caec407,1.4145e+07,1,0.14145
1658307280,ALPHAUSDT,Sell,45,0.14140,MinusTick,2a4f6be7-9aa5-5149-a773-606c30249862,6.363e+08,45,6.3629999999999995
1658307346,ALPHAUSDT,Sell,780,0.14085,MinusTick,e96ae21c-fdfe-5a43-8651-a4eadaea9e2f,1.09863e+10,780,109.863
1658307346,ALPHAUSDT,Buy,1663,0.14100,PlusTick,f275c644-79ea-5599-9241-05a7cee3d71c,2.3448299999999996e+10,1663,234.48299999999998
1658307346,ALPHAUSDT,Sell,2745,0.14085,MinusTick,a8f75d91-48cd-5be2-a32d-32cd82c74f6f,3.8663325e+10,2745,386.63325000000003
1658307355,ALPHAUSDT,Buy,1,0.14105,PlusTick,8f7a0818-f78f-5a96-b2dd-c1f7b22af9ae,1.4105e+07,1,0.14105
1658307355,ALPHAUSDT,Buy,11439,0.14105,ZeroMinusTick,2b76930b-3d69-538a-8f48-2807d0feb8dc,1.61347095e+11,11439,1613.4709500000001
1658307356,ALPHAUSDT,Buy,707,0.14110,PlusTick,9b7d1a92-95bf-5b1c-9849-00f0b6c57b6d,9.97577e+09,707,99.7577
1658307356,ALPHAUSDT,Buy,3153,0.14110,ZeroMinusTick,52873795-67ff-5005-9632-afbc9e0598b5,4.448883e+10,3153,444.8883
1658307356,ALPHAUSDT,Buy,707,0.14120,PlusTick,dd8ac337-f6e8-5af3-b3cf-021363e90050,9.982839999999998e+09,707,99.82839999999999
1658307356,ALPHAUSDT,Buy,707,0.14130,PlusTick,07f490a3-82b6-5b56-8104-e79e5c208c56,9.98991e+09,707,99.8991
1658307356,ALPHAUSDT,Buy,707,0.14140,PlusTick,e37b1594-cc36-503c-9989-5a2d7336cebd,9.99698e+09,707,99.96979999999999
1658307356,ALPHAUSDT,Buy,707,0.14150,PlusTick,49cad5d0-e2d2-54e3-baee-15b1dd49a4c8,1.000405e+10,707,100.0405
1658307368,ALPHAUSDT,Sell,2178,0.14155,PlusTick,2e4e4891-8610-5c7b-a947-0a202f3b562b,3.082959e+10,2178,308.2959
