timestamp,symbol,side,size,price,tickDirection,trdMatchID,grossValue,homeNotional,foreignNotional
1658275216,ANKRUSDT,Buy,858,0.03155,ZeroMinusTick,b403b1a9-0796-533b-bcbb-a89dda339481,2.70699e+09,858,27.0699
1658275216,ANKRUSDT,Buy,742,0.03155,ZeroMinusTick,d7b6ae42-423a-54d2-88f5-d2595cf86df3,2.34101e+09,742,23.4101
1658275216,ANKRUSDT,Buy,1600,0.03155,ZeroMinusTick,66bc39f4-2c2c-5852-8ba1-d5654f41b537,5.048e+09,1600,50.480000000000004
1658275216,ANKRUSDT,Buy,820,0.03155,ZeroMinusTick,ad0bf5cb-8e9d-5059-9468-98fb4941733b,2.5871e+09,820,25.871000000000002
1658275219,ANKRUSDT,Buy,1600,0.03160,PlusTick,322a2498-5bdd-5ae6-909a-e20140985ecd,5.056e+09,1600,50.56
1658275219,ANKRUSDT,Buy,1600,0.03160,ZeroMinusTick,38d32daf-30bf-5284-a049-b5f7af6b8086,5.056e+09,1600,50.56
1658275219,ANKRUSDT,Buy,1600,0.03160,ZeroMinusTick,295e3e07-2625-5ee1-932c-162a7aae65a6,5.056e+09,1600,50.56
1658275219,ANKRUSDT,Buy,1600,0.03160,ZeroMinusTick,00d7c987-77a5-5102-9f1c-f4ff2d51f4cc,5.056e+09,1600,50.56
1658275219,ANKRUSDT,Buy,1600,0.03160,ZeroMinusTick,7f499acb-e444-58e1-8882-e4ab99b69c9e,5.056e+09,1600,50.56
1658275219,ANKRUSDT,Buy,1600,0.03160,ZeroMinusTick,8a889329-6a64-5346-a5ac-fd18443365eb,5.056e+09,1600,50.56
1658275219,ANKRUSDT,Buy,1600,0.03160,ZeroMinusTick,684fe417-3ba4-5baf-890c-8419d7cf6f49,5.056e+09,1600,50.56
1658275219,ANKRUSDT,Buy,1600,0.03160,ZeroMinusTick,b72db4dc-f52f-59a5-a733-517b248ff263,5.056e+09,1600,50.56
1658275219,ANKRUSDT,Buy,1600,0.03160,ZeroMinusTick,f6e3406a-9646-59d9-8528-12f6129e2dfd,5.056e+09,1600,50.56
1658275219,ANKRUSDT,Buy,1457,0.03160,ZeroMinusTick,675f23f3-20e4-5c03-a75d-7b139e3f6e06,4.60412e+09,1457,46.0412
1658275219,ANKRUSDT,Buy,32,0.03160,ZeroMinusTick,13355f19-251d-5d8f-b9c2-8d48af5ec4e3,1.0112000000000001e+08,32,1.0112
1658275219,ANKRUSDT,Buy,111,0.03160,ZeroMinusTick,f254d7f1-18d2-5675-9a8c-f70ee0d5f631,3.5076000000000006e+08,111,3.5076000000000005
1658275219,ANKRUSDT,Buy,1600,0.03160,ZeroMinusTick,8f41f194-b182-513e-9ddd-a8de857a5ad5,5.056e+09,1600,50.56
1658275219,ANKRUSDT,Buy,1451,0.03160,ZeroMinusTick,bf7d579d-a177-5df9-8c1e-c32722893171,4.585160000000001e+09,1451,45.851600000000005
1658275220,ANKRUSDT,Sell,15904,0.03160,ZeroMinusTick,328772a4-9764-5c0c-86b0-965e8464a0e8,5.025664000000001e+10,15904,502.56640000000004
1658275222,ANKRUSDT,Buy,1600,0.03165,PlusTick,6862d966-95ba-590d-98f9-b42d4b789591,5.063999999999999e+09,1600,50.63999999999999
1658275222,ANKRUSDT,Buy,1600,0.03165,ZeroMinusTick,5c19d408-e868-50c3-9f7f-3835c9dbd84d,5.063999999999999e+09,1600,50.63999999999999
1658275222,ANKRUSDT,Buy,11200,0.03165,ZeroMinusTick,7081ae1c-bfb3-58be-9569-25f35acdea22,3.544799999999999e+10,11200,354.47999999999996
1658275222,ANKRUSDT,Buy,3127,0.03165,ZeroMinusTick,549e1ae5-6c8b-5c74-a030-3c10e468665f,9.896955e+09,3127,98.96955
1658275222,ANKRUSDT,Buy,50000,0.03165,ZeroMinusTick,e8410d65-c14a-5663-861c-4e6d6e1f2798,1.5824999999999997e+11,50000,1582.4999999999998
1658275222,ANKRUSDT,Buy,15000,0.03165,ZeroMinusTick,e54bbbff-482b-5d9c-9ffb-71c0e51fbde8,4.747499999999999e+10,15000,474.74999999999994
1658275222,ANKRUSDT,Sell,14132,0.03165,ZeroMinusTick,a940a241-67f8-594f-9a07-763876a7ae03,4.472777999999999e+10,14132,447.27779999999996
1658275222,ANKRUSDT,Sell,15000,0.03165,ZeroMinusTick,15fd8afd-e6bb-5c18-8de5-7d5dc0fc77e4,4.747499999999999e+10,15000,474.74999999999994
1658275222,ANKRUSDT,Sell,17500,0.03165,ZeroMinusTick,c446aa0b-733f-584b-bd15-2f04187a2a8e,5.53875e+10,17500,553.875
1658275222,ANKRUSDT,Sell,7519,0.03165,ZeroMinusTick,98ebddad-4ef1-5c40-b447-c24ffad0bc96,2.3797634999999996e+10,7519,237.97634999999997
1658275223,ANKRUSDT,Buy,1600,0.03165,ZeroMinusTick,ea5ea949-6266-56ff-915e-95003551b1f3,5.063999999999999e+09,1600,50.63999999999999
1658275223,ANKRUSDT,Buy,1600,0.03165,ZeroMinusTick,447c97f4-6b39-5e91-984a-a5c099ea4a60,5.063999999999999e+09,1600,50.63999999999999
1658275223,ANKRUSDT,Buy,7560,0.03165,ZeroMinusTick,d242bee4-dd5a-5ad5-8da0-bfc4c01d09a3,2.3927399999999996e+10,7560,239.27399999999997
1658275223,ANKRUSDT,Buy,1600,0.03165,ZeroMinusTick,f9c5eae0-0477-57ab-a737-6abae5972386,5.063999999999999e+09,1600,50.63999999999999
1658275223,ANKRUSDT,Buy,1600,0.03165,ZeroMinusTick,e2158245-0e92-57ef-882c-15529c13f3b2,5.063999999999999e+09,1600,50.63999999999999
1658275223,ANKRUSDT,Buy,1600,0.03165,ZeroMinusTick,33a05fe3-7278-5206-967b-7aa040cb43e1,5.063999999999999e+09,1600,50.63999999999999
1658275223,ANKRUSDT,Buy,7140,0.03165,ZeroMinusTick,1038ae47-7390-5acc-b914-1b6ca10f3a2e,2.25981e+10,7140,225.981
1658275223,ANKRUSDT,Buy,1600,0.03165,ZeroMinusTick,07ce4bd6-4d08-552c-ad4e-63f39272760d,5.063999999999999e+09,1600,50.63999999999999
1658275223,ANKRUSDT,Buy,1600,0.03165,ZeroMinusTick,b6ad1c66-0862-5490-81b6-2cd51dd2b96d,5.063999999999999e+09,1600,50.63999999999999
1658275223,ANKRUSDT,Buy,1600,0.03165,ZeroMinusTick,6728f6eb-a431-5031-8e83-e770a2636c08,5.063999999999999e+09,1600,50.63999999999999
1658275223,ANKRUSDT,Buy,1600,0.03165,ZeroMinusTick,f1abd086-c37d-59fe-8101-23c19e2d6ec2,5.063999999999999e+09,1600,50.63999999999999
1658275223,ANKRUSDT,Buy,1600,0.03165,ZeroMinusTick,69c3da0d-aedd-59b5-b61e-d22ca2d186f3,5.063999999999999e+09,1600,50.63999999999999
1658275223,ANKRUSDT,Buy,1600,0.03165,ZeroMinusTick,5507c8fa-7d6b-597c-80f9-0e0413ae6a7c,5.063999999999999e+09,1600,50.63999999999999
1658275223,ANKRUSDT,Buy,1600,0.03165,ZeroMinusTick,7ce6176e-8621-5e6f-8a16-8ce06250ba2b,5.063999999999999e+09,1600,50.63999999999999
1658275223,ANKRUSDT,Buy,1600,0.03165,ZeroMinusTick,be4e8d5d-7335-50ed-be1a-9457c7bd79ca,5.063999999999999e+09,1600,50.63999999999999
1658275223,ANKRUSDT,Buy,1600,0.03165,ZeroMinusTick,691c0726-10b4-55fe-9912-d6718264d087,5.063999999999999e+09,1600,50.63999999999999
1658275223,ANKRUSDT,Buy,1600,0.03165,ZeroMinusTick,eb5ffcc7-e0d7-5f5e-8c53-6fa440649ced,5.063999999999999e+09,1600,50.63999999999999
1658275223,ANKRUSDT,Buy,1600,0.03165,ZeroMinusTick,f4ffac36-a06f-5927-9f37-4022f76dd538,5.063999999999999e+09,1600,50.63999999999999
1658275223,ANKRUSDT,Buy,1600,0.03165,ZeroMinusTick,e00bac84-3ca7-5b3d-a1a5-fe598c558fa6,5.063999999999999e+09,1600,50.63999999999999
1658275223,ANKRUSDT,Buy,1600,0.03165,ZeroMinusTick,4264f047-46cd-53ef-94ba-a04b1b22a364,5.063999999999999e+09,1600,50.63999999999999
1658275223,ANKRUSDT,Buy,1600,0.03165,ZeroMinusTick,69c67973-a4d8-5e0e-976c-8fc8d12e2913,5.063999999999999e+09,1600,50.63999999999999
1658275223,ANKRUSDT,Buy,1600,0.03165,ZeroMinusTick,66fbedec-1f8f-5711-8b74-2e8a41a02a9e,5.063999999999999e+09,1600,50.63999999999999
1658275223,ANKRUSDT,Buy,1600,0.03165,ZeroMinusTick,eb7ef60d-2205-52b6-85a7-9e640c7ab3c0,5.063999999999999e+09,1600,50.63999999999999
1658275223,ANKRUSDT,Buy,1600,0.03165,ZeroMinusTick,0643cb4a-84c8-5d0d-b100-379060dfc0c6,5.063999999999999e+09,1600,50.63999999999999
1658275223,ANKRUSDT,Buy,1600,0.03165,ZeroMinusTick,5e2a4809-804b-564d-acb1-04beaf447404,5.063999999999999e+09,1600,50.63999999999999
1658275223,ANKRUSDT,Buy,1600,0.03165,ZeroMinusTick,5b92b9ba-dbb3-5abf-b064-db41cdf39781,5.063999999999999e+09,1600,50.63999999999999
1658275223,ANKRUSDT,Buy,1051,0.03165,ZeroMinusTick,b6665b2c-fc42-5604-a542-02b1045ba7ca,3.326415e+09,1051,33.26415
1658275227,ANKRUSDT,Sell,15000,0.03165,ZeroMinusTick,eabbc686-84c8-5f11-b4f9-63469d66e202,4.747499999999999e+10,15000,474.74999999999994
1658275227,ANKRUSDT,Sell,6110,0.03165,ZeroMinusTick,653bb079-d446-5344-9a9f-54ab63f82d54,1.933815e+10,6110,193.3815
1658275227,ANKRUSDT,Sell,12719,0.03165,ZeroMinusTick,8e350a7c-18c8-5f7e-9f59-da3183012dd8,4.025563499999999e+10,12719,402.55634999999995
1658275227,ANKRUSDT,Sell,5623,0.03165,ZeroMinusTick,5448f83b-0a27-5ce7-b15e-e9a5c0dc6fb4,1.7796794999999996e+10,5623,177.96794999999997
1658275227,ANKRUSDT,Sell,15797,0.03165,ZeroMinusTick,cf5f80dd-74c6-594f-9a79-6f23a4f9e74b,4.999750499999999e+10,15797,499.97504999999995
1658275227,ANKRUSDT,Sell,15000,0.03165,ZeroMinusTick,43de1ba3-cce5-5b3b-9269-4b9bcd668b39,4.747499999999999e+10,15000,474.74999999999994
1658275228,ANKRUSDT,Buy,1600,0.03165,ZeroMinusTick,739720e4-110d-56d4-8fa6-fd8859409c88,5.063999999999999e+09,1600,50.63999999999999
1658275229,ANKRUSDT,Buy,1600,0.03165,ZeroMinusTick,8e03a993-46b5-554d-b69c-1e587bb7a35c,5.063999999999999e+09,1600,50.63999999999999
1658275229,ANKRUSDT,Buy,1600,0.03165,ZeroMinusTick,b619fa41-3256-51f6-a3df-68b4838f567d,5.063999999999999e+09,1600,50.63999999999999
1658275229,ANKRUSDT,Buy,1600,0.03165,ZeroMinusTick,9775c579-edd7-5f70-b909-6e4fedcaf5c2,5.063999999999999e+09,1600,50.63999999999999
1658275229,ANKRUSDT,Buy,1184,0.03165,ZeroMinusTick,29b54fee-73d7-5b7b-851c-8edd17a6132d,3.7473599999999995e+09,1184,37.4736
1658275229,ANKRUSDT,Buy,1,0.03165,ZeroMinusTick,509c93f7-fe0b-5701-bed6-257e26f1509d,3.1649999999999995e+06,1,0.03165
1658275234,ANKRUSDT,Buy,1600,0.03170,PlusTick,f8e1eadc-6535-5d8b-b676-23ae86bf859e,5.072e+09,1600,50.72
1658275234,ANKRUSDT,Buy,1527,0.03170,ZeroMinusTick,660f6f0b-1d06-5eeb-8638-9aacef9b7e53,4.84059e+09,1527,48.405899999999995
1658275234,ANKRUSDT,Buy,73,0.03170,ZeroMinusTick,89727b09-9c62-5de7-81f9-ed9b4ed11572,2.3140999999999997e+08,73,2.3141
1658275236,ANKRUSDT,Buy,1600,0.03170,ZeroMinusTick,f65e5564-dbf5-5d53-9a9b-83b2019f649a,5.072e+09,1600,50.72
1658275236,ANKRUSDT,Buy,1562,0.03170,ZeroMinusTick,38118010-abd8-545c-86f5-8f9d0b5fa48f,4.95154e+09,1562,49.5154
1658275243,ANKRUSDT,Buy,1600,0.03175,PlusTick,d61607ed-b8af-5476-bf21-d19a57ea2a5c,5.08e+09,1600,50.8
1658275243,ANKRUSDT,Buy,1600,0.03175,ZeroMinusTick,a210fa27-49bf-54cb-93d1-8c00f69ec713,5.08e+09,1600,50.8
1658275243,ANKRUSDT,Buy,22583,0.03175,ZeroMinusTick,520f6692-6374-5597-88db-4f0c3da5385c,7.1701025e+10,22583,717.01025
1658275243,ANKRUSDT,Buy,1600,0.03175,ZeroMinusTick,3c478976-aac9-5605-a450-a9b1716047e9,5.08e+09,1600,50.8
1658275243,ANKRUSDT,Buy,1600,0.03175,ZeroMinusTick,a9eb5179-b4cc-5d5d-9432-fa730969cf70,5.08e+09,1600,50.8
1658275243,ANKRUSDT,Buy,1600,0.03175,ZeroMinusTick,e13be083-93f8-501c-a000-6bd7844173d7,5.08e+09,1600,50.8
1658275243,ANKRUSDT,Buy,1600,0.03175,ZeroMinusTick,4fa463a2-dd5f-57be-ae33-85748bd001d8,5.08e+09,1600,50.8
1658275243,ANKRUSDT,Buy,1600,0.03175,ZeroMinusTick,115491e2-0823-5848-b6d0-acf8fca4fa57,5.08e+09,1600,50.8
1658275243,ANKRUSDT,Buy,1600,0.03175,ZeroMinusTick,6ad18fb2-00ab-51b8-87c7-7584c0232855,5.08e+09,1600,50.8
1658275243,ANKRUSDT,Buy,1600,0.03175,ZeroMinusTick,aeca9930-7973-589d-bcfa-96b11a128689,5.08e+09,1600,50.8
1658275243,ANKRUSDT,Buy,1600,0.03175,ZeroMinusTick,6d772897-daf0-5c72-97de-b030de148372,5.08e+09,1600,50.8
1658275243,ANKRUSDT,Buy,1600,0.03175,ZeroMinusTick,60f5ec44-aed6-5116-be05-945c3cab8b68,5.08e+09,1600,50.8
1658275243,ANKRUSDT,Buy,1600,0.03175,ZeroMinusTick,3c608bc9-cb62-58b2-92e1-7d19084afe7f,5.08e+09,1600,50.8
1658275243,ANKRUSDT,Buy,1600,0.03175,ZeroMinusTick,162941cd-c6d9-5c8f-96e6-ad83c19ada90,5.08e+09,1600,50.8
1658275243,ANKRUSDT,Buy,1600,0.03175,ZeroMinusTick,fa2ed6d5-3f1b-596e-9d6b-4ed0d59404d8,5.08e+09,1600,50.8
1658275243,ANKRUSDT,Buy,1600,0.03175,ZeroMinusTick,26c74e70-759d-5b76-a7ec-63a57346c707,5.08e+09,1600,50.8
1658275243,ANKRUSDT,Buy,1383,0.03175,ZeroMinusTick,2c811685-50e4-54e0-8d18-e531987babce,4.391025e+09,1383,43.91025
1658275243,ANKRUSDT,Buy,217,0.03175,ZeroMinusTick,0308c591-2391-57f5-9291-ce48a004b972,6.88975e+08,217,6.88975
1658275243,ANKRUSDT,Buy,1600,0.03175,ZeroMinusTick,0e65ce1f-19b8-5d74-a79c-746fac0f59a0,5.08e+09,1600,50.8
1658275243,ANKRUSDT,Buy,1345,0.03175,ZeroMinusTick,4ac9c7a6-cc9a-5264-a1e9-6471a35d9ad9,4.270375e+09,1345,42.70375
1658275244,ANKRUSDT,Buy,202,0.03180,PlusTick,00dec09d-54c6-5bdb-bab8-c4a5af036250,6.4236e+08,202,6.4236
1658275244,ANKRUSDT,Buy,1398,0.03180,ZeroMinusTick,d5b9010e-08dc-5b83-9a22-1eba30c11b88,4.44564e+09,1398,44.4564
1658275244,ANKRUSDT,Buy,1600,0.03180,ZeroMinusTick,2b1d8075-445a-501e-87fe-6e51ee07c145,5.088e+09,1600,50.88
1658275244,ANKRUSDT,Buy,164,0.03180,ZeroMinusTick,657d790f-f483-58a2-8a07-6e6d36fa9b76,5.2152e+08,164,5.2152
1658275245,ANKRUSDT,Buy,1600,0.03185,PlusTick,fb50f039-8850-57f1-8439-a1520b7928fb,5.096000000000001e+09,1600,50.96000000000001
1658275245,ANKRUSDT,Buy,1600,0.03185,ZeroMinusTick,9d70f18f-85a9-5772-b2bf-120d35d060bc,5.096000000000001e+09,1600,50.96000000000001
1658275245,ANKRUSDT,Buy,1600,0.03185,ZeroMinusTick,9f2b6e5e-8591-517e-9c32-0e3865db0b2f,5.096000000000001e+09,1600,50.96000000000001
1658275245,ANKRUSDT,Buy,1600,0.03185,ZeroMinusTick,7ba672bf-727b-5ab4-8e98-7e3c71fc7e18,5.096000000000001e+09,1600,50.96000000000001
1658275245,ANKRUSDT,Buy,1600,0.03185,ZeroMinusTick,736588f2-1e03-5f04-9d1b-866ab13a7103,5.096000000000001e+09,1600,50.96000000000001
1658275245,ANKRUSDT,Buy,1600,0.03185,ZeroMinusTick,5dc89ea7-ba05-53c9-8b60-800a5e05504d,5.096000000000001e+09,1600,50.96000000000001
1658275245,ANKRUSDT,Buy,1600,0.03185,ZeroMinusTick,73e8807f-383b-515d-9b60-b3288f38b3bc,5.096000000000001e+09,1600,50.96000000000001
1658275245,ANKRUSDT,Buy,1600,0.03185,ZeroMinusTick,eaff54e1-fccc-5fbc-8c55-6d08e836aa1b,5.096000000000001e+09,1600,50.96000000000001
1658275245,ANKRUSDT,Buy,1600,0.03185,ZeroMinusTick,3f9f8edf-08ff-5181-b300-e3e35314bec3,5.096000000000001e+09,1600,50.96000000000001
1658275245,ANKRUSDT,Buy,17396,0.03185,ZeroMinusTick,993e8031-e5f4-5eb8-9d22-c75245029a7f,5.540626000000001e+10,17396,554.0626000000001
1658275245,ANKRUSDT,Buy,3162,0.03185,ZeroMinusTick,da2cdbb8-61d1-5512-b32a-6ea38aea5de3,1.0070970000000002e+10,3162,100.70970000000001
1658275246,ANKRUSDT,Buy,17500,0.03190,PlusTick,54ebd707-1939-5b40-a17b-5f512910ee43,5.5825e+10,17500,558.25
1658275246,ANKRUSDT,Buy,14296,0.03190,ZeroMinusTick,8bc9c0a5-5a08-5851-8c0a-27c27477385b,4.560424e+10,14296,456.0424
1658275246,ANKRUSDT,Buy,25137,0.03190,ZeroMinusTick,51c78469-cc84-5fe0-adc8-bdc955d412ac,8.018703e+10,25137,801.8702999999999
1658275246,ANKRUSDT,Buy,25137,0.03190,ZeroMinusTick,45723f66-96d8-5edf-9704-556a7ce9b9ae,8.018703e+10,25137,801.8702999999999
1658275246,ANKRUSDT,Sell,6743,0.03195,PlusTick,97103fac-28c6-5497-8e64-807449618a95,2.1543885e+10,6743,215.43885
1658275246,ANKRUSDT,Sell,6368,0.03195,ZeroMinusTick,ffaff1ba-0f52-51c2-be38-af5d17ff8e8b,2.034576e+10,6368,203.45759999999999
1658275246,ANKRUSDT,Sell,1889,0.03195,ZeroMinusTick,69acfa91-b7aa-582e-b7fc-0206b014a99e,6.035355e+09,1889,60.35355
1658275247,ANKRUSDT,Sell,26,0.03195,ZeroMinusTick,1a2dd9fb-3b7e-57b2-83e7-11fd8a8e8323,8.307e+07,26,0.8307
1658275247,ANKRUSDT,Buy,3162,0.03200,PlusTick,d9476034-4eab-538b-b34b-14353ac36077,1.01184e+10,3162,101.184
1658275247,ANKRUSDT,Sell,3162,0.03200,ZeroMinusTick,24c089ec-259b-5073-afcf-73b82e10870e,1.01184e+10,3162,101.184
1658275249,ANKRUSDT,Buy,20696,0.03205,PlusTick,2c86a2ca-17f5-5620-a79c-50aeca0a18fa,6.633068000000001e+10,20696,663.3068000000001
1658275249,ANKRUSDT,Buy,3162,0.03210,PlusTick,4823e491-a492-5b82-87f8-12a0b810b230,1.015002e+10,3162,101.50019999999999
1658275249,ANKRUSDT,Buy,24960,0.03210,ZeroMinusTick,4105fb24-7fbe-5348-9d1f-c000cbeadfd2,8.012159999999998e+10,24960,801.2159999999999
1658275249,ANKRUSDT,Buy,24960,0.03210,ZeroMinusTick,5bb08a5d-6f25-5dde-8a39-ab6820a32b8b,8.012159999999998e+10,24960,801.2159999999999
1658275249,ANKRUSDT,Buy,24960,0.03210,ZeroMinusTick,4eb48a77-1959-5d1b-a889-72d5eeb130e4,8.012159999999998e+10,24960,801.2159999999999
1658275250,ANKRUSDT,Buy,3162,0.03215,PlusTick,64b4f9a5-c638-55cc-9848-aee7829ae2a7,1.016583e+10,3162,101.6583
1658275250,ANKRUSDT,Buy,5958,0.03215,ZeroMinusTick,840e8281-3b3b-54de-b375-5980eb02b990,1.915497e+10,5958,191.5497
1658275253,ANKRUSDT,Buy,1,0.03215,ZeroMinusTick,3528d4a7-a90d-58e9-917c-2457663eb64d,3.215e+06,1,0.03215
1658275257,ANKRUSDT,Buy,3162,0.03225,PlusTick,7fb90584-f07c-598f-9d1c-d083ffeda954,1.019745e+10,3162,101.9745
1658275257,ANKRUSDT,Sell,15000,0.03225,ZeroMinusTick,5ee86b23-3ce7-533f-9eee-d2a42910eb0d,4.8375e+10,15000,483.75
1658275257,ANKRUSDT,Sell,9941,0.03225,ZeroMinusTick,c1294453-0645-53d0-b20d-bd6d0f6552cd,3.2059725000000004e+10,9941,320.59725000000003
1658275257,ANKRUSDT,Sell,20921,0.03225,ZeroMinusTick,6cf981fd-d0ac-5dd6-a008-8c036e320a32,6.747022500000001e+10,20921,674.70225
1658275257,ANKRUSDT,Buy,8548,0.03225,ZeroMinusTick,939a78ee-cf10-5ec2-a832-bd96be49d7fc,2.75673e+10,8548,275.673
1658275257,ANKRUSDT,Buy,8073,0.03225,ZeroMinusTick,58b00695-69c1-51b1-8c7c-1f320c461ac4,2.6035424999999996e+10,8073,260.35425
1658275257,ANKRUSDT,Sell,2748,0.03225,ZeroMinusTick,25fc045f-200e-5cff-a210-70b997207b2e,8.8623e+09,2748,88.623
1658275257,ANKRUSDT,Buy,20388,0.03225,ZeroMinusTick,9bebe96f-4415-5b43-a63b-a7031514ec9e,6.57513e+10,20388,657.513
1658275263,ANKRUSDT,Buy,16934,0.03225,ZeroMinusTick,fb31dffb-6826-5c0e-8289-fd58a61e0ee7,5.461215e+10,16934,546.1215
1658275263,ANKRUSDT,Buy,15503,0.03225,ZeroMinusTick,6a0cc332-abbb-51a6-b9dc-409a08c9ec8a,4.9997175e+10,15503,499.97175
1658275263,ANKRUSDT,Buy,15000,0.03225,ZeroMinusTick,cc7ffe72-8b40-5511-9ebd-4f925b9edf9d,4.8375e+10,15000,483.75
1658275263,ANKRUSDT,Buy,15503,0.03225,ZeroMinusTick,3e18b8fe-863b-54c5-b733-105f5d90b383,4.9997175e+10,15503,499.97175
1658275263,ANKRUSDT,Buy,39127,0.03230,PlusTick,94aa0a80-8ba1-5834-9292-a09c8c552536,1.2638021000000002e+11,39127,1263.8021
1658275263,ANKRUSDT,Buy,23274,0.03230,ZeroMinusTick,5299b278-fffd-53c4-8eaa-fd6c61f95705,7.517502e+10,23274,751.7502000000001
1658275263,ANKRUSDT,Buy,3162,0.03230,ZeroMinusTick,521d6542-880b-5527-9b7c-82a85a92c522,1.0213260000000002e+10,3162,102.13260000000001
1658275263,ANKRUSDT,Buy,8547,0.03230,ZeroMinusTick,bd26423c-f5fa-58cb-afb6-85cbccc84a1e,2.760681e+10,8547,276.0681
1658275263,ANKRUSDT,Buy,24738,0.03230,ZeroMinusTick,80960168-271d-50d7-9c4b-e4e4f54c08a2,7.990374e+10,24738,799.0374
1658275263,ANKRUSDT,Buy,10289,0.03230,ZeroMinusTick,c3b027ad-135c-50a3-9f0b-89560c0af652,3.323347e+10,10289,332.3347
1658275263,ANKRUSDT,Buy,24806,0.03230,ZeroMinusTick,4ca0f35b-eeaf-5c4b-b48f-f5965a7b9554,8.012338000000002e+10,24806,801.2338000000001
1658275263,ANKRUSDT,Buy,14517,0.03230,ZeroMinusTick,5c5d2355-5a0a-58f9-8794-a58f819ead0a,4.688991e+10,14517,468.89910000000003
1658275263,ANKRUSDT,Buy,483,0.03230,ZeroMinusTick,b71be08a-d9cd-58e6-802d-ff5f4d973617,1.56009e+09,483,15.600900000000001
1658275263,ANKRUSDT,Buy,23237,0.03230,ZeroMinusTick,92665aa0-1c01-5e30-9bd0-622ef9203d26,7.505551e+10,23237,750.5551
1658275263,ANKRUSDT,Buy,15479,0.03230,ZeroMinusTick,80cb4046-52a1-5e54-a68a-09a285fc8ad4,4.999717000000001e+10,15479,499.97170000000006
1658275263,ANKRUSDT,Buy,979,0.03235,PlusTick,0ab6f0db-a00b-5421-9dec-b312db512ad6,3.167065e+09,979,31.67065
1658275263,ANKRUSDT,Buy,23216,0.03235,ZeroMinusTick,1f0b331f-a458-59c2-a33f-4d57acff848a,7.510375999999998e+10,23216,751.0375999999999
1658275263,ANKRUSDT,Buy,3162,0.03235,ZeroMinusTick,1e9ace43-e2d6-5da9-9a88-3bbd987209e0,1.0229069999999998e+10,3162,102.29069999999999
1658275263,ANKRUSDT,Buy,8159,0.03235,ZeroMinusTick,d0771e8e-54ca-5aba-863e-bcdeb361db0b,2.6394365e+10,8159,263.94365
1658275263,ANKRUSDT,Buy,15455,0.03235,ZeroMinusTick,7029e536-efe0-5217-89a1-ecd5747641c9,4.999692499999999e+10,15455,499.96924999999993
1658275263,ANKRUSDT,Buy,500,0.03240,PlusTick,4b8308d0-cde6-560f-b2f9-90a751f23933,1.62e+09,500,16.2
1658275263,ANKRUSDT,Buy,34310,0.03240,ZeroMinusTick,c8fc0a7d-b0a9-5870-a80b-19827a93bbc2,1.111644e+11,34310,1111.644
1658275263,ANKRUSDT,Buy,34810,0.03240,ZeroMinusTick,82892623-49bd-5f6f-9f2a-f3700a7620d5,1.127844e+11,34810,1127.844
1658275263,ANKRUSDT,Buy,34810,0.03240,ZeroMinusTick,65164372-192f-5459-aad8-1079a82b3a09,1.127844e+11,34810,1127.844
1658275263,ANKRUSDT,Buy,120000,0.03240,ZeroMinusTick,a33d03a6-b7f5-5b15-ba50-f9b1aa36c51e,3.888e+11,120000,3888
1658275263,ANKRUSDT,Buy,76070,0.03240,ZeroMinusTick,1dbfc848-cdbc-5628-b1ed-ec1be47bca8a,2.4646679999999997e+11,76070,2464.6679999999997
1658275263,ANKRUSDT,Buy,43930,0.03240,ZeroMinusTick,773716fe-ba57-516a-bbc5-a601bae60213,1.423332e+11,43930,1423.3319999999999
1658275263,ANKRUSDT,Buy,20968,0.03240,ZeroMinusTick,61a20f62-5b6b-5de5-9300-6e6c66eb530d,6.793632e+10,20968,679.3632
1658275263,ANKRUSDT,Buy,64898,0.03240,ZeroMinusTick,1224411e-46ba-5ddc-8b04-36a9b2385d00,2.1026952e+11,64898,2102.6952
1658275263,ANKRUSDT,Buy,15000,0.03240,ZeroMinusTick,9cd48334-eceb-5ff1-8090-153175e1d04c,4.86e+10,15000,486
1658275263,ANKRUSDT,Buy,432,0.03240,ZeroMinusTick,d26aaefc-ac4e-53a8-8445-141f63caf2c8,1.3996799999999998e+09,432,13.996799999999999
1658275263,ANKRUSDT,Buy,432,0.03240,ZeroMinusTick,cca156e2-6754-5dfd-bd4c-645bc8b9aebb,1.3996799999999998e+09,432,13.996799999999999
1658275263,ANKRUSDT,Buy,432,0.03240,ZeroMinusTick,8b7038c6-160c-5c4d-905d-755cc1da8047,1.3996799999999998e+09,432,13.996799999999999
1658275263,ANKRUSDT,Buy,6447,0.03245,PlusTick,1c23d42a-284e-5fc0-97a5-955f901b9e6a,2.0920515e+10,6447,209.20515
1658275263,ANKRUSDT,Buy,1098,0.03250,PlusTick,549c1973-1829-5f14-bde6-b5c9f2519879,3.5685e+09,1098,35.685
1658275263,ANKRUSDT,Buy,396,0.03250,ZeroMinusTick,1166d9e3-fbb1-5fd6-bb91-69ff7c122242,1.287e+09,396,12.870000000000001
1658275263,ANKRUSDT,Buy,3695,0.03250,ZeroMinusTick,8876d8bd-e9d7-5b5b-9238-8017b2bfcaf2,1.200875e+10,3695,120.0875
1658275263,ANKRUSDT,Buy,693,0.03250,ZeroMinusTick,974079fb-c08f-5ea7-a5a5-965dea5bee04,2.25225e+09,693,22.5225
1658275263,ANKRUSDT,Buy,27280,0.03250,ZeroMinusTick,1c621c7c-cbe3-5026-ba2c-5e2140fb2658,8.866e+10,27280,886.6
1658275263,ANKRUSDT,Buy,107924,0.03250,ZeroMinusTick,77548ad0-c2e8-541b-8614-6c4a64c3152a,3.50753e+11,107924,3507.53
1658275263,ANKRUSDT,Buy,10556,0.03250,ZeroMinusTick,30a54523-1f5b-5f83-baaf-2bf2938265e4,3.4307e+10,10556,343.07
1658275263,ANKRUSDT,Buy,15000,0.03245,MinusTick,6c8deee6-c5f9-5698-b9a7-8f214435d7e3,4.8675e+10,15000,486.75
1658275263,ANKRUSDT,Buy,15384,0.03250,PlusTick,6a607ec4-e388-587f-9ff9-41eeeff8e9b9,4.9998e+10,15384,499.98
1658275263,ANKRUSDT,Buy,2499,0.03250,ZeroMinusTick,9b85c8eb-ffb2-5193-886f-cb432ec16f7b,8.12175e+09,2499,81.2175
1658275264,ANKRUSDT,Buy,15001,0.03250,ZeroMinusTick,71e3bbcf-4383-5a34-bde9-5045433c2784,4.875325e+10,15001,487.5325
1658275264,ANKRUSDT,Buy,3161,0.03250,ZeroMinusTick,88da6355-de93-5b1c-9ba5-0f259340a737,1.027325e+10,3161,102.7325
1658275264,ANKRUSDT,Sell,20696,0.03245,MinusTick,eee128f7-179a-587c-89a3-4e58649a93c7,6.715852e+10,20696,671.5852
1658275264,ANKRUSDT,Buy,1,0.03245,ZeroMinusTick,2272d44d-fab5-527d-a31a-53d74284023f,3.245e+06,1,0.03245
1658275264,ANKRUSDT,Buy,2212,0.03245,ZeroMinusTick,fc67d236-b279-575a-a5db-6be9fe7ca39d,7.17794e+09,2212,71.7794
1658275264,ANKRUSDT,Sell,420,0.03240,MinusTick,892af529-4aea-5c36-bc56-73723fc2ebab,1.3607999999999998e+09,420,13.607999999999999
1658275264,ANKRUSDT,Buy,280,0.03245,PlusTick,0b7b0171-e138-569d-8599-d9fd5e1c39cd,9.086e+08,280,9.086
1658275264,ANKRUSDT,Sell,2079,0.03240,MinusTick,5a947b68-ecdd-577f-804d-06e72a8a3598,6.73596e+09,2079,67.3596
1658275264,ANKRUSDT,Sell,10556,0.03240,ZeroMinusTick,be7d8fbe-d260-54e6-9ce0-a59cc7e85082,3.4201439999999996e+10,10556,342.01439999999997
1658275264,ANKRUSDT,Sell,10491,0.03240,ZeroMinusTick,69aff608-13b7-52f1-a8a6-ebc52a65ade2,3.3990839999999996e+10,10491,339.9084
1658275265,ANKRUSDT,Buy,14720,0.03245,PlusTick,d699cf0b-90fd-50b8-b789-b5bbc42108b0,4.77664e+10,14720,477.664
1658275265,ANKRUSDT,Buy,15408,0.03245,ZeroMinusTick,93a352fe-fcb0-5871-a68f-0bdfa8f91dd1,4.999896e+10,15408,499.9896
1658275265,ANKRUSDT,Buy,20696,0.03245,ZeroMinusTick,47184b5f-1ea8-5b0c-ac68-b72601486eca,6.715852e+10,20696,671.5852
1658275265,ANKRUSDT,Buy,1,0.03250,PlusTick,805007ca-16b8-529a-908d-b81ff9f7f64d,3.25e+06,1,0.0325
1658275265,ANKRUSDT,Buy,17500,0.03250,ZeroMinusTick,88b46ccf-bcdc-5862-b7bb-67da2dc57985,5.6875e+10,17500,568.75
1658275265,ANKRUSDT,Buy,15000,0.03250,ZeroMinusTick,0d4e03ae-71d7-5f99-99df-23787a171643,4.875e+10,15000,487.5
1658275265,ANKRUSDT,Buy,20562,0.03255,PlusTick,92d0853f-57f9-51d5-9d9f-33ad1a0680e1,6.692931000000001e+10,20562,669.2931000000001
1658275265,ANKRUSDT,Buy,1,0.03260,PlusTick,f57091a9-732a-5468-a8fb-4ac498559134,3.2599999999999995e+06,1,0.0326
1658275265,ANKRUSDT,Buy,607,0.03260,ZeroMinusTick,63fa3fdd-8c80-512b-8fcb-cb7b7cca568c,1.97882e+09,607,19.7882
1658275265,ANKRUSDT,Buy,2499,0.03255,MinusTick,f6ed51d6-05a8-59f9-8167-461f2d328433,8.134245e+09,2499,81.34245
1658275265,ANKRUSDT,Buy,9264,0.03260,PlusTick,23cd625e-cce5-5ebd-bffa-6da43ca8ec9b,3.020064e+10,9264,302.0064
1658275265,ANKRUSDT,Buy,5365,0.03260,ZeroMinusTick,0c319da7-3ef3-53c4-aabc-9696a90e1257,1.7489899999999996e+10,5365,174.89899999999997
1658275265,ANKRUSDT,Buy,1705,0.03260,ZeroMinusTick,b153c4c0-00aa-532c-9c01-7d349cec3536,5.5583e+09,1705,55.583
1658275265,ANKRUSDT,Buy,1005,0.03260,ZeroMinusTick,4ed609fb-23f6-5993-99d1-202e6b98949d,3.2763e+09,1005,32.763
1658275265,ANKRUSDT,Buy,494,0.03260,ZeroMinusTick,f278e7a9-5548-5689-8077-0ca9c27b8947,1.6104399999999998e+09,494,16.1044
1658275265,ANKRUSDT,Buy,70000,0.03260,ZeroMinusTick,5d82fa0d-c72b-52ba-b25e-acfdbc400776,2.282e+11,70000,2282
1658275265,ANKRUSDT,Buy,500,0.03260,ZeroMinusTick,2d85e573-aa46-583a-ba31-8f589399d516,1.6299999999999998e+09,500,16.299999999999997
1658275265,ANKRUSDT,Buy,12297,0.03260,ZeroMinusTick,403d1dc3-cd95-57e7-82b9-d9990e299e28,4.008821999999999e+10,12297,400.88219999999995
1658275265,ANKRUSDT,Sell,7964,0.03250,MinusTick,7e3bbb98-ec6f-5fe4-bef8-c48f00f2d692,2.5883e+10,7964,258.83
1658275265,ANKRUSDT,Buy,70,0.03250,ZeroMinusTick,9476fc42-52ba-517d-9cbb-b12c7392d476,2.275e+08,70,2.275
1658275265,ANKRUSDT,Buy,22937,0.03250,ZeroMinusTick,2e6d6652-d642-5bc4-9756-2d49675eff36,7.454525e+10,22937,745.4525
1658275265,ANKRUSDT,Sell,70,0.03250,ZeroMinusTick,74e50fa3-72ee-55aa-bca4-b3ce990376cb,2.275e+08,70,2.275
1658275266,ANKRUSDT,Buy,22897,0.03255,PlusTick,ccaf5794-e66d-5eec-b9a6-5e1e7ce2cb14,7.4529735e+10,22897,745.29735
1658275266,ANKRUSDT,Sell,3162,0.03250,MinusTick,20cfe43f-4eca-53c4-b982-e51ac3219ea5,1.02765e+10,3162,102.765
1658275266,ANKRUSDT,Sell,1971,0.03250,ZeroMinusTick,9d60996f-5661-510d-80fa-514809bff5db,6.40575e+09,1971,64.0575
1658275266,ANKRUSDT,Sell,12001,0.03250,ZeroMinusTick,ed61e3b1-c997-5f33-9eaa-a6ccbbf267df,3.900325e+10,12001,390.0325
1658275266,ANKRUSDT,Sell,6298,0.03250,ZeroMinusTick,dd128f62-7f39-5219-95dd-1f2c830f1cdb,2.04685e+10,6298,204.685
1658275266,ANKRUSDT,Sell,2657,0.03250,ZeroMinusTick,b101afd1-1ea8-54fb-84ea-e97903c4f349,8.63525e+09,2657,86.3525
1658275267,ANKRUSDT,Sell,152,0.03245,MinusTick,d83a3dc9-d4a5-5153-a19c-f51af5d8b060,4.9324000000000006e+08,152,4.9324
1658275267,ANKRUSDT,Buy,14999,0.03250,PlusTick,2073c087-1abf-5d79-853c-c8a9f62dbad7,4.874675e+10,14999,487.46750000000003
1658275267,ANKRUSDT,Sell,37514,0.03245,MinusTick,a2990317-ab5c-5e6a-9a25-d5a16cd17767,1.2173292999999998e+11,37514,1217.3292999999999
1658275267,ANKRUSDT,Sell,15000,0.03245,ZeroMinusTick,a31ef01c-3fb9-5564-a9e7-ff00454665e0,4.8675e+10,15000,486.75
1658275267,ANKRUSDT,Sell,24596,0.03245,ZeroMinusTick,519e6ac8-2201-5549-9fd7-7454f7f6e696,7.981402e+10,24596,798.1401999999999
1658275267,ANKRUSDT,Sell,24596,0.03245,ZeroMinusTick,0f5f853a-2bd2-5096-88ca-50fc93193247,7.981402e+10,24596,798.1401999999999
1658275267,ANKRUSDT,Sell,15408,0.03245,ZeroMinusTick,973ec8cb-8853-5715-94e0-6a33378c71e2,4.999896e+10,15408,499.9896
1658275267,ANKRUSDT,Sell,3162,0.03245,ZeroMinusTick,0dc78b63-e14c-5742-b81d-8bc199039e62,1.026069e+10,3162,102.6069
1658275269,ANKRUSDT,Sell,3162,0.03240,MinusTick,14f61735-a9ad-5d1a-9a77-71765b8917a5,1.024488e+10,3162,102.44879999999999
1658275269,ANKRUSDT,Sell,5133,0.03240,ZeroMinusTick,c37406dd-5feb-5601-9a79-02b6344d1e46,1.663092e+10,5133,166.3092
1658275269,ANKRUSDT,Sell,12000,0.03240,ZeroMinusTick,dc719162-6274-5f11-a4fa-89461c55a5c9,3.887999999999999e+10,12000,388.79999999999995
1658275269,ANKRUSDT,Sell,1,0.03240,ZeroMinusTick,113b1b4f-934c-5983-a648-899ac44ce8a0,3.24e+06,1,0.0324
1658275270,ANKRUSDT,Buy,3162,0.03250,PlusTick,bbbf1338-5dc1-5297-99fe-a5777c59c0ef,1.02765e+10,3162,102.765
1658275271,ANKRUSDT,Buy,3162,0.03255,PlusTick,92993283-06d2-5c06-a146-d0423a1f02dc,1.029231e+10,3162,102.9231
1658275271,ANKRUSDT,Sell,19721,0.03255,ZeroMinusTick,9e5b6505-d4c6-5660-8c9c-425d813b715e,6.419185500000001e+10,19721,641.9185500000001
1658275271,ANKRUSDT,Sell,2924,0.03255,ZeroMinusTick,b49e20c6-9af3-5827-9de6-8e10c1b04803,9.51762e+09,2924,95.17620000000001
1658275274,ANKRUSDT,Buy,3162,0.03260,PlusTick,e2fba084-86d9-57f0-a872-68b78f1c9136,1.030812e+10,3162,103.0812
1658275275,ANKRUSDT,Buy,1,0.03265,PlusTick,52f1541f-18a2-59f6-b64f-11d102cb52a8,3.265e+06,1,0.03265
1658275275,ANKRUSDT,Buy,31,0.03265,ZeroMinusTick,bf0d5556-55ab-589b-8a0e-12412f2d9f28,1.0121499999999999e+08,31,1.0121499999999999
1658275275,ANKRUSDT,Buy,3162,0.03265,ZeroMinusTick,a6a0c388-81f0-59bd-8ab7-1e466485870a,1.032393e+10,3162,103.2393
1658275275,ANKRUSDT,Sell,3194,0.03265,ZeroMinusTick,96b4d8cb-62a2-5bcd-96fe-6802d6525e53,1.042841e+10,3194,104.2841
1658275275,ANKRUSDT,Sell,6166,0.03260,MinusTick,73e97306-d74a-5858-9557-24670569488b,2.010116e+10,6166,201.0116
1658275275,ANKRUSDT,Buy,1,0.03270,PlusTick,9b213d5f-6b86-5951-93ff-b5073606c751,3.27e+06,1,0.0327
1658275275,ANKRUSDT,Sell,10,0.03265,MinusTick,6215f2a2-708b-5584-92f7-995a96e46747,3.265e+07,10,0.3265
1658275276,ANKRUSDT,Buy,150,0.03275,PlusTick,86a38188-00d9-5bbb-950a-c58a1345cd7e,4.9125000000000006e+08,150,4.9125000000000005
1658275276,ANKRUSDT,Buy,127134,0.03275,ZeroMinusTick,803d8143-1590-5d7a-84e8-79818eaeaee2,4.1636385e+11,127134,4163.6385
1658275276,ANKRUSDT,Buy,3162,0.03275,ZeroMinusTick,33715bc6-769b-50a4-8667-be8579a1911d,1.035555e+10,3162,103.55550000000001
1658275276,ANKRUSDT,Buy,2993,0.03280,PlusTick,0ed00888-ea1c-5369-8020-e3e56060b4a9,9.817040000000002e+09,2993,98.17040000000001
1658275276,ANKRUSDT,Buy,22891,0.03280,ZeroMinusTick,c4f82345-ac3a-5763-934e-d479a220f2de,7.508248000000002e+10,22891,750.8248000000001
1658275276,ANKRUSDT,Buy,70000,0.03280,ZeroMinusTick,6a395225-52d8-50ca-9abf-f770feead04e,2.296e+11,70000,2296
1658275276,ANKRUSDT,Buy,39031,0.03280,ZeroMinusTick,3c901bcb-b114-5e3d-b343-ab76553b23a7,1.2802168000000002e+11,39031,1280.2168000000001
1658275276,ANKRUSDT,Buy,1494,0.03285,PlusTick,709f5767-7143-5294-b2cb-1395b0790be4,4.907789999999999e+09,1494,49.07789999999999
1658275276,ANKRUSDT,Buy,2210,0.03285,ZeroMinusTick,187a8e30-736f-5cbd-9f2c-f6ad4fa34a0e,7.259849999999999e+09,2210,72.59849999999999
1658275276,ANKRUSDT,Buy,2244,0.03285,ZeroMinusTick,8a0f4c51-9317-59ba-befb-92181224370d,7.371539999999999e+09,2244,73.71539999999999
1658275276,ANKRUSDT,Buy,10444,0.03285,ZeroMinusTick,e05de608-3f86-51c5-b914-8c97e38fe3b7,3.430854e+10,10444,343.0854
1658275276,ANKRUSDT,Buy,7036,0.03285,ZeroMinusTick,64f1c7c0-cd6a-51f1-b6be-ebe3d399cf85,2.3113259999999996e+10,7036,231.13259999999997
1658275276,ANKRUSDT,Buy,22453,0.03285,ZeroMinusTick,09d906b2-4a05-5fb0-a95b-fa8eaca2ed82,7.375810499999998e+10,22453,737.5810499999999
1658275276,ANKRUSDT,Buy,15000,0.03280,MinusTick,1f5515a1-89a2-552e-b4f1-fdbdb775268b,4.920000000000001e+10,15000,492.00000000000006
1658275276,ANKRUSDT,Buy,9450,0.03280,ZeroMinusTick,c531cd83-28fe-54a4-ae80-f017819287fa,3.0996000000000004e+10,9450,309.96000000000004
1658275276,ANKRUSDT,Buy,1,0.03280,ZeroMinusTick,8fbc200b-0406-5584-a51c-ecec1d954063,3.2800000000000005e+06,1,0.0328
1658275277,ANKRUSDT,Sell,215,0.03280,ZeroMinusTick,a4ce5dee-b032-5651-b2a4-935ca0c91a54,7.052e+08,215,7.0520000000000005
1658275278,ANKRUSDT,Buy,3162,0.03285,PlusTick,188ef889-738e-5923-902e-361d9426dd98,1.0387169999999998e+10,3162,103.87169999999999
1658275278,ANKRUSDT,Buy,15000,0.03285,ZeroMinusTick,5e6763e8-d7a9-5cfb-8079-54e1936563b6,4.927499999999999e+10,15000,492.74999999999994
1658275278,ANKRUSDT,Sell,11878,0.03285,ZeroMinusTick,52f42a8a-001e-5f96-8127-43c3d49c0eed,3.901923e+10,11878,390.1923
1658275278,ANKRUSDT,Sell,5079,0.03285,ZeroMinusTick,3d9a2331-1868-5ee6-bdb4-3f5b7f35b683,1.6684514999999998e+10,5079,166.84515
1658275280,ANKRUSDT,Sell,1,0.03280,MinusTick,4b9adedd-0e3c-597b-8d52-992c9b7fd92e,3.2800000000000005e+06,1,0.0328
1658275280,ANKRUSDT,Sell,10470,0.03280,ZeroMinusTick,e8f8d53d-ae06-5a50-bad1-975d17920b7c,3.4341600000000004e+10,10470,343.41600000000005
1658275280,ANKRUSDT,Sell,3162,0.03280,ZeroMinusTick,7fe9d551-5957-583d-98d3-6c291ed64963,1.0371360000000002e+10,3162,103.71360000000001
1658275280,ANKRUSDT,Sell,1600,0.03275,MinusTick,f52c1ae5-9adb-58c9-b207-876d1282824d,5.240000000000001e+09,1600,52.400000000000006
1658275280,ANKRUSDT,Sell,1562,0.03275,ZeroMinusTick,aead4e3b-8392-5d72-8407-f360d311e1fa,5.11555e+09,1562,51.1555
1658275280,ANKRUSDT,Sell,11878,0.03275,ZeroMinusTick,bea6f4c9-0755-530a-9682-5e783ed4e746,3.890045e+10,11878,389.0045
1658275280,ANKRUSDT,Sell,5079,0.03275,ZeroMinusTick,70a7be1e-bcbd-57a9-98fc-cc0f1ae8f078,1.6633725000000002e+10,5079,166.33725
1658275280,ANKRUSDT,Sell,1,0.03270,MinusTick,ba2491ba-9681-58fb-bdc8-95b3abcda393,3.27e+06,1,0.0327
1658275280,ANKRUSDT,Sell,3161,0.03270,ZeroMinusTick,e0254b2b-b2ae-5cb6-99a9-cf225243fdb1,1.033647e+10,3161,103.3647
1658275280,ANKRUSDT,Sell,10,0.03270,ZeroMinusTick,34e7a5ca-88ca-52d7-a6c7-431e9437cf37,3.27e+07,10,0.327
1658275280,ANKRUSDT,Sell,10444,0.03270,ZeroMinusTick,73c2294f-4a6c-5d0c-8c8c-a2194bf5996d,3.415188e+10,10444,341.5188
1658275280,ANKRUSDT,Sell,24408,0.03270,ZeroMinusTick,2db3da0f-8570-5fd4-8db1-f6c0f5c26146,7.981416e+10,24408,798.1416
1658275280,ANKRUSDT,Sell,24408,0.03270,ZeroMinusTick,e39c5b96-fa77-5517-8c84-d3b9bd6bb70a,7.981416e+10,24408,798.1416
1658275280,ANKRUSDT,Sell,24408,0.03270,ZeroMinusTick,f0e29f79-62e0-5904-8848-a960ed445577,7.981416e+10,24408,798.1416
1658275280,ANKRUSDT,Sell,24408,0.03270,ZeroMinusTick,5d23d678-c98d-5cf3-878b-ca15b39e8d54,7.981416e+10,24408,798.1416
1658275280,ANKRUSDT,Sell,107924,0.03265,MinusTick,c8e10a7d-bd5b-50a0-9fed-b7854bc396c7,3.5237186e+11,107924,3523.7185999999997
1658275280,ANKRUSDT,Sell,36962,0.03265,ZeroMinusTick,86960883-3bf4-5968-afb8-20cdbb7efa32,1.2068092999999998e+11,36962,1206.8093
1658275281,ANKRUSDT,Buy,13550,0.03265,ZeroMinusTick,10235521-1698-5ba9-9c9f-adea2f29efd4,4.424075e+10,13550,442.40749999999997
1658275281,ANKRUSDT,Sell,1600,0.03260,MinusTick,5c15cba5-b3b5-5989-bf8c-cf7373fd144c,5.216e+09,1600,52.16
1658275281,ANKRUSDT,Sell,1,0.03260,ZeroMinusTick,a8bde7e5-430a-585a-92f3-b4c992493c8e,3.2599999999999995e+06,1,0.0326
1658275281,ANKRUSDT,Sell,1561,0.03260,ZeroMinusTick,4fed7a7b-0217-577c-8f4f-76882a4e2d29,5.08886e+09,1561,50.8886
1658275281,ANKRUSDT,Sell,367,0.03260,ZeroMinusTick,441134e6-591a-52a8-8be7-602418038740,1.1964199999999998e+09,367,11.964199999999998
1658275281,ANKRUSDT,Sell,15000,0.03260,ZeroMinusTick,8689b781-e9d7-5e26-a011-373f1bb02606,4.889999999999999e+10,15000,488.99999999999994
1658275281,ANKRUSDT,Buy,22652,0.03260,ZeroMinusTick,7fe6adb6-b270-53ee-8d7d-69c682453700,7.384551999999998e+10,22652,738.4551999999999
1658275281,ANKRUSDT,Buy,15000,0.03260,ZeroMinusTick,6c646ebc-9f37-5c66-802c-f663396e63ee,4.889999999999999e+10,15000,488.99999999999994
1658275281,ANKRUSDT,Buy,12345,0.03265,PlusTick,c83740b1-fe15-55f7-be50-3f39f2149819,4.030642499999999e+10,12345,403.06424999999996
1658275281,ANKRUSDT,Sell,10237,0.03265,ZeroMinusTick,3ff17af7-e7e7-560e-8d8f-30795eeaefda,3.3423805e+10,10237,334.23805
1658275282,ANKRUSDT,Buy,3407,0.03265,ZeroMinusTick,501fdeb7-6ac8-54b5-9409-67e9394e519c,1.1123854999999998e+10,3407,111.23854999999999
1658275282,ANKRUSDT,Buy,15000,0.03270,PlusTick,8fb48be1-c309-5133-8270-690902ece7c3,4.905e+10,15000,490.5
1658275282,ANKRUSDT,Buy,24483,0.03275,PlusTick,bb1e180a-870d-561c-8b61-4384c0044408,8.0181825e+10,24483,801.81825
1658275282,ANKRUSDT,Buy,24483,0.03275,ZeroMinusTick,bca7f0ee-627d-5117-9705-d7a8290a5b4c,8.0181825e+10,24483,801.81825
1658275282,ANKRUSDT,Buy,38276,0.03275,ZeroMinusTick,d82c4842-b34d-5942-a7a2-40441eaa59f2,1.253539e+11,38276,1253.539
1658275282,ANKRUSDT,Buy,15267,0.03275,ZeroMinusTick,520f7ca6-f915-5ffa-8db9-008b01bd16cc,4.9999425e+10,15267,499.99425
1658275282,ANKRUSDT,Buy,31,0.03275,ZeroMinusTick,c158b566-9dfe-5fc0-8f19-fc43e642315c,1.01525e+08,31,1.01525
1658275282,ANKRUSDT,Buy,24483,0.03275,ZeroMinusTick,c38130b5-3bf2-59d6-a9db-6b5dabf3ec98,8.0181825e+10,24483,801.81825
1658275282,ANKRUSDT,Buy,24483,0.03275,ZeroMinusTick,3664a0c2-0749-50ee-a3c5-7ceccb15026d,8.0181825e+10,24483,801.81825
1658275282,ANKRUSDT,Buy,979,0.03275,ZeroMinusTick,1558579e-df32-5598-8a4e-b888be667f00,3.206225e+09,979,32.06225
1658275282,ANKRUSDT,Buy,10000,0.03275,ZeroMinusTick,e98adef4-6a19-54ba-b31d-56c9659999d3,3.275e+10,10000,327.5
1658275282,ANKRUSDT,Buy,16492,0.03275,ZeroMinusTick,2b0d20bd-a4df-583b-9c73-d4a2921cd71b,5.401130000000001e+10,16492,540.113
1658275282,ANKRUSDT,Buy,13633,0.03280,PlusTick,13bcb9b6-b40f-532e-910a-63b097d00d5e,4.471624000000001e+10,13633,447.16240000000005
1658275282,ANKRUSDT,Buy,36503,0.03280,ZeroMinusTick,27547562-305a-558f-bcf6-16848698e17d,1.1972984000000002e+11,36503,1197.2984000000001
1658275282,ANKRUSDT,Buy,50010,0.03280,ZeroMinusTick,6cfffbb3-97cc-5cb9-8daa-aa3f7efdeb45,1.6403280000000003e+11,50010,1640.3280000000002
1658275282,ANKRUSDT,Buy,3704,0.03280,ZeroMinusTick,b20f9ba8-f288-5d7d-b8ec-c1d066dc0985,1.214912e+10,3704,121.4912
1658275282,ANKRUSDT,Buy,106948,0.03280,ZeroMinusTick,4b9dd361-068c-5546-9725-5b9d095751e0,3.5078944e+11,106948,3507.8944
1658275282,ANKRUSDT,Buy,26996,0.03280,ZeroMinusTick,bd4b783e-3dd0-5f64-b5a6-77751cb28111,8.854688000000002e+10,26996,885.4688000000001
1658275282,ANKRUSDT,Buy,64822,0.03280,ZeroMinusTick,62345b20-1e06-51c9-badc-c789349ce177,2.1261616000000003e+11,64822,2126.1616000000004
1658275282,ANKRUSDT,Sell,20696,0.03265,MinusTick,8478df91-07b8-564a-a3e3-f5ab870d9314,6.757243999999999e+10,20696,675.7244
1658275282,ANKRUSDT,Buy,1924,0.03265,ZeroMinusTick,010bd226-4b8e-5bf5-bee9-7a8e671285af,6.28186e+09,1924,62.818599999999996
1658275282,ANKRUSDT,Buy,15000,0.03265,ZeroMinusTick,72e27783-64e8-5b19-96b0-7ec6bae46f68,4.8975e+10,15000,489.75
1658275282,ANKRUSDT,Buy,4361,0.03270,PlusTick,e5719641-e96d-5eea-a78b-9d724c1466c2,1.426047e+10,4361,142.6047
1658275282,ANKRUSDT,Buy,15290,0.03270,ZeroMinusTick,29fc73a6-7757-55f9-86de-85372618d654,4.99983e+10,15290,499.983
1658275282,ANKRUSDT,Buy,15000,0.03270,ZeroMinusTick,e5820dfd-b29e-5ccf-82bf-8c164f766f0d,4.905e+10,15000,490.5
1658275282,ANKRUSDT,Buy,290,0.03270,ZeroMinusTick,2fe718d1-d430-56f6-a3ec-464051ee6936,9.483e+08,290,9.483
1658275282,ANKRUSDT,Buy,15290,0.03270,ZeroMinusTick,813596ff-7eac-5247-a386-ab35b1b64ba8,4.99983e+10,15290,499.983
1658275283,ANKRUSDT,Buy,3162,0.03270,ZeroMinusTick,b961e78a-1ee3-54b7-bf38-b888ce1cdbc7,1.033974e+10,3162,103.3974
1658275283,ANKRUSDT,Buy,15000,0.03270,ZeroMinusTick,04cf6ac0-15a4-5082-a9ee-5302b927a68a,4.905e+10,15000,490.5
1658275283,ANKRUSDT,Buy,15267,0.03275,PlusTick,008818e4-91a1-5bdc-8c4d-c9445a57d509,4.9999425e+10,15267,499.99425
1658275283,ANKRUSDT,Buy,25668,0.03275,ZeroMinusTick,cc506301-e8af-5080-9efe-94cf28d29823,8.40627e+10,25668,840.6270000000001
1658275283,ANKRUSDT,Buy,12265,0.03280,PlusTick,d2256563-8f61-5f29-b7b3-0bccc07c3f0e,4.02292e+10,12265,402.29200000000003
1658275284,ANKRUSDT,Buy,15000,0.03270,MinusTick,d4ae66c5-62ea-583d-b9cb-dcb246c24bf4,4.905e+10,15000,490.5
1658275284,ANKRUSDT,Buy,7455,0.03270,ZeroMinusTick,f77cb5a3-5c63-58b9-af82-4cdb94be2f49,2.437785e+10,7455,243.7785
1658275284,ANKRUSDT,Buy,7041,0.03270,ZeroMinusTick,b346dc2e-938c-5867-9ab6-b4b5554ea1e3,2.302407e+10,7041,230.2407
1658275284,ANKRUSDT,Buy,6200,0.03270,ZeroMinusTick,b07be84f-d4e8-544b-8aa5-0aef9801eaf7,2.0274e+10,6200,202.74
1658275284,ANKRUSDT,Buy,1284,0.03275,PlusTick,aefa5691-9efe-59f4-a6e3-ba9465f99ddd,4.2051e+09,1284,42.051
1658275284,ANKRUSDT,Sell,15290,0.03270,MinusTick,3bb2a751-1bc7-5845-bc95-da8e6b2b47ef,4.99983e+10,15290,499.983
1658275287,ANKRUSDT,Sell,3162,0.03265,MinusTick,5db8fd19-2382-58b9-aa14-fcce97e517d8,1.032393e+10,3162,103.2393
1658275287,ANKRUSDT,Sell,36503,0.03265,ZeroMinusTick,abf0e244-b929-5ee8-bcad-8231df28f9d8,1.19182295e+11,36503,1191.82295
1658275288,ANKRUSDT,Buy,14999,0.03265,ZeroMinusTick,30fd55e4-5bb2-5da0-b804-f2785c2ad5e8,4.897173499999999e+10,14999,489.71734999999995
1658275292,ANKRUSDT,Buy,1,0.03265,ZeroMinusTick,58db00c3-fca6-51a3-a80f-89982e2805cf,3.265e+06,1,0.03265
1658275292,ANKRUSDT,Buy,14999,0.03265,ZeroMinusTick,f46072e6-d56e-5ac9-ae55-a883e3211445,4.897173499999999e+10,14999,489.71734999999995
1658275292,ANKRUSDT,Buy,22622,0.03265,ZeroMinusTick,df43900a-8efb-5eb0-b5c9-8911d7501120,7.386083e+10,22622,738.6083
1658275292,ANKRUSDT,Sell,1,0.03265,ZeroMinusTick,06b10c3c-fbed-5a22-9f1f-152c5b63eaf4,3.265e+06,1,0.03265
1658275292,ANKRUSDT,Buy,15000,0.03265,ZeroMinusTick,9c2c00f1-d28f-5421-8fb5-53c48a43107f,4.8975e+10,15000,489.75
1658275292,ANKRUSDT,Buy,3162,0.03270,PlusTick,19cf0e79-c0bc-53f5-bf03-52662ddb1119,1.033974e+10,3162,103.3974
1658275292,ANKRUSDT,Buy,4361,0.03270,ZeroMinusTick,7ebed0c3-67c9-5f7a-80b7-66d6d6fdebf1,1.426047e+10,4361,142.6047
1658275292,ANKRUSDT,Buy,4186,0.03270,ZeroMinusTick,b3463219-d5a9-5094-8d2d-4ba2d7fb24a0,1.3688220000000002e+10,4186,136.8822
1658275292,ANKRUSDT,Buy,4437,0.03270,ZeroMinusTick,98cdf386-7119-5187-815a-c50486079fc0,1.450899e+10,4437,145.0899
1658275292,ANKRUSDT,Buy,15000,0.03270,ZeroMinusTick,161b72c9-5477-56f6-ae70-26aab4461c0b,4.905e+10,15000,490.5
1658275292,ANKRUSDT,Buy,31,0.03275,PlusTick,2f86ff1b-d958-5842-a3b6-751d3631714c,1.01525e+08,31,1.01525
1658275292,ANKRUSDT,Buy,1547,0.03275,ZeroMinusTick,f70da8a3-5de4-5ee1-acd4-116e9c6aa2e6,5.066425e+09,1547,50.66425
1658275292,ANKRUSDT,Buy,3162,0.03275,ZeroMinusTick,855b63bb-da56-5eda-842f-1c6a211fb2b0,1.035555e+10,3162,103.55550000000001
1658275292,ANKRUSDT,Buy,10479,0.03275,ZeroMinusTick,0c9a55a6-24e3-5552-bdec-e9ec5d070f10,3.4318725e+10,10479,343.18725
1658275292,ANKRUSDT,Buy,70000,0.03275,ZeroMinusTick,a588a547-b631-5cf6-941b-526b219aeb7e,2.2925e+11,70000,2292.5
1658275292,ANKRUSDT,Buy,3,0.03275,ZeroMinusTick,25642957-660a-56c0-ae17-0a28689f6b3a,9.825e+06,3,0.09825
1658275292,ANKRUSDT,Buy,5108,0.03275,ZeroMinusTick,63523d26-a69f-57a4-9ee8-cf94823b250d,1.67287e+10,5108,167.287
1658275292,ANKRUSDT,Buy,24502,0.03275,ZeroMinusTick,caaed557-a71c-5d21-baa4-1753c591cfd1,8.024405e+10,24502,802.4405
1658275292,ANKRUSDT,Buy,24502,0.03275,ZeroMinusTick,b575370b-f83f-57b2-a4f3-1db0c847254a,8.024405e+10,24502,802.4405
1658275292,ANKRUSDT,Buy,6735,0.03275,ZeroMinusTick,686911ec-bb47-558c-bc5b-92282e36855e,2.2057125000000004e+10,6735,220.57125000000002
1658275292,ANKRUSDT,Buy,14886,0.03275,ZeroMinusTick,40aea723-0652-5d8b-a47c-a2ef5cebe0b7,4.875165e+10,14886,487.5165
1658275293,ANKRUSDT,Sell,1600,0.03270,MinusTick,0f52cb9a-a92d-52a5-a02c-aa12fc2554ec,5.232e+09,1600,52.32
1658275293,ANKRUSDT,Sell,1258,0.03270,ZeroMinusTick,2d48834e-cc1f-5d93-96a9-af2172cd8c60,4.11366e+09,1258,41.1366
1658275293,ANKRUSDT,Sell,1258,0.03270,ZeroMinusTick,10e85da4-dcf9-52bb-9971-cf44421d3b41,4.11366e+09,1258,41.1366
1658275293,ANKRUSDT,Sell,1258,0.03270,ZeroMinusTick,3361cbe7-f0f9-55a5-abf5-f50db81a9ee8,4.11366e+09,1258,41.1366
1658275293,ANKRUSDT,Buy,16430,0.03275,PlusTick,e2899e2a-a821-5b50-91ca-133e43669510,5.380825e+10,16430,538.0825
1658275293,ANKRUSDT,Buy,15267,0.03275,ZeroMinusTick,665bee9f-93af-5780-91c7-2b910aba52b9,4.9999425e+10,15267,499.99425
1658275293,ANKRUSDT,Buy,9094,0.03275,ZeroMinusTick,4e649598-dfca-5714-b6a3-415419bb5e7b,2.9782850000000004e+10,9094,297.8285
1658275293,ANKRUSDT,Buy,14999,0.03275,ZeroMinusTick,b9ac67ab-d6cb-5869-95ba-ac40fb502522,4.9121725e+10,14999,491.21725000000004
1658275293,ANKRUSDT,Sell,1600,0.03270,MinusTick,7d44f461-646d-5151-aa78-906dd8b204f4,5.232e+09,1600,52.32
1658275293,ANKRUSDT,Sell,1600,0.03270,ZeroMinusTick,658f3e1d-a118-50e3-96e2-d8b9ef3660c9,5.232e+09,1600,52.32
1658275293,ANKRUSDT,Buy,1,0.03275,PlusTick,6df715ac-b2aa-5de0-a3e4-a5de2987b72d,3.275e+06,1,0.03275
1658275294,ANKRUSDT,Sell,1600,0.03275,ZeroMinusTick,32546970-b0d9-5d6f-9b20-19a47ce9fd59,5.240000000000001e+09,1600,52.400000000000006
1658275294,ANKRUSDT,Sell,1562,0.03275,ZeroMinusTick,d3af7786-8743-5245-8d79-79c7fab871b3,5.11555e+09,1562,51.1555
1658275294,ANKRUSDT,Buy,14999,0.03275,ZeroMinusTick,3c47ddbb-effd-5eb9-a575-ad6261eee343,4.9121725e+10,14999,491.21725000000004
1658275294,ANKRUSDT,Buy,1,0.03275,ZeroMinusTick,9d91ca5e-936a-510f-94a5-be8e0e0e0b5d,3.275e+06,1,0.03275
1658275294,ANKRUSDT,Buy,15000,0.03275,ZeroMinusTick,0cf63b49-a362-5d7f-a55b-b2ea45af37a2,4.9125e+10,15000,491.25
1658275294,ANKRUSDT,Sell,1600,0.03275,ZeroMinusTick,49f76add-4a42-556c-ae29-231b027820d3,5.240000000000001e+09,1600,52.400000000000006
1658275294,ANKRUSDT,Sell,1600,0.03275,ZeroMinusTick,1a7fcf3e-802d-5576-a818-7e515c820f7b,5.240000000000001e+09,1600,52.400000000000006
1658275294,ANKRUSDT,Sell,12117,0.03270,MinusTick,6fab5e29-3058-5712-b16c-d2cce111e030,3.962259e+10,12117,396.2259
1658275294,ANKRUSDT,Sell,2883,0.03270,ZeroMinusTick,11b76043-a7b1-519f-b0df-eac87b8e8519,9.42741e+09,2883,94.2741
1658275295,ANKRUSDT,Buy,15000,0.03275,PlusTick,a90ff8a6-ed32-59be-b6d9-04547f429ffb,4.9125e+10,15000,491.25
1658275295,ANKRUSDT,Buy,3162,0.03280,PlusTick,e94105ba-855a-5716-88fb-f0b34b938f34,1.0371360000000002e+10,3162,103.71360000000001
1658275295,ANKRUSDT,Buy,15243,0.03280,ZeroMinusTick,5eff6536-c09d-54bc-9a98-cb143d5c3b00,4.999704000000001e+10,15243,499.97040000000004
1658275295,ANKRUSDT,Buy,979,0.03285,PlusTick,c525de41-f919-536a-83c8-caa3d12f57f0,3.2160149999999995e+09,979,32.160149999999994
1658275295,ANKRUSDT,Buy,568,0.03285,ZeroMinusTick,79d5f25a-450c-5ffe-85b2-c369c8d5fc3b,1.86588e+09,568,18.6588
1658275295,ANKRUSDT,Buy,5108,0.03285,ZeroMinusTick,43ff5096-5149-5eba-a1f2-7bdfee9d6e76,1.677978e+10,5108,167.7978
1658275295,ANKRUSDT,Buy,15000,0.03285,ZeroMinusTick,de51c662-9d7a-53a1-ab3b-8a8257c6870e,4.927499999999999e+10,15000,492.74999999999994
1658275295,ANKRUSDT,Buy,15000,0.03285,ZeroMinusTick,756a858e-ab73-54a0-9e71-f0aacb31f246,4.927499999999999e+10,15000,492.74999999999994
1658275295,ANKRUSDT,Buy,10075,0.03285,ZeroMinusTick,09c63e95-b7db-5d73-9577-e673aa3dc8f1,3.3096374999999996e+10,10075,330.96374999999995
1658275295,ANKRUSDT,Buy,15000,0.03285,ZeroMinusTick,be47fb6a-ad7b-5a69-914b-f29a35fc8c67,4.927499999999999e+10,15000,492.74999999999994
1658275296,ANKRUSDT,Buy,7367,0.03285,ZeroMinusTick,47985cf1-2b68-5824-86bf-b41a9b047196,2.4200595e+10,7367,242.00594999999998
1658275296,ANKRUSDT,Buy,7633,0.03285,ZeroMinusTick,6d488426-4c66-5582-9377-8fe3424c95e9,2.5074405e+10,7633,250.74405
1658275296,ANKRUSDT,Buy,7367,0.03285,ZeroMinusTick,7cfd9008-55ca-5b81-9bc3-3cda4c82b47f,2.4200595e+10,7367,242.00594999999998
1658275296,ANKRUSDT,Buy,15000,0.03285,ZeroMinusTick,cb5366d2-92d3-5e0b-9e31-2a59eb223424,4.927499999999999e+10,15000,492.74999999999994
1658275296,ANKRUSDT,Sell,1600,0.03285,ZeroMinusTick,8d1a820f-7f44-50e3-b5d8-f2f51a2ca705,5.255999999999999e+09,1600,52.559999999999995
1658275296,ANKRUSDT,Buy,3162,0.03290,PlusTick,20bfcd29-cd23-5f27-b2b5-21602b2fc270,1.040298e+10,3162,104.0298
1658275296,ANKRUSDT,Buy,15000,0.03290,ZeroMinusTick,687f56e5-57de-51af-b6c8-fce6dc00394a,4.935e+10,15000,493.5
1658275297,ANKRUSDT,Buy,3162,0.03295,PlusTick,5494ab2a-2176-5499-ac06-76af032d93b5,1.041879e+10,3162,104.1879
1658275297,ANKRUSDT,Buy,15000,0.03295,ZeroMinusTick,ed317f5b-4c27-5c87-bb24-697110128a5a,4.9425e+10,15000,494.25
1658275297,ANKRUSDT,Sell,1,0.03295,ZeroMinusTick,6bbe83fc-2a1d-5a9e-80c0-15411c5c548f,3.295e+06,1,0.03295
1658275297,ANKRUSDT,Sell,7112,0.03295,ZeroMinusTick,eebaeddc-964c-50cc-acc2-0be0ff96f5f6,2.343404e+10,7112,234.3404
1658275297,ANKRUSDT,Sell,1600,0.03295,ZeroMinusTick,973cdf51-a7f0-5dcd-bf4b-0580666d0dba,5.272e+09,1600,52.72
1658275297,ANKRUSDT,Buy,15000,0.03300,PlusTick,ee07bc5a-dcc9-5087-824a-21361e6081d9,4.95e+10,15000,495
1658275297,ANKRUSDT,Buy,120,0.03305,PlusTick,333adce6-c450-5b2a-b732-39d45f847189,3.966e+08,120,3.966
1658275297,ANKRUSDT,Buy,2600,0.03305,ZeroMinusTick,19b8f6cd-3447-5e2a-8f3f-6b0acc25daa3,8.593e+09,2600,85.93
1658275297,ANKRUSDT,Buy,110,0.03305,ZeroMinusTick,e6bb8495-95e7-57c8-bb2b-6f203cb39529,3.6355000000000006e+08,110,3.6355000000000004
1658275297,ANKRUSDT,Buy,1647,0.03305,ZeroMinusTick,a688979a-4c99-5518-a5a7-1dbb1bea4c3c,5.443335e+09,1647,54.433350000000004
1658275297,ANKRUSDT,Buy,31,0.03305,ZeroMinusTick,3263a16e-43e0-5464-a7ff-422bc54e9205,1.02455e+08,31,1.02455
1658275297,ANKRUSDT,Buy,4737,0.03305,ZeroMinusTick,9dc330c2-4284-5563-ab86-d318a27ce6d0,1.5655785e+10,4737,156.55785
1658275297,ANKRUSDT,Buy,5691,0.03305,ZeroMinusTick,0f25679f-abf9-52b5-8ceb-833109eb5681,1.8808755000000004e+10,5691,188.08755000000002
1658275297,ANKRUSDT,Buy,13652,0.03305,ZeroMinusTick,ddf7c748-37c8-5d8b-ba2e-d385b68b2af0,4.511986000000001e+10,13652,451.19860000000006
1658275297,ANKRUSDT,Buy,15000,0.03300,MinusTick,29a60e6a-fc5d-5666-b1e1-c53d0e77d442,4.95e+10,15000,495
1658275297,ANKRUSDT,Sell,20696,0.03300,ZeroMinusTick,65755c54-630a-5760-9bfb-2810f7c3428b,6.829680000000001e+10,20696,682.9680000000001
1658275297,ANKRUSDT,Sell,13551,0.03300,ZeroMinusTick,cd967be7-bf17-5488-a94c-a59bfb509bfa,4.47183e+10,13551,447.183
1658275298,ANKRUSDT,Buy,14999,0.03300,ZeroMinusTick,ea29361d-24dc-5739-8046-dc70a07f3511,4.949670000000001e+10,14999,494.96700000000004
1658275298,ANKRUSDT,Buy,1,0.03300,ZeroMinusTick,c130c049-3859-5d87-b32e-81010789fc8c,3.3e+06,1,0.033
1658275298,ANKRUSDT,Buy,3162,0.03305,PlusTick,966f1693-38fe-55fe-ba46-63df9d2b4203,1.045041e+10,3162,104.50410000000001
1658275298,ANKRUSDT,Buy,1,0.03310,PlusTick,315e936e-27ef-5180-b2f0-ddd55ba63c51,3.3099999999999995e+06,1,0.0331
1658275299,ANKRUSDT,Buy,15000,0.03315,PlusTick,5f83d94e-8370-5b15-a114-32c1b83f5971,4.9725e+10,15000,497.25
1658275299,ANKRUSDT,Buy,21294,0.03315,ZeroMinusTick,483bffce-b24f-5243-956e-1b79a97ab385,7.058961e+10,21294,705.8960999999999
1658275299,ANKRUSDT,Buy,24187,0.03320,PlusTick,069ec710-0499-508b-ad2a-596fb93b8ead,8.030084e+10,24187,803.0084
1658275299,ANKRUSDT,Buy,24187,0.03320,ZeroMinusTick,75b76a73-8416-5b92-b57b-2f4e6a71db25,8.030084e+10,24187,803.0084
1658275299,ANKRUSDT,Buy,6655,0.03320,ZeroMinusTick,53336d8d-2743-566a-96a3-8f01d97797c5,2.20946e+10,6655,220.946
1658275299,ANKRUSDT,Buy,16440,0.03320,ZeroMinusTick,2c2a0d03-c18a-591c-a2d3-7afe3a67e26e,5.45808e+10,16440,545.808
1658275299,ANKRUSDT,Buy,24540,0.03320,ZeroMinusTick,343741ec-601d-5b98-a018-9103a154d26d,8.14728e+10,24540,814.728
1658275299,ANKRUSDT,Buy,19324,0.03320,ZeroMinusTick,536772ac-7ea3-5f59-bb21-9bc545302406,6.415567999999999e+10,19324,641.5568
1658275299,ANKRUSDT,Buy,300,0.03320,ZeroMinusTick,68d77b15-7836-56c1-a384-951ac088f0d5,9.960000000000001e+08,300,9.96
1658275299,ANKRUSDT,Sell,1600,0.03310,MinusTick,e3c2a7f4-189b-581a-97ee-26ede8e47307,5.295999999999999e+09,1600,52.959999999999994
1658275299,ANKRUSDT,Sell,1600,0.03310,ZeroMinusTick,82675f76-909b-50e9-846f-fc0a0c1a72c1,5.295999999999999e+09,1600,52.959999999999994
1658275299,ANKRUSDT,Sell,1600,0.03310,ZeroMinusTick,d397f5ec-a542-5473-b374-f82521107b0c,5.295999999999999e+09,1600,52.959999999999994
1658275299,ANKRUSDT,Sell,1600,0.03310,ZeroMinusTick,6df6abf6-b4df-50b5-b3ef-afddaffd8040,5.295999999999999e+09,1600,52.959999999999994
1658275299,ANKRUSDT,Sell,15003,0.03310,ZeroMinusTick,3538a55d-6666-5e48-a60b-c9a7f25ac9d6,4.965993e+10,15003,496.59929999999997
1658275299,ANKRUSDT,Sell,16139,0.03310,ZeroMinusTick,bd8019bd-0dea-5b28-98ce-9d51148031b1,5.342008999999999e+10,16139,534.2008999999999
1658275299,ANKRUSDT,Sell,30929,0.03310,ZeroMinusTick,3f71b2ff-4e79-5a6b-8ded-d919a34e193e,1.0237498999999998e+11,30929,1023.7498999999999
1658275299,ANKRUSDT,Sell,18162,0.03305,MinusTick,4202923a-5f67-5eed-8fdd-746beed94ab2,6.002541000000001e+10,18162,600.2541000000001
1658275299,ANKRUSDT,Sell,26999,0.03305,ZeroMinusTick,89239436-b0ae-5653-b4f2-28b40df2964e,8.923169500000002e+10,26999,892.3169500000001
1658275299,ANKRUSDT,Sell,35376,0.03305,ZeroMinusTick,670ec43f-1ffc-5ed8-b923-81d26c5a8803,1.1691768000000002e+11,35376,1169.1768000000002
1658275299,ANKRUSDT,Sell,4713,0.03305,ZeroMinusTick,889a3cf2-a2d4-56c0-9a00-5dd7177c9bee,1.5576465000000002e+10,4713,155.76465000000002
1658275299,ANKRUSDT,Sell,24187,0.03305,ZeroMinusTick,7adfae7c-8c1d-5e43-9363-53372a1d0be7,7.9938035e+10,24187,799.38035
1658275299,ANKRUSDT,Sell,24187,0.03305,ZeroMinusTick,6cfe8ac7-f4ff-5ac2-a79b-cd0c11a28bb6,7.9938035e+10,24187,799.38035
1658275299,ANKRUSDT,Sell,15000,0.03305,ZeroMinusTick,f0256091-e657-502f-befb-863abcea22ee,4.957500000000001e+10,15000,495.75000000000006
1658275299,ANKRUSDT,Sell,11861,0.03305,ZeroMinusTick,53c40cf4-133a-5121-b8e8-ca0344d5e7cb,3.9200605e+10,11861,392.00605
1658275299,ANKRUSDT,Buy,15000,0.03315,PlusTick,81be4ed1-5b6c-569c-9889-2a4c6a925a57,4.9725e+10,15000,497.25
1658275299,ANKRUSDT,Buy,302,0.03315,ZeroMinusTick,4102f5bd-4e0b-5815-8a12-3fa86307f6a8,1.00113e+09,302,10.0113
1658275299,ANKRUSDT,Sell,1600,0.03305,MinusTick,9e5fb6b0-5873-5aa6-859a-05a109e43d55,5.288e+09,1600,52.88
1658275300,ANKRUSDT,Sell,150,0.03300,MinusTick,5d65fcec-d7f0-50a5-b942-8d18753d56fb,4.95e+08,150,4.95
1658275300,ANKRUSDT,Sell,1600,0.03305,PlusTick,98c7169c-3851-5873-9d10-d94b6bb5c152,5.288e+09,1600,52.88
1658275300,ANKRUSDT,Sell,1600,0.03305,ZeroMinusTick,9b504a60-5f74-5ed9-ae72-51bf696539f0,5.288e+09,1600,52.88
1658275300,ANKRUSDT,Sell,2881,0.03305,ZeroMinusTick,15b51f6d-be4b-519b-bb1e-8f0414c37109,9.521705000000002e+09,2881,95.21705000000001
1658275300,ANKRUSDT,Sell,3162,0.03305,ZeroMinusTick,11162b92-d77b-579e-99ed-02788536a3ee,1.045041e+10,3162,104.50410000000001
1658275301,ANKRUSDT,Buy,14999,0.03305,ZeroMinusTick,0cb6d399-813e-5dde-bff5-2f3bffd19ad9,4.957169500000001e+10,14999,495.71695000000005
1658275301,ANKRUSDT,Sell,21362,0.03305,ZeroMinusTick,ab5692e7-b0ba-51c8-b8ba-139c2da0dc0a,7.060141000000002e+10,21362,706.0141000000001
1658275301,ANKRUSDT,Sell,3162,0.03300,MinusTick,5721ce29-0831-5c8f-8da1-6f6415eb4332,1.04346e+10,3162,104.346
1658275301,ANKRUSDT,Sell,24187,0.03300,ZeroMinusTick,a48f0ba3-258f-57b9-ac92-3257e28850cd,7.98171e+10,24187,798.171
1658275301,ANKRUSDT,Sell,15151,0.03300,ZeroMinusTick,971d36c6-40ae-56cb-b542-e29c6a9bd053,4.99983e+10,15151,499.983
1658275302,ANKRUSDT,Buy,15000,0.03290,MinusTick,b19a9752-84a2-574c-8c3b-0df02eb5b395,4.935e+10,15000,493.5
1658275303,ANKRUSDT,Buy,20695,0.03290,ZeroMinusTick,5283ad2a-7fc7-5d3e-9df7-336a0cbb2cc9,6.808655e+10,20695,680.8655
1658275303,ANKRUSDT,Sell,150,0.03285,MinusTick,9cd788c3-4409-5343-9d01-21311c2399d8,4.9274999999999994e+08,150,4.927499999999999
1658275303,ANKRUSDT,Sell,24316,0.03285,ZeroMinusTick,4af5f412-55a9-5961-b627-b09fc19b17f9,7.987806e+10,24316,798.7805999999999
1658275303,ANKRUSDT,Sell,3162,0.03285,ZeroMinusTick,8ef2d1e5-7f8d-5853-bd1c-46888876c1f3,1.0387169999999998e+10,3162,103.87169999999999
1658275303,ANKRUSDT,Sell,36201,0.03285,ZeroMinusTick,71fb6092-1ac6-5dcb-b35a-08aad7460df8,1.1892028499999998e+11,36201,1189.20285
1658275303,ANKRUSDT,Buy,15000,0.03285,ZeroMinusTick,579ef48f-77b8-5b66-b627-53a3fc080a00,4.927499999999999e+10,15000,492.74999999999994
1658275304,ANKRUSDT,Buy,15000,0.03285,ZeroMinusTick,0ed523ba-a489-59e4-a4e5-59585504f241,4.927499999999999e+10,15000,492.74999999999994
1658275304,ANKRUSDT,Buy,15000,0.03290,PlusTick,3a304ab4-a521-5824-94f8-e9fe9c9ab9c2,4.935e+10,15000,493.5
1658275304,ANKRUSDT,Sell,21768,0.03290,ZeroMinusTick,5df645b2-ce70-57f9-94d6-b56993ace940,7.161672e+10,21768,716.1672
1658275304,ANKRUSDT,Buy,15000,0.03290,ZeroMinusTick,cb09afbe-22fa-5716-9798-2760635e237d,4.935e+10,15000,493.5
1658275304,ANKRUSDT,Buy,3162,0.03295,PlusTick,4e8236d5-f91c-581a-9768-41e764aadf5b,1.041879e+10,3162,104.1879
1658275304,ANKRUSDT,Buy,15000,0.03295,ZeroMinusTick,3a69094f-0a21-5ea4-8730-78dc24d33607,4.9425e+10,15000,494.25
1658275306,ANKRUSDT,Buy,15000,0.03300,PlusTick,3c8b467d-786f-5376-8873-29caa4e78803,4.95e+10,15000,495
1658275306,ANKRUSDT,Buy,6519,0.03300,ZeroMinusTick,89dc0269-16e3-54ed-8275-311319cc0f75,2.15127e+10,6519,215.127
1658275306,ANKRUSDT,Buy,8481,0.03300,ZeroMinusTick,d960425a-cdc0-524e-b26e-0abd7089d823,2.79873e+10,8481,279.873
1658275309,ANKRUSDT,Buy,14999,0.03305,PlusTick,54e6225a-0e64-55f9-933f-c885c70d40bc,4.957169500000001e+10,14999,495.71695000000005
1658275309,ANKRUSDT,Buy,1,0.03305,ZeroMinusTick,72d8453a-cbe9-5ce3-98a7-0da111dfd3ca,3.3050000000000005e+06,1,0.03305
1658275309,ANKRUSDT,Buy,1,0.03305,ZeroMinusTick,1f758394-abec-5ea1-ad78-0645eb65c50d,3.3050000000000005e+06,1,0.03305
1658275309,ANKRUSDT,Buy,1,0.03305,ZeroMinusTick,02226182-9a75-5296-a29f-7bf686dcabc8,3.3050000000000005e+06,1,0.03305
1658275310,ANKRUSDT,Buy,1,0.03310,PlusTick,4d1785cd-ae7d-50da-a3e5-23d1eb97a4e3,3.3099999999999995e+06,1,0.0331
1658275310,ANKRUSDT,Buy,3161,0.03310,ZeroMinusTick,7d547006-5c92-598b-8973-48af2b22e17d,1.046291e+10,3161,104.6291
1658275310,ANKRUSDT,Buy,2860,0.03315,PlusTick,ff38a05e-0056-527e-95e5-bce9092ad059,9.4809e+09,2860,94.809
1658275310,ANKRUSDT,Buy,30000,0.03315,ZeroMinusTick,9bae1ec0-732c-5529-9bc6-b9351c13f097,9.945e+10,30000,994.5
1658275310,ANKRUSDT,Buy,36194,0.03315,ZeroMinusTick,22a4e56d-140d-56b8-8ad9-70b2c613b9f3,1.1998310999999998e+11,36194,1199.8310999999999
1658275310,ANKRUSDT,Buy,24187,0.03315,ZeroMinusTick,2db9e097-d239-5d86-b375-40ec0e1e518d,8.0179905e+10,24187,801.79905
1658275310,ANKRUSDT,Buy,24187,0.03315,ZeroMinusTick,bb76676a-1669-5ccc-bd70-0b0076786eb0,8.0179905e+10,24187,801.79905
1658275310,ANKRUSDT,Buy,38204,0.03315,ZeroMinusTick,c258c39b-5b54-5073-902d-7f3c02ca0031,1.2664626e+11,38204,1266.4626
1658275311,ANKRUSDT,Buy,3162,0.03315,ZeroMinusTick,0135a17d-c1bc-555c-86e2-39bb211559d0,1.048203e+10,3162,104.8203
1658275311,ANKRUSDT,Buy,76665,0.03320,PlusTick,2945bc20-771d-520e-91aa-5c1c842bc4ab,2.5452780000000003e+11,76665,2545.2780000000002
1658275311,ANKRUSDT,Buy,15000,0.03320,ZeroMinusTick,5fdcb97d-dad4-527a-9d67-3df29c3cc4a4,4.98e+10,15000,498
1658275311,ANKRUSDT,Buy,24132,0.03320,ZeroMinusTick,b6f2a58c-f517-58ba-826f-db79a70ab69a,8.011824e+10,24132,801.1824
1658275312,ANKRUSDT,Buy,3162,0.03325,PlusTick,39842a85-a142-5807-a32b-4caaee4f5b02,1.0513650000000002e+10,3162,105.13650000000001
1658275312,ANKRUSDT,Buy,11926,0.03325,ZeroMinusTick,180bba2c-0bdf-5583-ad57-808739dbb356,3.965395e+10,11926,396.53950000000003
1658275312,ANKRUSDT,Buy,15000,0.03325,ZeroMinusTick,934901fb-d8d1-5dfb-9ebb-61f17dc7a340,4.9875e+10,15000,498.75
1658275312,ANKRUSDT,Buy,73,0.03330,PlusTick,35b295c4-b084-5f66-a943-ef70050d48c1,2.4309000000000003e+08,73,2.4309000000000003
1658275312,ANKRUSDT,Sell,13991,0.03330,ZeroMinusTick,6fe187e7-0f9f-5e86-bfb0-3d79e4bb84d8,4.659003000000001e+10,13991,465.9003000000001
1658275312,ANKRUSDT,Sell,11783,0.03330,ZeroMinusTick,774a9132-5c31-5c2a-95fb-fe6f83cea877,3.923739000000001e+10,11783,392.37390000000005
1658275312,ANKRUSDT,Sell,3217,0.03330,ZeroMinusTick,bce6c7f4-0060-5337-a975-d450a9c7cfad,1.071261e+10,3217,107.12610000000001
1658275312,ANKRUSDT,Sell,1809,0.03325,MinusTick,6d5c49e0-ca18-54ca-b317-dfb82c1ae9f7,6.014925e+09,1809,60.14925
1658275312,ANKRUSDT,Buy,1000,0.03335,PlusTick,306dcad3-bb0a-55ca-8a2d-229f170b16cd,3.3349999999999995e+09,1000,33.349999999999994
1658275312,ANKRUSDT,Buy,15000,0.03335,ZeroMinusTick,a5577f4d-158e-5654-85d6-3d10c4ebb018,5.002499999999999e+10,15000,500.24999999999994
1658275312,ANKRUSDT,Sell,4866,0.03335,ZeroMinusTick,361d6d8e-5b81-599d-9a88-46d335045cdc,1.6228109999999998e+10,4866,162.28109999999998
1658275312,ANKRUSDT,Buy,19,0.03340,PlusTick,e3bb047e-223a-5ff0-856a-cda6fe758534,6.345999999999999e+07,19,0.6345999999999999
1658275312,ANKRUSDT,Buy,19,0.03340,ZeroMinusTick,5a0c9344-31bd-57ea-916e-3f61c1519551,6.345999999999999e+07,19,0.6345999999999999
1658275314,ANKRUSDT,Sell,1,0.03335,MinusTick,053fd6fa-ae9d-531a-bb23-9ea9eb596f54,3.335e+06,1,0.03335
1658275314,ANKRUSDT,Sell,3161,0.03335,ZeroMinusTick,243b0ce8-2e2b-500b-93a1-cd78444e3d25,1.0541935e+10,3161,105.41935
1658275314,ANKRUSDT,Sell,1600,0.03330,MinusTick,d2b52ab8-1fd3-5188-b962-6d5702459b5a,5.328000000000001e+09,1600,53.28000000000001
1658275314,ANKRUSDT,Sell,1562,0.03330,ZeroMinusTick,f4fe2c85-c73f-5c6d-a008-04dcf544311f,5.20146e+09,1562,52.0146
1658275315,ANKRUSDT,Sell,1600,0.03325,MinusTick,e42ff19d-5d74-5dc9-b25e-1bb354fd26d2,5.32e+09,1600,53.2
1658275315,ANKRUSDT,Sell,1562,0.03325,ZeroMinusTick,3830f126-b277-5a0a-b191-225c00549456,5.19365e+09,1562,51.9365
1658275315,ANKRUSDT,Buy,15000,0.03330,PlusTick,a2a971e3-36be-5c0e-a6c2-77fa1335e61f,4.995000000000001e+10,15000,499.50000000000006
1658275315,ANKRUSDT,Buy,20428,0.03330,ZeroMinusTick,58b0e3aa-134d-5931-8065-46ddb3379774,6.802524000000001e+10,20428,680.2524000000001
1658275315,ANKRUSDT,Buy,8547,0.03330,ZeroMinusTick,804bc710-e0fb-5c3b-a2bb-222f6ccc4266,2.8461510000000004e+10,8547,284.61510000000004
1658275315,ANKRUSDT,Buy,15270,0.03335,PlusTick,7e8afba2-5ea3-5d64-adb4-73f653def655,5.092544999999999e+10,15270,509.25449999999995
1658275315,ANKRUSDT,Buy,979,0.03335,ZeroMinusTick,d19c490d-3f74-5f81-9a9b-a3c5a1f5505b,3.264965e+09,979,32.64965
1658275315,ANKRUSDT,Buy,37920,0.03335,ZeroMinusTick,6d01a31d-a42a-525e-953f-b006c2a9e0e2,1.2646319999999998e+11,37920,1264.6319999999998
1658275315,ANKRUSDT,Buy,24024,0.03335,ZeroMinusTick,bff9c4b3-166f-51c3-989f-ec71a05bb78a,8.012004e+10,24024,801.2004
1658275315,ANKRUSDT,Buy,8159,0.03335,ZeroMinusTick,0e148443-4246-5bf8-b076-8d336923d629,2.7210265e+10,8159,272.10265
1658275315,ANKRUSDT,Buy,19461,0.03340,PlusTick,0cdd77a3-f4c3-5007-86cf-0a16a0bbbea3,6.499974e+10,19461,649.9974
1658275315,ANKRUSDT,Buy,3704,0.03340,ZeroMinusTick,e8f2eda2-0e55-59c9-9024-ca4b8d899e76,1.237136e+10,3704,123.7136
1658275315,ANKRUSDT,Buy,10064,0.03340,ZeroMinusTick,43a85354-9860-593d-9489-3d5371ebe338,3.3613759999999996e+10,10064,336.13759999999996
1658275315,ANKRUSDT,Sell,1,0.03330,MinusTick,fa6a4377-f4e2-5a77-a6fc-dd8375fde89e,3.3300000000000005e+06,1,0.0333
1658275315,ANKRUSDT,Sell,10250,0.03330,ZeroMinusTick,4d9fc360-312d-5edd-a547-95c89b3c0cc7,3.4132500000000004e+10,10250,341.32500000000005
1658275315,ANKRUSDT,Buy,20373,0.03330,ZeroMinusTick,ad60c247-f8ec-5992-8f24-563a115e3b2f,6.784209000000001e+10,20373,678.4209000000001
1658275315,ANKRUSDT,Sell,8279,0.03330,ZeroMinusTick,5675a062-7255-5031-86e8-af61f2f0afa1,2.7569070000000004e+10,8279,275.69070000000005
1658275315,ANKRUSDT,Sell,66721,0.03330,ZeroMinusTick,3c1a8b2f-d1ca-59e3-88c0-1bee1633219b,2.2218093000000003e+11,66721,2221.8093000000003
1658275315,ANKRUSDT,Sell,31595,0.03330,ZeroMinusTick,7f78f858-132c-59bd-b653-cc6e9768421e,1.0521135000000002e+11,31595,1052.1135000000002
1658275317,ANKRUSDT,Sell,1600,0.03325,MinusTick,440a9ee2-0b5f-5b8d-bc0b-6b8663e4d4af,5.32e+09,1600,53.2
1658275317,ANKRUSDT,Sell,1600,0.03325,ZeroMinusTick,44ab42dd-b871-5b9c-8453-c4420205ebbb,5.32e+09,1600,53.2
1658275317,ANKRUSDT,Sell,1600,0.03325,ZeroMinusTick,dcaaadd5-c037-529c-8b22-5a1491a4ecba,5.32e+09,1600,53.2
1658275317,ANKRUSDT,Sell,1600,0.03325,ZeroMinusTick,960b8ca7-761d-5a32-971f-3af285b851f6,5.32e+09,1600,53.2
1658275317,ANKRUSDT,Sell,1562,0.03325,ZeroMinusTick,90654e9b-5a4c-5b9b-8ad6-10c8351d2d1c,5.19365e+09,1562,51.9365
1658275317,ANKRUSDT,Sell,38,0.03325,ZeroMinusTick,dda77289-1131-5761-8f9c-0473e7b92809,1.2635e+08,38,1.2635
1658275317,ANKRUSDT,Sell,1600,0.03325,ZeroMinusTick,36325bf6-b428-5599-accd-1b6e304a346f,5.32e+09,1600,53.2
1658275317,ANKRUSDT,Sell,1600,0.03325,ZeroMinusTick,623bbe75-dd94-563f-b719-448a8911b852,5.32e+09,1600,53.2
1658275317,ANKRUSDT,Sell,1600,0.03325,ZeroMinusTick,085882c5-07de-5f0a-9479-921d3f70bd33,5.32e+09,1600,53.2
1658275317,ANKRUSDT,Sell,1600,0.03325,ZeroMinusTick,7f9ed7ee-b90d-58f5-ac9c-e605b8084dba,5.32e+09,1600,53.2
1658275317,ANKRUSDT,Sell,20408,0.03325,ZeroMinusTick,9ad7e24d-de86-5142-a9d0-17cec7411132,6.78566e+10,20408,678.566
1658275317,ANKRUSDT,Sell,1600,0.03325,ZeroMinusTick,a7321aa6-268e-51a5-ad45-e06c645da73e,5.32e+09,1600,53.2
1658275317,ANKRUSDT,Sell,1,0.03325,ZeroMinusTick,2142dda4-2d75-57cc-8878-6fa3cae2e026,3.325e+06,1,0.03325
1658275317,ANKRUSDT,Sell,2797,0.03325,ZeroMinusTick,23a85df3-85d1-5d56-a22b-5598d4f9e287,9.300025e+09,2797,93.00025000000001
1658275317,ANKRUSDT,Sell,1600,0.03320,MinusTick,4bedea21-d7d0-55c4-9a58-38e2643021dc,5.312e+09,1600,53.12
1658275317,ANKRUSDT,Sell,1600,0.03320,ZeroMinusTick,982c4305-3fef-529b-a3a5-02473f48d3d8,5.312e+09,1600,53.12
1658275317,ANKRUSDT,Sell,1600,0.03320,ZeroMinusTick,35816a49-eb8a-5f52-a7a8-c347da08b5f2,5.312e+09,1600,53.12
1658275317,ANKRUSDT,Sell,226,0.03320,ZeroMinusTick,6ea0e4dc-ab7b-5229-a17f-16f71ed09ffc,7.5032e+08,226,7.5032
1658275317,ANKRUSDT,Sell,1374,0.03320,ZeroMinusTick,37ebe5de-b472-5811-928d-eb5a5a76b47d,4.56168e+09,1374,45.6168
1658275318,ANKRUSDT,Sell,1600,0.03315,MinusTick,fcbe80ba-d87e-5137-974d-9801bc7e308d,5.304e+09,1600,53.04
1658275318,ANKRUSDT,Sell,1600,0.03315,ZeroMinusTick,c1b01a3b-50e2-5d07-8887-3dfb921c41fa,5.304e+09,1600,53.04
1658275318,ANKRUSDT,Sell,1562,0.03315,ZeroMinusTick,c912f2bf-6fcc-59bf-ae33-f7f5fc8d494c,5.17803e+09,1562,51.7803
1658275318,ANKRUSDT,Buy,15000,0.03315,ZeroMinusTick,d1f165c6-7ade-5c78-b350-02ef1d06d36f,4.9725e+10,15000,497.25
1658275318,ANKRUSDT,Sell,5799,0.03315,ZeroMinusTick,33c79b28-07b7-5890-8266-749658ea202b,1.9223685e+10,5799,192.23685
1658275318,ANKRUSDT,Sell,15000,0.03315,ZeroMinusTick,9e2f5f17-b7f9-5df9-aefa-b8ec1aa0ed89,4.9725e+10,15000,497.25
1658275318,ANKRUSDT,Sell,98782,0.03315,ZeroMinusTick,d4b67916-7661-5aa7-952f-4a45b7d7624c,3.2746233e+11,98782,3274.6232999999997
1658275318,ANKRUSDT,Buy,15000,0.03320,PlusTick,b5ca8289-c671-5d5c-80c5-76f13abb8a2d,4.98e+10,15000,498
1658275318,ANKRUSDT,Buy,4357,0.03325,PlusTick,95770562-6efa-5c8d-8aac-ea4b462b97c3,1.4487025e+10,4357,144.87025
1658275318,ANKRUSDT,Buy,24150,0.03325,ZeroMinusTick,247f003d-2ad9-5f20-b86d-9b1ba7d7798b,8.029875e+10,24150,802.9875000000001
1658275318,ANKRUSDT,Buy,4736,0.03325,ZeroMinusTick,e3378605-bb45-51fc-90a0-f1d4f9e0c4ec,1.57472e+10,4736,157.472
1658275319,ANKRUSDT,Sell,31595,0.03320,MinusTick,804e8490-1937-5368-94d2-828451ae8a49,1.048954e+11,31595,1048.954
1658275319,ANKRUSDT,Buy,1,0.03325,PlusTick,ceb76559-7c2e-5f47-87e3-bc3055a3a2d4,3.325e+06,1,0.03325
1658275319,ANKRUSDT,Buy,10584,0.03320,MinusTick,03310cd6-d05e-5030-9387-185dda646a80,3.513888e+10,10584,351.3888
1658275319,ANKRUSDT,Buy,4416,0.03320,ZeroMinusTick,7eb10ee9-971b-5c33-9f13-4d77ec93c910,1.466112e+10,4416,146.6112
1658275319,ANKRUSDT,Buy,15000,0.03325,PlusTick,dba53117-69ec-58e5-af17-ab2c2c5d8ba9,4.9875e+10,15000,498.75
1658275320,ANKRUSDT,Buy,15000,0.03325,ZeroMinusTick,a4d3612b-0bab-5c6f-90b3-f4c8dcac168d,4.9875e+10,15000,498.75
1658275320,ANKRUSDT,Sell,1,0.03325,ZeroMinusTick,2782a1fe-72a0-5888-9f42-573a852697b3,3.325e+06,1,0.03325
1658275321,ANKRUSDT,Sell,24060,0.03320,MinusTick,53300293-5ef5-5c5d-be5a-141beb29a5b6,7.98792e+10,24060,798.792
1658275321,ANKRUSDT,Sell,24060,0.03320,ZeroMinusTick,1acb6714-cec0-553a-8d19-96e9e96b7f27,7.98792e+10,24060,798.792
1658275321,ANKRUSDT,Sell,24060,0.03320,ZeroMinusTick,c6b0aa03-4db2-5cbe-90f5-a5c06633d5a2,7.98792e+10,24060,798.792
1658275321,ANKRUSDT,Sell,36375,0.03320,ZeroMinusTick,752849c2-bd4f-59f3-8e45-863a0cda4d3d,1.2076500000000002e+11,36375,1207.65
1658275321,ANKRUSDT,Sell,3162,0.03320,ZeroMinusTick,74fc648f-453e-5edb-abae-7ba7e917d0c6,1.049784e+10,3162,104.97840000000001
1658275321,ANKRUSDT,Sell,24077,0.03320,ZeroMinusTick,796ef74c-eefe-5d96-a300-3faa28500f9c,7.993564e+10,24077,799.3564
1658275321,ANKRUSDT,Buy,15000,0.03325,PlusTick,1157db9b-bc11-5b23-855e-bbc7c4083fa5,4.9875e+10,15000,498.75
1658275321,ANKRUSDT,Buy,979,0.03330,PlusTick,e0296d0a-f923-5af1-8a68-15eab7a2d663,3.2600700000000005e+09,979,32.6007
1658275321,ANKRUSDT,Buy,133,0.03330,ZeroMinusTick,46f2dae0-1dd9-528e-a287-f504383cdaa3,4.4289000000000006e+08,133,4.4289000000000005
1658275321,ANKRUSDT,Buy,7568,0.03330,ZeroMinusTick,dacf447c-9b45-5562-a259-bd78dad76996,2.5201440000000004e+10,7568,252.01440000000002
1658275321,ANKRUSDT,Buy,3162,0.03330,ZeroMinusTick,b637e6dc-8389-5777-9f78-95329dcc5fb8,1.0529460000000002e+10,3162,105.29460000000002
1658275321,ANKRUSDT,Buy,25440,0.03330,ZeroMinusTick,22a25aff-96f2-5389-b68b-07a294a807c8,8.47152e+10,25440,847.152
1658275321,ANKRUSDT,Buy,3179,0.03330,ZeroMinusTick,3de0f22d-0bdf-5413-a3c8-35d9b51f0eaf,1.058607e+10,3179,105.86070000000001
1658275321,ANKRUSDT,Buy,24078,0.03330,ZeroMinusTick,7dc6d59c-7655-55fe-ae63-6d9354d4a87c,8.017974e+10,24078,801.7974
1658275321,ANKRUSDT,Buy,16320,0.03330,ZeroMinusTick,05de7f77-5bc4-57bb-ac66-665d66b50cfe,5.43456e+10,16320,543.456
1658275321,ANKRUSDT,Buy,24078,0.03330,ZeroMinusTick,1e5eba85-d5b5-53d0-ac4a-7c570db23e35,8.017974e+10,24078,801.7974
1658275321,ANKRUSDT,Buy,24078,0.03330,ZeroMinusTick,af50f806-d95d-5421-8482-7afa4ae20168,8.017974e+10,24078,801.7974
1658275322,ANKRUSDT,Sell,1,0.03320,MinusTick,dce239a8-8b5d-544f-9d4e-f5926546ac2f,3.32e+06,1,0.0332
1658275322,ANKRUSDT,Sell,1599,0.03320,ZeroMinusTick,48d8217d-99af-5652-9ca9-8861fb529b79,5.30868e+09,1599,53.086800000000004
1658275322,ANKRUSDT,Sell,1600,0.03320,ZeroMinusTick,ddb88b99-6265-5949-849f-d41405d21cbd,5.312e+09,1600,53.12
1658275322,ANKRUSDT,Sell,1600,0.03320,ZeroMinusTick,dbeec5b8-6d99-56ee-ad13-a936fce1f369,5.312e+09,1600,53.12
1658275322,ANKRUSDT,Sell,1600,0.03320,ZeroMinusTick,bdba5b66-067f-58f1-9456-fafefb40e305,5.312e+09,1600,53.12
1658275322,ANKRUSDT,Sell,1600,0.03320,ZeroMinusTick,4a5a8bc8-615f-5dcc-a980-4c1fc02002e4,5.312e+09,1600,53.12
1658275323,ANKRUSDT,Sell,1600,0.03320,ZeroMinusTick,0a935a79-b3cf-5a42-82cc-59d4667b2c7d,5.312e+09,1600,53.12
1658275323,ANKRUSDT,Sell,1600,0.03320,ZeroMinusTick,850d3f4a-bec6-5122-a523-ca80807ae8ea,5.312e+09,1600,53.12
1658275323,ANKRUSDT,Buy,15000,0.03325,PlusTick,f0202111-959c-578d-94b0-2081d9210702,4.9875e+10,15000,498.75
1658275323,ANKRUSDT,Buy,979,0.03330,PlusTick,78905fac-f5d9-5749-8456-d13682811c70,3.2600700000000005e+09,979,32.6007
1658275323,ANKRUSDT,Buy,31,0.03330,ZeroMinusTick,64212106-8a31-545f-9ae0-ecf0e56d34fa,1.0323e+08,31,1.0323
1658275323,ANKRUSDT,Buy,37872,0.03330,ZeroMinusTick,24071d00-7b13-5258-a754-80f2f08811ee,1.2611376e+11,37872,1261.1376
1658275323,ANKRUSDT,Sell,1,0.03325,MinusTick,fb3e70d7-c77b-56eb-b986-36298637609b,3.325e+06,1,0.03325
1658275324,ANKRUSDT,Buy,20545,0.03325,ZeroMinusTick,1ce298e8-2db4-50b8-8a6d-b142d0bce7d8,6.8312125e+10,20545,683.12125
1658275324,ANKRUSDT,Buy,15000,0.03325,ZeroMinusTick,d5eb6078-c544-5221-a6fd-0b1522dea061,4.9875e+10,15000,498.75
1658275324,ANKRUSDT,Buy,15000,0.03325,ZeroMinusTick,49e48875-0e80-5287-8437-9f1aec6c50a8,4.9875e+10,15000,498.75
1658275324,ANKRUSDT,Buy,8159,0.03330,PlusTick,d5974e42-2caf-57de-b7ad-e53962a41307,2.716947e+10,8159,271.6947
1658275324,ANKRUSDT,Buy,11198,0.03330,ZeroMinusTick,c735b881-5f06-5018-bf64-987303827257,3.728934000000001e+10,11198,372.89340000000004
1658275324,ANKRUSDT,Sell,1,0.03325,MinusTick,856b4ec5-f704-50c8-8dc0-2c84fdc058b1,3.325e+06,1,0.03325
1658275325,ANKRUSDT,Buy,19470,0.03325,ZeroMinusTick,af0273f8-d8ae-5413-9655-0b9b15606aba,6.473775000000001e+10,19470,647.3775
1658275325,ANKRUSDT,Buy,15000,0.03325,ZeroMinusTick,5f481198-0c09-5119-93ba-f19cb557c0b0,4.9875e+10,15000,498.75
1658275325,ANKRUSDT,Buy,15000,0.03325,ZeroMinusTick,26ff7366-4434-5895-91b3-96b3aba82f36,4.9875e+10,15000,498.75
1658275326,ANKRUSDT,Sell,1,0.03320,MinusTick,d997d87c-cf76-5ed8-a906-0f15caa804fb,3.32e+06,1,0.0332
1658275326,ANKRUSDT,Sell,1600,0.03320,ZeroMinusTick,f6a81106-bbfb-54bb-b279-6cc804612b2a,5.312e+09,1600,53.12
1658275326,ANKRUSDT,Sell,4700,0.03320,ZeroMinusTick,8d18b6ec-0f89-5af4-bab7-faa85915a36f,1.5604e+10,4700,156.04
1658275326,ANKRUSDT,Sell,3162,0.03320,ZeroMinusTick,13e8d99b-47a0-52bd-a3bd-fe43bc0d5048,1.049784e+10,3162,104.97840000000001
1658275326,ANKRUSDT,Sell,24078,0.03320,ZeroMinusTick,4aaa5850-790e-5daf-8a1f-d8dcd4cb92ef,7.993896e+10,24078,799.3896
1658275326,ANKRUSDT,Sell,24078,0.03320,ZeroMinusTick,0b1a1ca2-27e0-503d-89af-25bf387d85d5,7.993896e+10,24078,799.3896
1658275326,ANKRUSDT,Sell,24078,0.03320,ZeroMinusTick,98b3fe5a-d155-5ddc-9f35-324df360e58e,7.993896e+10,24078,799.3896
1658275326,ANKRUSDT,Sell,24060,0.03320,ZeroMinusTick,cc96cd7e-b9ea-5711-a53d-21db7f7e7292,7.98792e+10,24060,798.792
1658275326,ANKRUSDT,Sell,38581,0.03320,ZeroMinusTick,4633108b-f549-521d-8aab-b40fafeabef2,1.2808892e+11,38581,1280.8892
1658275326,ANKRUSDT,Sell,31,0.03320,ZeroMinusTick,d2529623-83d9-561b-a8d9-1dcc0c87e0da,1.0292000000000001e+08,31,1.0292000000000001
1658275326,ANKRUSDT,Sell,1600,0.03315,MinusTick,7cf0353d-c8e5-5b75-9a8d-74c8df3c7dbb,5.304e+09,1600,53.04
1658275326,ANKRUSDT,Sell,1600,0.03315,ZeroMinusTick,81e9a710-d401-5248-a426-694997450695,5.304e+09,1600,53.04
1658275326,ANKRUSDT,Sell,1562,0.03315,ZeroMinusTick,77ff774b-46dd-581a-af9e-a7986cb224c0,5.17803e+09,1562,51.7803
1658275326,ANKRUSDT,Sell,38,0.03315,ZeroMinusTick,9962788e-4b30-5584-a168-3929281e57df,1.2597e+08,38,1.2597
1658275326,ANKRUSDT,Sell,1600,0.03315,ZeroMinusTick,5a39baad-6397-5fd5-a5a6-bccf39d45ca3,5.304e+09,1600,53.04
1658275326,ANKRUSDT,Sell,1600,0.03315,ZeroMinusTick,4e4082b8-8bc0-5df4-a189-bd374fc11807,5.304e+09,1600,53.04
1658275326,ANKRUSDT,Sell,7721,0.03315,ZeroMinusTick,1e4e211f-6941-5e55-8302-7daf4b43bcc3,2.5595115e+10,7721,255.95114999999998
1658275326,ANKRUSDT,Sell,1,0.03315,ZeroMinusTick,56c06355-79a6-550c-aa2f-f954c7dd6e8f,3.315e+06,1,0.03315
1658275326,ANKRUSDT,Sell,1600,0.03315,ZeroMinusTick,720a7596-bb14-5952-a949-6e9bb7b57e9f,5.304e+09,1600,53.04
1658275326,ANKRUSDT,Sell,1600,0.03315,ZeroMinusTick,917fe81e-4fad-5a62-a038-10ee2cdd35f9,5.304e+09,1600,53.04
1658275326,ANKRUSDT,Sell,93,0.03315,ZeroMinusTick,78573e47-db61-5296-a6e7-1e4c97ba4056,3.08295e+08,93,3.08295
1658275326,ANKRUSDT,Sell,3247,0.03315,ZeroMinusTick,a0ffd97e-53dd-5299-8180-4de4aa719925,1.0763805e+10,3247,107.63804999999999
1658275326,ANKRUSDT,Sell,639,0.03310,MinusTick,8eb4fc8a-8519-5870-a44e-8d1b7c0317db,2.11509e+09,639,21.1509
1658275326,ANKRUSDT,Sell,1600,0.03310,ZeroMinusTick,32c0dafd-b98d-5b21-8128-23d0ae5be312,5.295999999999999e+09,1600,52.959999999999994
1658275326,ANKRUSDT,Sell,923,0.03310,ZeroMinusTick,a4b9f7fa-1b96-5c13-b040-64bd4dee8dd2,3.05513e+09,923,30.551299999999998
1658275326,ANKRUSDT,Sell,677,0.03310,ZeroMinusTick,5732ffe4-b010-5ca5-a079-21dd60a87e82,2.24087e+09,677,22.4087
1658275326,ANKRUSDT,Sell,1600,0.03315,PlusTick,5a924695-016d-57a9-b20a-9b4da995d550,5.304e+09,1600,53.04
1658275326,ANKRUSDT,Sell,1,0.03315,ZeroMinusTick,abc864fa-a652-5ecb-9f85-208898bd5b69,3.315e+06,1,0.03315
1658275326,ANKRUSDT,Sell,1600,0.03315,ZeroMinusTick,12cf53f3-43a1-51a7-b681-f90b529e6cae,5.304e+09,1600,53.04
1658275326,ANKRUSDT,Buy,20652,0.03320,PlusTick,775b9be5-47a8-537b-914a-05dd5d4b3741,6.856464e+10,20652,685.6464
1658275326,ANKRUSDT,Buy,4361,0.03320,ZeroMinusTick,76765913-8a28-55c9-aec4-fb773b34438d,1.447852e+10,4361,144.7852
1658275326,ANKRUSDT,Sell,1600,0.03320,ZeroMinusTick,a6431f5a-a483-5549-a52c-fec19221870d,5.312e+09,1600,53.12
1658275326,ANKRUSDT,Sell,3000,0.03310,MinusTick,c986914e-c3ff-59a4-81e3-4e883371cb95,9.93e+09,3000,99.3
1658275326,ANKRUSDT,Sell,1600,0.03310,ZeroMinusTick,1e8288b6-c631-5326-b4fe-3fa71ad04844,5.295999999999999e+09,1600,52.959999999999994
1658275326,ANKRUSDT,Buy,11198,0.03315,PlusTick,95f0826d-6a95-55bf-b7d7-dc80d2ff67ae,3.712136999999999e+10,11198,371.21369999999996
1658275326,ANKRUSDT,Buy,5917,0.03315,ZeroMinusTick,db65e939-78a6-544f-8282-6a84e0c5fe0b,1.9614855e+10,5917,196.14855
1658275326,ANKRUSDT,Buy,3493,0.03315,ZeroMinusTick,af65e919-6dd8-5055-8426-c03eea1b96a8,1.1579295e+10,3493,115.79294999999999
1658275326,ANKRUSDT,Sell,1600,0.03305,MinusTick,4e03e691-f4a4-559f-9c3b-034f1d945445,5.288e+09,1600,52.88
1658275326,ANKRUSDT,Sell,1,0.03305,ZeroMinusTick,18433bd4-2b91-54a5-8b1a-2d88aa0bfaed,3.3050000000000005e+06,1,0.03305
1658275326,ANKRUSDT,Sell,1561,0.03305,ZeroMinusTick,3f957039-1bc9-51e1-b0ba-0d4d77bbb6e1,5.159105e+09,1561,51.59105
1658275326,ANKRUSDT,Sell,1600,0.03300,MinusTick,8c27e2eb-0686-5172-9928-7d13e6d6f78f,5.28e+09,1600,52.800000000000004
1658275326,ANKRUSDT,Sell,1562,0.03300,ZeroMinusTick,3b2d9927-d9d4-5d0e-acdb-c7e0bf64df0f,5.1546e+09,1562,51.546
1658275326,ANKRUSDT,Sell,38,0.03300,ZeroMinusTick,a1da183c-9d2d-5f8e-8775-c098dce4fa8c,1.254e+08,38,1.254
1658275327,ANKRUSDT,Sell,1600,0.03295,MinusTick,752ecdee-0e78-5196-b830-6191f2079f8c,5.272e+09,1600,52.72
1658275327,ANKRUSDT,Sell,1600,0.03295,ZeroMinusTick,97aa1fb3-887c-53f4-a49b-eeef495488ec,5.272e+09,1600,52.72
1658275327,ANKRUSDT,Sell,50010,0.03290,MinusTick,26f41f9f-4eab-5d23-885f-8e00488c5cdf,1.645329e+11,50010,1645.329
1658275327,ANKRUSDT,Sell,1074,0.03290,ZeroMinusTick,446b0bd3-b919-5d18-b3ea-0242d7a4f091,3.53346e+09,1074,35.3346
1658275327,ANKRUSDT,Buy,16320,0.03300,PlusTick,170c2745-479d-567c-9d60-d4dd4d0392f5,5.385600000000001e+10,16320,538.5600000000001
1658275327,ANKRUSDT,Buy,141769,0.03300,ZeroMinusTick,c1206a15-0b62-5f18-bbaf-acb7c54357cd,4.6783770000000006e+11,141769,4678.377
1658275327,ANKRUSDT,Buy,24360,0.03300,ZeroMinusTick,80596044-21ae-59fc-ad51-4734d4c34ed9,8.0388e+10,24360,803.88
1658275327,ANKRUSDT,Buy,7015,0.03305,PlusTick,17d38a57-0384-50e8-bb09-bd095e767a11,2.3184575e+10,7015,231.84575
1658275327,ANKRUSDT,Buy,27264,0.03305,ZeroMinusTick,1dd56d17-44c9-55cb-a62b-538402810b08,9.010752000000002e+10,27264,901.0752000000001
1658275327,ANKRUSDT,Buy,715,0.03305,ZeroMinusTick,7bf51f72-9df0-5ea3-b3f2-739c424b929e,2.3630750000000005e+09,715,23.630750000000003
1658275327,ANKRUSDT,Buy,31,0.03305,ZeroMinusTick,5309885b-8bd3-5268-a117-1a47ae6395ef,1.02455e+08,31,1.02455
1658275327,ANKRUSDT,Buy,37644,0.03305,ZeroMinusTick,ea5d6ce0-bced-5531-b2ea-5b9ee6f7f2d9,1.2441342000000002e+11,37644,1244.1342000000002
1658275327,ANKRUSDT,Buy,21203,0.03305,ZeroMinusTick,2c20db4c-cb64-5844-90d3-6000032892b2,7.007591500000002e+10,21203,700.7591500000001
1658275327,ANKRUSDT,Buy,15000,0.03295,MinusTick,116cd55f-1650-59f8-98d7-0d6893629415,4.9425e+10,15000,494.25
1658275328,ANKRUSDT,Sell,1600,0.03295,ZeroMinusTick,0ce93ab8-72f7-55d4-85b4-4d8f774261fc,5.272e+09,1600,52.72
1658275328,ANKRUSDT,Sell,737,0.03295,ZeroMinusTick,0cb662d0-c4f2-5c07-9908-c1b58ff66801,2.428415e+09,737,24.28415
1658275328,ANKRUSDT,Sell,1600,0.03295,ZeroMinusTick,ea6a437f-f284-5816-8c39-870d72dd46d6,5.272e+09,1600,52.72
1658275328,ANKRUSDT,Buy,5948,0.03300,PlusTick,6706a6b3-f5e9-5935-a65c-3a707e265209,1.9628400000000004e+10,5948,196.28400000000002
1658275328,ANKRUSDT,Buy,7036,0.03300,ZeroMinusTick,f6441ec9-3ae8-5635-b65d-89a887b21f01,2.32188e+10,7036,232.18800000000002
1658275328,ANKRUSDT,Buy,9,0.03305,PlusTick,a1fe273f-94b6-55d0-951f-e4b1e1ccfc0d,2.9745000000000004e+07,9,0.29745000000000005
1658275328,ANKRUSDT,Sell,1,0.03300,MinusTick,a87fe26a-ad83-5cc5-b76e-b4f0b908c2b5,3.3e+06,1,0.033
1658275328,ANKRUSDT,Sell,1600,0.03300,ZeroMinusTick,af653af6-ec9d-5f6f-a05f-378b091cfe4f,5.28e+09,1600,52.800000000000004
1658275328,ANKRUSDT,Sell,1600,0.03300,ZeroMinusTick,16518c2a-d64e-543b-81b5-c97de358ebeb,5.28e+09,1600,52.800000000000004
1658275328,ANKRUSDT,Sell,1600,0.03300,ZeroMinusTick,8141edae-1b4b-54cf-8b61-f36fae449d77,5.28e+09,1600,52.800000000000004
1658275328,ANKRUSDT,Buy,1,0.03305,PlusTick,6d65508d-fc83-5880-8230-07afed1787c3,3.3050000000000005e+06,1,0.03305
1658275328,ANKRUSDT,Buy,7731,0.03305,ZeroMinusTick,8da70307-2350-55d2-8f1a-ee015a2ee1ef,2.5550955e+10,7731,255.50955000000002
1658275328,ANKRUSDT,Buy,70000,0.03310,PlusTick,c22033a9-6c25-5836-9cc8-c3006d7d8870,2.317e+11,70000,2317
1658275328,ANKRUSDT,Buy,3203,0.03310,ZeroMinusTick,2043f091-c020-5463-aa8a-56ee50f525a4,1.0601929999999998e+10,3203,106.01929999999999
1658275328,ANKRUSDT,Buy,1,0.03310,ZeroMinusTick,65762cfe-5761-5f38-b07b-45acc4b904af,3.3099999999999995e+06,1,0.0331
1658275328,ANKRUSDT,Buy,979,0.03315,PlusTick,653a2853-4c81-50e8-b8c9-08f3755d28bb,3.2453849999999995e+09,979,32.453849999999996
1658275328,ANKRUSDT,Buy,17500,0.03315,ZeroMinusTick,d419a3f3-e183-5409-9acd-7b6aaa9c235d,5.80125e+10,17500,580.125
1658275328,ANKRUSDT,Buy,15000,0.03315,ZeroMinusTick,ff2269db-f378-5ca5-b092-9ae3a56f4400,4.9725e+10,15000,497.25
1658275328,ANKRUSDT,Sell,1,0.03315,ZeroMinusTick,4510517e-9691-5e07-af13-eba8294b9b38,3.315e+06,1,0.03315
1658275328,ANKRUSDT,Sell,517,0.03310,MinusTick,4ab538f1-3095-5822-a894-6cc3758070d8,1.71127e+09,517,17.1127
1658275328,ANKRUSDT,Buy,19,0.03320,PlusTick,92ebb0d7-ee6f-5163-b855-27594251b0bd,6.308e+07,19,0.6308
1658275328,ANKRUSDT,Buy,3685,0.03320,ZeroMinusTick,b6934745-18fd-5d78-b2ec-b56ea51b51c7,1.22342e+10,3685,122.342
1658275328,ANKRUSDT,Buy,24150,0.03320,ZeroMinusTick,476a5991-e237-55b4-a1ca-91329e3e3196,8.0178e+10,24150,801.78
1658275328,ANKRUSDT,Buy,24150,0.03320,ZeroMinusTick,699a6b18-fb7e-5aaf-9cf3-eb381be0f0da,8.0178e+10,24150,801.78
1658275328,ANKRUSDT,Buy,24150,0.03320,ZeroMinusTick,9f3efc13-faba-5199-a2e0-ad7e8c86970c,8.0178e+10,24150,801.78
1658275328,ANKRUSDT,Buy,6881,0.03320,ZeroMinusTick,8701a38e-6de2-5a7b-b2b7-f42d4f1ca0f0,2.284492e+10,6881,228.4492
1658275328,ANKRUSDT,Buy,1729,0.03325,PlusTick,884ae8ce-3df2-5386-ae56-c3110409a2b1,5.748925000000001e+09,1729,57.489250000000006
1658275328,ANKRUSDT,Buy,36006,0.03325,ZeroMinusTick,4829b85b-da6c-5054-940c-8d1112b458e2,1.1971995000000002e+11,36006,1197.1995000000002
1658275328,ANKRUSDT,Buy,37155,0.03325,ZeroMinusTick,e0ceb3be-3bd1-5f9d-80b7-d39281c8c140,1.2354037500000002e+11,37155,1235.4037500000002
1658275328,ANKRUSDT,Buy,3202,0.03315,MinusTick,01ba5a23-91e8-55d4-a12d-c1d0260a8b06,1.061463e+10,3202,106.1463
1658275328,ANKRUSDT,Buy,15000,0.03315,ZeroMinusTick,5775d7a2-753c-5edd-b798-d8895099bf3d,4.9725e+10,15000,497.25
1658275328,ANKRUSDT,Buy,4361,0.03320,PlusTick,1b9b443b-fc7d-5279-afa4-434002b513a0,1.447852e+10,4361,144.7852
1658275328,ANKRUSDT,Sell,1600,0.03310,MinusTick,e7380ac5-0dec-5179-8181-e983a19dcba1,5.295999999999999e+09,1600,52.959999999999994
1658275329,ANKRUSDT,Buy,15000,0.03315,PlusTick,f0f1e992-236c-52be-a011-1e293a9aac1a,4.9725e+10,15000,497.25
1658275329,ANKRUSDT,Buy,65654,0.03315,ZeroMinusTick,50bc2d70-29b1-5489-bafe-6cd750d65e8c,2.1764301e+11,65654,2176.4301
1658275329,ANKRUSDT,Buy,31595,0.03315,ZeroMinusTick,7095efae-e540-5638-8fb8-6a1f752c3158,1.04737425e+11,31595,1047.37425
1658275329,ANKRUSDT,Buy,15000,0.03315,ZeroMinusTick,2d57ff5a-0d46-5558-bdd8-e5ecb6324406,4.9725e+10,15000,497.25
1658275329,ANKRUSDT,Buy,37841,0.03320,PlusTick,a7200773-7623-5046-8629-b70f2f559f46,1.2563212000000002e+11,37841,1256.3212
1658275329,ANKRUSDT,Buy,9759,0.03320,ZeroMinusTick,20012663-e342-551a-8e09-215321b80392,3.239988e+10,9759,323.9988
1658275329,ANKRUSDT,Buy,30756,0.03320,ZeroMinusTick,09e6bcd3-33b9-5368-9c3e-a9bb7e7e5f58,1.0210992e+11,30756,1021.0992
1658275329,ANKRUSDT,Buy,2776,0.03315,MinusTick,5b862ef1-2268-5249-8059-91554ae8afcf,9.20244e+09,2776,92.0244
1658275329,ANKRUSDT,Buy,130870,0.03320,PlusTick,a69901ba-64ad-5b51-903c-97180ee72663,4.344884e+11,130870,4344.884
1658275329,ANKRUSDT,Buy,20823,0.03320,ZeroMinusTick,2487f87e-6311-52b8-87d7-6edf6fc3fc3c,6.913236e+10,20823,691.3236
1658275329,ANKRUSDT,Sell,20823,0.03320,ZeroMinusTick,d13fcc34-ff36-5c50-853b-31a6fb62171a,6.913236e+10,20823,691.3236
1658275330,ANKRUSDT,Sell,1,0.03315,MinusTick,cfd7c91d-d025-5ec3-9a41-63b420571dcd,3.315e+06,1,0.03315
1658275330,ANKRUSDT,Sell,2300,0.03315,ZeroMinusTick,3116a30d-97ce-5a86-b4ae-666481c63052,7.6245e+09,2300,76.245
1658275330,ANKRUSDT,Sell,861,0.03315,ZeroMinusTick,1603323f-bfcd-5577-8bc9-8b2125d62de3,2.854215e+09,861,28.54215
1658275330,ANKRUSDT,Buy,15000,0.03315,ZeroMinusTick,cf64b966-cee8-524f-8c45-c1088743e267,4.9725e+10,15000,497.25
1658275330,ANKRUSDT,Buy,7015,0.03320,PlusTick,d38d1932-b75f-5dc0-ac4d-bc7cff9236c6,2.32898e+10,7015,232.898
1658275330,ANKRUSDT,Buy,37699,0.03320,ZeroMinusTick,f754e0b8-0252-504b-84f0-6d59973d1815,1.2516068e+11,37699,1251.6068
1658275330,ANKRUSDT,Sell,1,0.03315,MinusTick,87c9a417-cca2-589a-86a5-460abd8316aa,3.315e+06,1,0.03315
1658275330,ANKRUSDT,Sell,1,0.03315,ZeroMinusTick,c0f3e77c-064c-5420-a162-f2a6128f9c58,3.315e+06,1,0.03315
1658275330,ANKRUSDT,Sell,5849,0.03315,ZeroMinusTick,5ed80b1a-59af-5362-a732-75f0e9343cce,1.9389435e+10,5849,193.89435
1658275330,ANKRUSDT,Sell,1,0.03315,ZeroMinusTick,6e542099-0fc5-5e26-a984-88ba608aa218,3.315e+06,1,0.03315
1658275331,ANKRUSDT,Sell,9148,0.03315,ZeroMinusTick,9d6cbe8a-b78e-5e08-84a2-02b186cae557,3.0325619999999996e+10,9148,303.2562
1658275331,ANKRUSDT,Sell,3162,0.03315,ZeroMinusTick,72955a29-4499-5ec5-a42e-63a84b3dbdd7,1.048203e+10,3162,104.8203
1658275331,ANKRUSDT,Sell,3000,0.03310,MinusTick,5a4fb222-3143-54da-8152-d6cdf5dbc1b0,9.93e+09,3000,99.3
1658275331,ANKRUSDT,Buy,8242,0.03315,PlusTick,7053248f-7697-52c6-9233-904326ec1880,2.732223e+10,8242,273.2223
1658275331,ANKRUSDT,Buy,15000,0.03315,ZeroMinusTick,1147fbd9-2cb6-540c-8dfc-a79417dca7d5,4.9725e+10,15000,497.25
1658275331,ANKRUSDT,Buy,4361,0.03315,ZeroMinusTick,dead5827-0e1b-5d5f-9e1c-93395a23046d,1.4456715e+10,4361,144.56715
1658275331,ANKRUSDT,Sell,1,0.03315,ZeroMinusTick,690748da-f89f-54c6-b756-900a79857efc,3.315e+06,1,0.03315
1658275331,ANKRUSDT,Sell,36564,0.03310,MinusTick,04eb910b-fd4e-5feb-9dcd-ec4f442b7bb3,1.2102684e+11,36564,1210.2684
1658275331,ANKRUSDT,Sell,24114,0.03310,ZeroMinusTick,04f68fad-bbb2-5973-abcf-67d8641278c7,7.981733999999998e+10,24114,798.1733999999999
1658275331,ANKRUSDT,Sell,3162,0.03310,ZeroMinusTick,3d8d59f1-d5eb-5545-9d12-29bd62098ea8,1.046622e+10,3162,104.6622
1658275331,ANKRUSDT,Sell,94697,0.03310,ZeroMinusTick,e7baf8ba-166b-51a7-8d5a-ccf566d8bfd0,3.1344707e+11,94697,3134.4707
1658275331,ANKRUSDT,Sell,1,0.03310,ZeroMinusTick,a8dfb959-c06c-5138-b4a7-191775fc2e68,3.3099999999999995e+06,1,0.0331
1658275331,ANKRUSDT,Sell,24113,0.03310,ZeroMinusTick,56ed3593-1144-59de-9ecc-59af7221bddd,7.981402999999998e+10,24113,798.1402999999999
1658275331,ANKRUSDT,Sell,24114,0.03310,ZeroMinusTick,7eab4cc5-e347-51d6-89bb-e667a65e9252,7.981733999999998e+10,24114,798.1733999999999
1658275331,ANKRUSDT,Sell,12293,0.03310,ZeroMinusTick,d948c0c0-646d-5bb0-a115-bd409a7bea89,4.068982999999999e+10,12293,406.89829999999995
1658275331,ANKRUSDT,Buy,6655,0.03315,PlusTick,74003fdc-4647-502a-acea-68ad6fbd064a,2.2061325e+10,6655,220.61325
1658275331,ANKRUSDT,Sell,873,0.03305,MinusTick,a528b1cc-40f4-5750-807b-7e22bad500e8,2.8852650000000005e+09,873,28.852650000000004
1658275331,ANKRUSDT,Buy,20740,0.03315,PlusTick,45314fbf-f934-5dae-b786-adc32973a70c,6.87531e+10,20740,687.531
1658275331,ANKRUSDT,Buy,3162,0.03315,ZeroMinusTick,41476214-f66c-5fcc-b470-e87cb8ca8e7e,1.048203e+10,3162,104.8203
1658275331,ANKRUSDT,Buy,24132,0.03320,PlusTick,11f635f3-cd28-577e-b22f-498ba57653b5,8.011824e+10,24132,801.1824
1658275331,ANKRUSDT,Buy,24132,0.03320,ZeroMinusTick,b5028076-b5e3-592a-ac0f-235eb06d94f1,8.011824e+10,24132,801.1824
1658275331,ANKRUSDT,Buy,24132,0.03320,ZeroMinusTick,d44e349c-0ee5-5f59-b661-1353aca43ef1,8.011824e+10,24132,801.1824
1658275331,ANKRUSDT,Buy,979,0.03320,ZeroMinusTick,64350a12-a4a9-5e24-8915-3fed0ca2e412,3.25028e+09,979,32.5028
1658275331,ANKRUSDT,Buy,34593,0.03320,ZeroMinusTick,e234ca91-9712-5a0f-8515-7edc795c3261,1.1484876e+11,34593,1148.4876
1658275331,ANKRUSDT,Buy,9606,0.03320,ZeroMinusTick,4ff55558-3376-5854-a745-67511e119d6d,3.189192e+10,9606,318.9192
1658275331,ANKRUSDT,Buy,16260,0.03320,ZeroMinusTick,a758a7ab-938a-5c62-8850-82591f15595d,5.39832e+10,16260,539.832
1658275331,ANKRUSDT,Buy,12174,0.03325,PlusTick,14166ed2-1a1b-5b61-8e61-48b93da2e8aa,4.047855e+10,12174,404.7855
1658275331,ANKRUSDT,Buy,31,0.03325,ZeroMinusTick,45a54caa-13d5-56b2-a934-b4e742643049,1.03075e+08,31,1.03075
1658275331,ANKRUSDT,Buy,3162,0.03325,ZeroMinusTick,7469322c-705d-5c4c-9fe8-dd6502a3f971,1.0513650000000002e+10,3162,105.13650000000001
1658275331,ANKRUSDT,Buy,1,0.03325,ZeroMinusTick,e2c9ebf9-34a1-53bf-8a4f-72e2fa87c400,3.325e+06,1,0.03325
1658275331,ANKRUSDT,Buy,9335,0.03325,ZeroMinusTick,03e338d5-8aaf-595a-ae7b-fd10ef313d6a,3.1038875e+10,9335,310.38875
1658275332,ANKRUSDT,Buy,2000,0.03325,ZeroMinusTick,c8dd2c1b-f046-5a9b-9d46-fe211bc2e0e7,6.65e+09,2000,66.5
1658275332,ANKRUSDT,Buy,15000,0.03310,MinusTick,ac403420-7162-5252-9838-9021bd43b833,4.964999999999999e+10,15000,496.49999999999994
1658275332,ANKRUSDT,Buy,5948,0.03315,PlusTick,47b124d5-ecd2-5c3d-9dc9-c4910c3c9c7e,1.971762e+10,5948,197.1762
1658275332,ANKRUSDT,Sell,1,0.03315,ZeroMinusTick,81d1b76e-7220-5ad4-995e-23ea772276f4,3.315e+06,1,0.03315
1658275332,ANKRUSDT,Buy,15000,0.03315,ZeroMinusTick,853e8149-fece-5afe-97e0-91b977d44f0f,4.9725e+10,15000,497.25
1658275332,ANKRUSDT,Sell,15000,0.03315,ZeroMinusTick,f5625de3-c15f-5963-a80e-8c16d0343e18,4.9725e+10,15000,497.25
1658275332,ANKRUSDT,Buy,15000,0.03315,ZeroMinusTick,01d21653-42bb-578f-bb9a-7628ed398e2d,4.9725e+10,15000,497.25
1658275332,ANKRUSDT,Sell,15000,0.03315,ZeroMinusTick,0607b2bd-184b-54a5-890e-acb4c95a362f,4.9725e+10,15000,497.25
1658275332,ANKRUSDT,Buy,15000,0.03315,ZeroMinusTick,b58c7f4a-934f-553e-bdac-d1170be0070e,4.9725e+10,15000,497.25
1658275332,ANKRUSDT,Sell,15000,0.03315,ZeroMinusTick,70807cb7-0006-596e-af3b-4dfabccc7b09,4.9725e+10,15000,497.25
1658275333,ANKRUSDT,Buy,43619,0.03320,PlusTick,c1063870-cc11-55bb-9343-2e0d3dcecb28,1.4481508e+11,43619,1448.1508000000001
1658275333,ANKRUSDT,Buy,7454,0.03320,ZeroMinusTick,98bccfd3-5f77-516f-ab4a-a3bfaee203d9,2.474728e+10,7454,247.4728
1658275333,ANKRUSDT,Buy,5530,0.03320,ZeroMinusTick,dcfe1d08-7887-5f27-bfba-136a8824f29c,1.83596e+10,5530,183.596
1658275333,ANKRUSDT,Buy,15000,0.03320,ZeroMinusTick,92d9a7a2-2339-5825-ad87-ed369ad677f8,4.98e+10,15000,498
1658275333,ANKRUSDT,Buy,27656,0.03325,PlusTick,97fc5783-d70f-5a9b-aa19-7a2fe6ccce87,9.19562e+10,27656,919.562
1658275333,ANKRUSDT,Buy,1494,0.03325,ZeroMinusTick,886d01bc-fbc2-5209-8fbe-69eed52ecec9,4.96755e+09,1494,49.6755
1658275333,ANKRUSDT,Buy,1710,0.03325,ZeroMinusTick,a4632c8d-f4dc-5433-b325-0cae01e2d1fe,5.68575e+09,1710,56.8575
1658275333,ANKRUSDT,Buy,31,0.03325,ZeroMinusTick,5426ec15-2e4e-548a-82d7-7b441d63b59c,1.03075e+08,31,1.03075
1658275333,ANKRUSDT,Buy,10339,0.03330,PlusTick,3352555b-ad4f-50f8-8591-c0d02bc7e20c,3.442887e+10,10339,344.2887
1658275333,ANKRUSDT,Buy,49256,0.03330,ZeroMinusTick,5112bcc7-c1bb-5c8c-974a-6cf655a3ae93,1.6402248000000003e+11,49256,1640.2248000000002
1658275333,ANKRUSDT,Buy,37155,0.03330,ZeroMinusTick,4e8dfed0-dcd1-5124-a69f-1733f8430316,1.2372615e+11,37155,1237.2615
1658275333,ANKRUSDT,Buy,30896,0.03330,ZeroMinusTick,8f8395f5-0e78-55a9-a85e-2d0bfbf01352,1.0288368e+11,30896,1028.8368
1658275333,ANKRUSDT,Sell,1,0.03320,MinusTick,79bb2464-451f-5349-98d1-5fc17c387efe,3.32e+06,1,0.0332
1658275333,ANKRUSDT,Sell,14999,0.03320,ZeroMinusTick,3a825688-56fc-5eaa-a6d2-fc158b6d22ed,4.979668e+10,14999,497.9668
1658275333,ANKRUSDT,Buy,5782,0.03320,ZeroMinusTick,432021f3-fab4-5385-9c7b-d8c5818e4bd2,1.919624e+10,5782,191.9624
1658275333,ANKRUSDT,Buy,9094,0.03320,ZeroMinusTick,1aa6a76e-e753-589c-a9e2-132bfc37239c,3.019208e+10,9094,301.9208
1658275333,ANKRUSDT,Buy,15000,0.03315,MinusTick,3add2cec-b595-522d-933f-2bdf250474af,4.9725e+10,15000,497.25
1658275333,ANKRUSDT,Buy,7062,0.03320,PlusTick,e7d0f3f2-3798-55a4-b562-c9064b6d1de9,2.344584e+10,7062,234.4584
1658275333,ANKRUSDT,Buy,6655,0.03325,PlusTick,4f56e2d6-edc0-5fa8-91a7-8880aa5703eb,2.2127875e+10,6655,221.27875
1658275333,ANKRUSDT,Buy,15000,0.03325,ZeroMinusTick,a39c55a1-2135-5c87-babf-b4d119228ad3,4.9875e+10,15000,498.75
1658275333,ANKRUSDT,Buy,25320,0.03325,ZeroMinusTick,145354d5-8347-52d9-9b22-f953997b9d5e,8.418900000000002e+10,25320,841.8900000000001
1658275333,ANKRUSDT,Buy,5693,0.03325,ZeroMinusTick,0a472829-69f8-5517-a755-741b460e0b19,1.8929225000000004e+10,5693,189.29225000000002
1658275333,ANKRUSDT,Buy,10406,0.03325,ZeroMinusTick,f5b395ed-6251-541b-9ce4-98ba637d9db0,3.459995e+10,10406,345.9995
1658275333,ANKRUSDT,Buy,10324,0.03330,PlusTick,00c2accb-9584-5767-8bbb-0a55105ed771,3.437892000000001e+10,10324,343.78920000000005
1658275333,ANKRUSDT,Buy,33775,0.03330,ZeroMinusTick,ecd5621c-b75d-598b-85f3-b2659e103fbe,1.1247075000000002e+11,33775,1124.7075000000002
1658275333,ANKRUSDT,Buy,70000,0.03330,ZeroMinusTick,1c88cf7d-e4c8-5a63-9929-46e905df58f3,2.331e+11,70000,2331
1658275333,ANKRUSDT,Buy,2710,0.03330,ZeroMinusTick,e8d5645d-1da0-5310-9613-f4f8c8ddc5c1,9.0243e+09,2710,90.24300000000001
1658275333,ANKRUSDT,Buy,994,0.03330,ZeroMinusTick,eb159cf2-5cbb-56eb-a37a-db78750020ea,3.31002e+09,994,33.1002
1658275333,ANKRUSDT,Buy,13893,0.03330,ZeroMinusTick,b0430f3a-db68-5fd8-85dd-6f9038e4adbc,4.626369e+10,13893,462.6369
1658275333,ANKRUSDT,Buy,15000,0.03320,MinusTick,755c3089-8e85-52cb-b72d-0955f6858cfb,4.98e+10,15000,498
1658275333,ANKRUSDT,Buy,4361,0.03330,PlusTick,7e453b4f-89fc-51f2-af48-ec8cbe731b23,1.4522130000000002e+10,4361,145.2213
1658275333,ANKRUSDT,Buy,12984,0.03325,MinusTick,60689e55-6d0a-5113-b355-153b99d5a3a0,4.31718e+10,12984,431.718
1658275333,ANKRUSDT,Buy,2016,0.03320,MinusTick,c909c5af-c95b-5228-b640-206eabfccf23,6.69312e+09,2016,66.9312
1658275333,ANKRUSDT,Buy,2016,0.03320,ZeroMinusTick,18b8b059-fded-57fb-83de-4b82d8d41f93,6.69312e+09,2016,66.9312
1658275333,ANKRUSDT,Buy,2016,0.03320,ZeroMinusTick,92246152-0d0c-5e26-855c-db5025db492a,6.69312e+09,2016,66.9312
1658275333,ANKRUSDT,Buy,8952,0.03320,ZeroMinusTick,68baf77e-d17d-5c11-b93e-6f57f8fdc80b,2.9720640000000004e+10,8952,297.20640000000003
1658275333,ANKRUSDT,Buy,9094,0.03325,PlusTick,03d94fb0-f485-5b82-95ed-91fc7572b830,3.023755e+10,9094,302.3755
1658275333,ANKRUSDT,Sell,1,0.03320,MinusTick,379027c7-fb49-5166-a985-ff2e3d843115,3.32e+06,1,0.0332
1658275333,ANKRUSDT,Buy,15000,0.03325,PlusTick,8e208507-3f7c-567a-aab8-26575661283b,4.9875e+10,15000,498.75
1658275333,ANKRUSDT,Sell,15000,0.03325,ZeroMinusTick,456735f4-17ca-5499-b6a2-1454c027c12e,4.9875e+10,15000,498.75
1658275333,ANKRUSDT,Buy,15000,0.03325,ZeroMinusTick,7056fd0c-f25d-5877-9096-cabaeabbf346,4.9875e+10,15000,498.75
1658275334,ANKRUSDT,Buy,15000,0.03325,ZeroMinusTick,907775a1-c3e3-561b-9b02-0aba1dc2012b,4.9875e+10,15000,498.75
1658275334,ANKRUSDT,Buy,15000,0.03330,PlusTick,25b4fc98-6e22-5309-98b3-110e7881ff4d,4.995000000000001e+10,15000,499.50000000000006
1658275334,ANKRUSDT,Sell,20221,0.03330,ZeroMinusTick,cb844049-a3d0-570a-b887-a167349b2fff,6.733593000000001e+10,20221,673.3593000000001
1658275334,ANKRUSDT,Sell,19361,0.03330,ZeroMinusTick,663c04ff-8894-5753-8806-31b3b4f7185d,6.447213000000001e+10,19361,644.7213
1658275335,ANKRUSDT,Buy,15000,0.03330,ZeroMinusTick,e076a710-9941-5a2c-989c-9036afe80ef0,4.995000000000001e+10,15000,499.50000000000006
1658275335,ANKRUSDT,Sell,1,0.03330,ZeroMinusTick,a6bc62f9-9a53-5656-9309-e238c742244c,3.3300000000000005e+06,1,0.0333
1658275335,ANKRUSDT,Sell,1031,0.03330,ZeroMinusTick,5b2f8397-27f8-5360-a0ff-997fdf330ab5,3.4332300000000005e+09,1031,34.332300000000004
1658275335,ANKRUSDT,Sell,4358,0.03330,ZeroMinusTick,93279b4e-afaf-5b6d-8bc5-59c61585c733,1.4512140000000002e+10,4358,145.12140000000002
1658275335,ANKRUSDT,Sell,1,0.03325,MinusTick,4afbfef0-0dc2-59fc-95dd-1f0baa2b2210,3.325e+06,1,0.03325
1658275335,ANKRUSDT,Sell,3161,0.03325,ZeroMinusTick,5a186971-fe55-5f56-871e-5fc6ab8a01c5,1.0510325e+10,3161,105.10325
1658275336,ANKRUSDT,Buy,3439,0.03325,ZeroMinusTick,844e9e30-dfa7-5271-8b5d-b6c43d4d82bd,1.1434675e+10,3439,114.34675
1658275336,ANKRUSDT,Buy,3439,0.03325,ZeroMinusTick,2098ef2e-99d2-5483-b917-8a416f779b01,1.1434675e+10,3439,114.34675
1658275336,ANKRUSDT,Buy,3439,0.03325,ZeroMinusTick,aaad5e23-7226-566b-b488-5ba1a4403593,1.1434675e+10,3439,114.34675
1658275336,ANKRUSDT,Buy,4683,0.03325,ZeroMinusTick,fcdde879-b710-53b6-b534-6df6e2ed5faa,1.5570975000000002e+10,4683,155.70975
1658275336,ANKRUSDT,Sell,1,0.03325,ZeroMinusTick,cfae8a1f-2e30-5007-8d1a-a755ad3d5b5e,3.325e+06,1,0.03325
1658275336,ANKRUSDT,Sell,6876,0.03325,ZeroMinusTick,ce40f484-21ad-5b5d-9d03-3d932e2efbf7,2.28627e+10,6876,228.627
1658275336,ANKRUSDT,Sell,8952,0.03320,MinusTick,1fe6f87f-0b20-5351-8b4b-5bbe9d479903,2.9720640000000004e+10,8952,297.20640000000003
1658275336,ANKRUSDT,Sell,3162,0.03320,ZeroMinusTick,a521f054-81fe-5335-80f2-50d2651a8cd1,1.049784e+10,3162,104.97840000000001
1658275336,ANKRUSDT,Sell,17500,0.03320,ZeroMinusTick,45f14828-5291-5f26-a4a6-31dd398026ca,5.81e+10,17500,581
1658275336,ANKRUSDT,Sell,35490,0.03320,ZeroMinusTick,a9c827dd-16de-5831-a881-e4a2b18dc5c5,1.178268e+11,35490,1178.268
1658275336,ANKRUSDT,Sell,31,0.03315,MinusTick,f42f4bb7-bc15-5682-9d10-b946afa49fe8,1.02765e+08,31,1.02765
1658275336,ANKRUSDT,Sell,34218,0.03315,ZeroMinusTick,c4e932dc-f461-54a4-829e-3c3099c97efe,1.1343267e+11,34218,1134.3267
1658275336,ANKRUSDT,Sell,49255,0.03315,ZeroMinusTick,bb7c343c-05d0-5dca-9108-31029c542d4e,1.63280325e+11,49255,1632.80325
1658275336,ANKRUSDT,Sell,9300,0.03315,ZeroMinusTick,b6a38f0e-e9fc-5650-9d7c-e430630236d7,3.08295e+10,9300,308.295
1658275336,ANKRUSDT,Buy,15000,0.03325,PlusTick,92b1cb73-51c5-5338-8574-356338ba61cf,4.9875e+10,15000,498.75
1658275337,ANKRUSDT,Sell,5391,0.03325,ZeroMinusTick,cbfc2f1c-5fa8-5077-ab82-70afe05a05c2,1.7925075e+10,5391,179.25075
1658275337,ANKRUSDT,Sell,17500,0.03320,MinusTick,5de72d3c-d3c9-5f1a-b395-2ac4579e73a0,5.81e+10,17500,581
1658275337,ANKRUSDT,Sell,40627,0.03320,ZeroMinusTick,94553342-b201-5b3a-a064-79f1d8169ab6,1.3488164e+11,40627,1348.8164
1658275337,ANKRUSDT,Sell,33775,0.03320,ZeroMinusTick,9d4bfadf-6c06-57d1-93ec-43fa20f500c7,1.12133e+11,33775,1121.33
1658275337,ANKRUSDT,Sell,36006,0.03320,ZeroMinusTick,d37f1dd7-4d7b-5305-b940-f32947f73a42,1.1953992e+11,36006,1195.3992
1658275337,ANKRUSDT,Sell,15000,0.03320,ZeroMinusTick,9cd47062-232a-52b0-a1c4-917d332a5c08,4.98e+10,15000,498
1658275337,ANKRUSDT,Sell,15000,0.03320,ZeroMinusTick,275718ec-3f5b-54b3-b398-12b1f0a15de0,4.98e+10,15000,498
1658275337,ANKRUSDT,Sell,1,0.03320,ZeroMinusTick,9371ce1f-b4bf-59ff-8110-4f960a0513ef,3.32e+06,1,0.0332
1658275337,ANKRUSDT,Sell,1,0.03320,ZeroMinusTick,2d7644cd-e1d5-589a-8546-8d8032340369,3.32e+06,1,0.0332
1658275338,ANKRUSDT,Sell,3160,0.03320,ZeroMinusTick,53338e25-d666-52cb-ba91-02137f93c9f7,1.04912e+10,3160,104.912
1658275338,ANKRUSDT,Buy,15000,0.03320,ZeroMinusTick,ac77c7a1-d8fd-5cf4-a135-883e558eaeb4,4.98e+10,15000,498
1658275338,ANKRUSDT,Buy,15037,0.03325,PlusTick,68aa46b9-0eea-599e-8cec-189c7041368e,4.9998025e+10,15037,499.98025
1658275338,ANKRUSDT,Buy,15000,0.03325,ZeroMinusTick,dd8d7f91-4ed0-5178-b25d-363a4de60dd7,4.9875e+10,15000,498.75
1658275340,ANKRUSDT,Buy,15000,0.03330,PlusTick,fa2c6070-2729-5d91-9757-282d53a60655,4.995000000000001e+10,15000,499.50000000000006
1658275340,ANKRUSDT,Buy,1616,0.03330,ZeroMinusTick,89efa558-8328-5e99-98c1-061573f148ff,5.38128e+09,1616,53.8128
1658275340,ANKRUSDT,Sell,1600,0.03325,MinusTick,d8ebb2e0-7617-5c2e-ad46-ef27b2244998,5.32e+09,1600,53.2
1658275340,ANKRUSDT,Sell,1562,0.03325,ZeroMinusTick,b81d298e-f902-5acd-9914-7847d798ddd0,5.19365e+09,1562,51.9365
1658275340,ANKRUSDT,Sell,134354,0.03325,ZeroMinusTick,39c4dd0d-1487-5408-b2f4-403db9d9d785,4.4672705000000006e+11,134354,4467.2705000000005
1658275340,ANKRUSDT,Sell,58674,0.03325,ZeroMinusTick,2e5a484a-c1a2-5c0d-82d3-a396035669cc,1.9509105000000003e+11,58674,1950.9105000000002
1658275341,ANKRUSDT,Buy,15000,0.03325,ZeroMinusTick,dda195c3-8d1d-56ff-a51e-444b4e191fff,4.9875e+10,15000,498.75
1658275341,ANKRUSDT,Buy,29527,0.03330,PlusTick,cf8b7c5d-292a-56c5-a043-87bd960936bf,9.832491000000002e+10,29527,983.2491000000001
1658275341,ANKRUSDT,Buy,15015,0.03330,ZeroMinusTick,d34522cc-5d0c-51cf-adb3-af44677d9cba,4.999995000000001e+10,15015,499.99950000000007
1658275341,ANKRUSDT,Buy,4361,0.03330,ZeroMinusTick,9fb23fd3-d8e6-5b2b-8346-a04ac62512a2,1.4522130000000002e+10,4361,145.2213
1658275341,ANKRUSDT,Buy,39686,0.03330,ZeroMinusTick,61beed7b-f9e7-5240-a393-3ff7e7b0a4df,1.3215438000000002e+11,39686,1321.5438000000001
1658275341,ANKRUSDT,Buy,4186,0.03330,ZeroMinusTick,f4abe4c1-ddea-50ff-9635-30b16040cb53,1.3939380000000002e+10,4186,139.39380000000003
1658275341,ANKRUSDT,Buy,979,0.03335,PlusTick,f5882cb6-72ef-5d66-a607-a5981f43b7d9,3.264965e+09,979,32.64965
1658275341,ANKRUSDT,Buy,38397,0.03335,ZeroMinusTick,e37ff425-afdd-57fe-a70b-10e8eb7c370f,1.2805399499999998e+11,38397,1280.5399499999999
1658275341,ANKRUSDT,Buy,94298,0.03335,ZeroMinusTick,51768fad-0687-5067-92ac-ef6599fe4209,3.1448383e+11,94298,3144.8383
1658275341,ANKRUSDT,Buy,97479,0.03335,ZeroMinusTick,319cd25b-d67a-5745-b31c-dbd8ed8af62b,3.25092465e+11,97479,3250.92465
1658275341,ANKRUSDT,Buy,9606,0.03335,ZeroMinusTick,3100d11c-1412-5c1b-bf31-9d7d0d16bf41,3.203601e+10,9606,320.3601
1658275341,ANKRUSDT,Buy,9239,0.03335,ZeroMinusTick,1487539e-1b79-5828-9118-72fc0e3eaa0d,3.0812064999999996e+10,9239,308.12064999999996
1658275341,ANKRUSDT,Buy,19,0.03340,PlusTick,aaaf4a3a-b2c6-54c5-b4e0-95832d84375f,6.345999999999999e+07,19,0.6345999999999999
