timestamp,symbol,side,size,price,tickDirection,trdMatchID,grossValue,homeNotional,foreignNotional
1658188847,ANKRUSDT,Sell,15000,0.02910,MinusTick,4295d4c0-dd50-5caa-99a3-6984ad6f4a87,4.365e+10,15000,436.5
1658188848,ANKRUSDT,Buy,22348,0.02915,PlusTick,a7613748-4a47-5a22-8ee5-e7b81c4ccd88,6.514442e+10,22348,651.4442
1658188849,ANKRUSDT,Buy,2791,0.02915,ZeroMinusTick,36f61931-1b34-5204-9594-9fee1f309e8e,8.135764999999999e+09,2791,81.35764999999999
1658188905,ANKRUSDT,Sell,15000,0.02890,MinusTick,67510748-f7ce-577f-ab33-bd9fe2ed0a8b,4.335e+10,15000,433.5
1658188913,ANKRUSDT,Sell,15000,0.02885,MinusTick,46994d16-9178-52e2-beda-77bbb65d420d,4.3275e+10,15000,432.75
1658188913,ANKRUSDT,Sell,35,0.02885,ZeroMinusTick,215f37ce-0ff2-5e36-8e38-cc37eaf0ffdb,1.0097499999999999e+08,35,1.00975
1658188913,ANKRUSDT,Sell,4965,0.02885,ZeroMinusTick,fb3c74f6-9faf-5bfc-8725-d353e53d92a4,1.4324025e+10,4965,143.24025
1658188924,ANKRUSDT,Sell,100,0.02890,PlusTick,1e48af38-18ae-509b-ab86-b33849374c2f,2.8899999999999994e+08,100,2.8899999999999997
1658188939,ANKRUSDT,Sell,15000,0.02900,PlusTick,6cf129f7-0962-538f-846c-24cc848d9807,4.35e+10,15000,435
1658188973,ANKRUSDT,Sell,15000,0.02895,MinusTick,a9cb2ebf-eed8-57bf-90f5-0b55fe5c22cd,4.3425e+10,15000,434.25
1658189014,ANKRUSDT,Buy,6,0.02905,PlusTick,9661843e-2e7d-5751-8e6b-6af44ac6b0a4,1.743e+07,6,0.1743
1658189039,ANKRUSDT,Sell,15000,0.02905,ZeroMinusTick,19f2c087-fc1d-5973-9742-431c32885372,4.3575e+10,15000,435.75
1658189039,ANKRUSDT,Sell,1560,0.02905,ZeroMinusTick,c2bfb6c3-7968-5046-a905-2127a00ea1fb,4.5318e+09,1560,45.318
1658189039,ANKRUSDT,Sell,379,0.02905,ZeroMinusTick,8584bf3e-6d27-5368-8888-df91ed08968f,1.100995e+09,379,11.00995
1658189106,ANKRUSDT,Buy,152,0.02910,PlusTick,38761c19-e252-57c5-8ee7-e4ca7ce93b31,4.4232000000000006e+08,152,4.4232000000000005
1658189106,ANKRUSDT,Buy,312,0.02910,ZeroMinusTick,65d30582-554d-5d1a-b487-157e46e945bb,9.0792e+08,312,9.0792
1658189106,ANKRUSDT,Buy,312,0.02910,ZeroMinusTick,2445210f-bc73-51ea-b403-c4f6158e32dc,9.0792e+08,312,9.0792
1658189107,ANKRUSDT,Sell,936,0.02910,ZeroMinusTick,b12d70d1-2105-58a9-badd-836fc2ea012f,2.72376e+09,936,27.2376
1658189174,ANKRUSDT,Sell,15,0.02900,MinusTick,d5af6223-eff6-5763-b56f-d5ee8356a683,4.35e+07,15,0.435
1658189174,ANKRUSDT,Sell,227,0.02900,ZeroMinusTick,b0fa92ec-d1cd-5028-afd8-1d01cfc3b3fa,6.583e+08,227,6.583
1658189229,ANKRUSDT,Sell,8849,0.02915,PlusTick,0554c305-c934-5b2c-8bbd-f87cff3dd7d9,2.5794835e+10,8849,257.94835
1658189324,ANKRUSDT,Buy,11,0.02925,PlusTick,39999def-afa4-55f6-999a-c034f9f52b31,3.2175000000000004e+07,11,0.32175000000000004
1658189360,ANKRUSDT,Sell,15000,0.02925,ZeroMinusTick,3a019894-f522-52cc-ba8f-162c434211b5,4.3875e+10,15000,438.75
1658189400,ANKRUSDT,Sell,2169,0.02925,ZeroMinusTick,53d06a30-a051-58ad-aadd-4cbce88751c3,6.344325000000001e+09,2169,63.443250000000006
1658189400,ANKRUSDT,Sell,4528,0.02925,ZeroMinusTick,0a3d5fb5-83f3-5544-9f46-8ef815231baa,1.3244400000000002e+10,4528,132.44400000000002
1658189400,ANKRUSDT,Sell,3701,0.02925,ZeroMinusTick,e4934ece-a85b-5dad-a7fb-81282ef580f6,1.0825425000000002e+10,3701,108.25425000000001
1658189400,ANKRUSDT,Sell,1767,0.02925,ZeroMinusTick,4312fce1-cba3-59e8-bd49-920cae6b6078,5.168475e+09,1767,51.68475
1658189404,ANKRUSDT,Buy,1757,0.02925,ZeroMinusTick,e3780b65-2471-57a9-beea-a7ed74b6ff41,5.139225e+09,1757,51.392250000000004
1658189404,ANKRUSDT,Sell,16934,0.02925,ZeroMinusTick,04048b86-68e2-5d66-b881-958f46c91684,4.953195e+10,16934,495.3195
1658189452,ANKRUSDT,Sell,7917,0.02935,PlusTick,6dd3b93d-d6fe-50d5-9720-5c609fe89941,2.3236395e+10,7917,232.36395000000002
1658189456,ANKRUSDT,Sell,327,0.02935,ZeroMinusTick,c6047a31-6fa9-598e-a444-dc505f53f1b5,9.59745e+08,327,9.59745
1658189458,ANKRUSDT,Sell,2500,0.02935,ZeroMinusTick,7ca472ac-4fcd-5116-8f05-4e09cb9014ad,7.3375e+09,2500,73.375
1658189465,ANKRUSDT,Buy,3691,0.02940,PlusTick,6c11d345-365e-5b29-b362-8eab4c01add6,1.085154e+10,3691,108.5154
1658189465,ANKRUSDT,Buy,34742,0.02940,ZeroMinusTick,3b66b482-6a33-506d-964e-e22f62b8536a,1.0214148e+11,34742,1021.4148
1658189465,ANKRUSDT,Buy,4298,0.02945,PlusTick,a78b9c1e-cc6d-548a-9cd4-cace93e8caac,1.265761e+10,4298,126.5761
1658189465,ANKRUSDT,Sell,21,0.02940,MinusTick,b734cf12-ffea-5756-be6e-96d06e27b9c6,6.173999999999999e+07,21,0.6174
1658189486,ANKRUSDT,Buy,17624,0.02945,PlusTick,c86325aa-c461-5274-945b-e926ba6a65cd,5.190268e+10,17624,519.0268
1658189486,ANKRUSDT,Buy,40579,0.02945,ZeroMinusTick,3ae23210-cae7-583c-9566-f60e5b74e09d,1.1950515499999998e+11,40579,1195.05155
1658189486,ANKRUSDT,Buy,7192,0.02945,ZeroMinusTick,d4a91104-ee6f-5c52-9197-ae8f2cce82d7,2.118044e+10,7192,211.80440000000002
1658189495,ANKRUSDT,Buy,2710,0.02950,PlusTick,6799869b-05f8-5d88-8b46-2e24878c4932,7.994499999999999e+09,2710,79.945
1658189495,ANKRUSDT,Buy,40544,0.02950,ZeroMinusTick,4f42e17b-c2e8-568a-807b-0ade45837d52,1.196048e+11,40544,1196.048
1658189497,ANKRUSDT,Sell,83833,0.02950,ZeroMinusTick,3e92adc9-cf63-5727-83e6-b247e7c7d103,2.4730735e+11,83833,2473.0735
1658189497,ANKRUSDT,Sell,6167,0.02950,ZeroMinusTick,41643a8e-1c94-5273-84e6-e4e785fe163f,1.819265e+10,6167,181.9265
1658189497,ANKRUSDT,Sell,69912,0.02950,ZeroMinusTick,dfb903b8-0ea4-50a9-bb8c-f10bd5b04ca8,2.062404e+11,69912,2062.404
1658189497,ANKRUSDT,Sell,14847,0.02950,ZeroMinusTick,387ca690-0bcc-5e61-9842-e84d7be83689,4.379865e+10,14847,437.9865
1658189497,ANKRUSDT,Sell,5604,0.02950,ZeroMinusTick,75a9296d-7a27-5dd7-bc2c-d5fa273647ec,1.6531799999999998e+10,5604,165.31799999999998
1658189497,ANKRUSDT,Sell,84396,0.02950,ZeroMinusTick,5c003174-67c4-5222-92ad-ee4f681701ef,2.4896819999999997e+11,84396,2489.682
1658189497,ANKRUSDT,Sell,75000,0.02950,ZeroMinusTick,196a8cb2-d941-55e2-9a77-8a76a1ce7d4f,2.2125e+11,75000,2212.5
1658189503,ANKRUSDT,Sell,15000,0.02945,MinusTick,925e5d80-bfd3-5572-965a-182828b67b60,4.4175e+10,15000,441.75
1658189505,ANKRUSDT,Sell,15000,0.02940,MinusTick,ccf6702a-27c1-5afd-ad19-1b164c22a782,4.41e+10,15000,441
1658189506,ANKRUSDT,Sell,15000,0.02940,ZeroMinusTick,338325fc-32fd-5120-b2f2-0b6f1161c564,4.41e+10,15000,441
1658189512,ANKRUSDT,Buy,5210,0.02940,ZeroMinusTick,0aa2a67c-51c8-5227-a6a1-ae79bf5ad6af,1.53174e+10,5210,153.174
1658189514,ANKRUSDT,Buy,15,0.02945,PlusTick,70dff4e4-23c0-59ca-8103-6876e9fe74a9,4.4175e+07,15,0.44175000000000003
1658189519,ANKRUSDT,Sell,15000,0.02940,MinusTick,4269c4dc-eb22-5dcd-a669-9b0205237eb8,4.41e+10,15000,441
1658189530,ANKRUSDT,Sell,7200,0.02935,MinusTick,6700b413-a485-5545-98b2-6c9a5dc80da8,2.1132000000000004e+10,7200,211.32000000000002
1658189530,ANKRUSDT,Sell,7800,0.02935,ZeroMinusTick,d118d8cc-13b8-52d7-9337-d781811c467d,2.2893e+10,7800,228.93
1658189530,ANKRUSDT,Sell,2200,0.02935,ZeroMinusTick,16bd4567-cff2-579e-929e-d5f0e4d21087,6.457000000000001e+09,2200,64.57000000000001
1658189534,ANKRUSDT,Sell,15000,0.02930,MinusTick,3c237c45-dce8-5860-8585-19f023be8394,4.395e+10,15000,439.5
1658189547,ANKRUSDT,Sell,15000,0.02940,PlusTick,b27fcd2f-29c5-561b-82ba-ef4df3041178,4.41e+10,15000,441
1658189553,ANKRUSDT,Sell,78,0.02935,MinusTick,4a89be59-31ee-5bce-bbf5-68023406e279,2.2893e+08,78,2.2893
1658189572,ANKRUSDT,Sell,120,0.02950,PlusTick,33e50ef4-49e7-53d0-bbbf-b2bb27a4a689,3.54e+08,120,3.54
1658189574,ANKRUSDT,Sell,14880,0.02950,ZeroMinusTick,6cc24ce7-e5b6-5b47-b06d-d653f953f92b,4.3896e+10,14880,438.96
1658189575,ANKRUSDT,Sell,15000,0.02950,ZeroMinusTick,bb5c969b-5d4e-5fb7-8113-e1d105d99212,4.425e+10,15000,442.5
1658189578,ANKRUSDT,Buy,3680,0.02945,MinusTick,05553361-0e54-5980-9f38-fefc0437f4b8,1.08376e+10,3680,108.376
1658189586,ANKRUSDT,Sell,2700,0.02945,ZeroMinusTick,c96d421e-3a93-5dd7-b84d-bccf51efe075,7.9515e+09,2700,79.515
1658189596,ANKRUSDT,Sell,15000,0.02940,MinusTick,0d3e4e88-8ce8-5e18-a017-243a6cc6b3ca,4.41e+10,15000,441
1658189597,ANKRUSDT,Sell,15000,0.02935,MinusTick,90921090-bc90-51d7-a5d8-02c2ec91485c,4.4025e+10,15000,440.25
1658189607,ANKRUSDT,Sell,4320,0.02945,PlusTick,9707a5ff-ef89-5c48-b030-0ab97cd1cebc,1.27224e+10,4320,127.224
1658189607,ANKRUSDT,Sell,10680,0.02945,ZeroMinusTick,b5651a70-7ceb-5c99-99c8-477d15c4d72f,3.14526e+10,10680,314.526
1658189620,ANKRUSDT,Sell,373,0.02940,MinusTick,ac9258bd-1b08-50ac-ba1e-4ff2f52683a1,1.09662e+09,373,10.966199999999999
1658189622,ANKRUSDT,Sell,300,0.02940,ZeroMinusTick,b3af3794-422f-5678-8b28-2cd7ce4be8b8,8.82e+08,300,8.82
1658189642,ANKRUSDT,Sell,15000,0.02945,PlusTick,ad616d5b-fda7-57be-86cb-7a46e15579de,4.4175e+10,15000,441.75
1658189660,ANKRUSDT,Sell,15000,0.02935,MinusTick,9397c763-009f-58fd-acfa-c99cf5fa6a29,4.4025e+10,15000,440.25
1658189664,ANKRUSDT,Sell,17,0.02930,MinusTick,a8adc9c6-c8e1-5ee6-9932-5a1790478bf1,4.981e+07,17,0.4981
1658189677,ANKRUSDT,Sell,15000,0.02935,PlusTick,9e774fde-acf8-5cef-b56e-83a53e9bd420,4.4025e+10,15000,440.25
1658189744,ANKRUSDT,Buy,3,0.02940,PlusTick,830226c4-3ab3-59d0-97c1-8eff23279030,8.82e+06,3,0.0882
1658189748,ANKRUSDT,Sell,15000,0.02935,MinusTick,94cbdc6c-6138-5c09-b9f2-8687f1759563,4.4025e+10,15000,440.25
1658189748,ANKRUSDT,Sell,12055,0.02935,ZeroMinusTick,bcb05188-4243-5c28-afe8-a502c848c010,3.5381425e+10,12055,353.81425
1658189758,ANKRUSDT,Sell,15000,0.02935,ZeroMinusTick,22e58b44-0df0-51a7-b495-1343eaf55d27,4.4025e+10,15000,440.25
1658189758,ANKRUSDT,Sell,978,0.02930,MinusTick,7b0288f9-fd86-576f-bf37-377627a90dec,2.86554e+09,978,28.6554
1658189944,ANKRUSDT,Sell,19,0.02925,MinusTick,4634dcc3-321b-52c4-93cb-be5508ac12c7,5.557500000000001e+07,19,0.5557500000000001
1658189956,ANKRUSDT,Sell,1777,0.02925,ZeroMinusTick,93536a2e-c19b-5232-a1f3-4bb89f77b14d,5.197725000000001e+09,1777,51.977250000000005
1658189975,ANKRUSDT,Sell,15000,0.02915,MinusTick,0e55e11c-1a7b-5c7c-aeae-f4f7616ffb9d,4.3725e+10,15000,437.25
1658189984,ANKRUSDT,Buy,336,0.02915,ZeroMinusTick,73361ce4-dd77-55a6-94a0-4897794a32db,9.7944e+08,336,9.7944
1658190004,ANKRUSDT,Sell,15000,0.02915,ZeroMinusTick,4a3ab32f-5b24-52b4-ab1f-acd35bd473b9,4.3725e+10,15000,437.25
1658190041,ANKRUSDT,Sell,332,0.02905,MinusTick,034e8288-c6e5-5ca0-8ff4-6316541ae5f4,9.6446e+08,332,9.6446
1658190044,ANKRUSDT,Buy,1,0.02910,PlusTick,2004ba80-63ac-5064-a73a-2e44dad0d31b,2.91e+06,1,0.0291
1658190045,ANKRUSDT,Buy,332,0.02910,ZeroMinusTick,9a2de90b-75ac-5675-91a4-be74fd7eecad,9.661200000000001e+08,332,9.661200000000001
1658190045,ANKRUSDT,Buy,332,0.02910,ZeroMinusTick,dd0faec7-6fea-5f90-9291-e560e437de4a,9.661200000000001e+08,332,9.661200000000001
1658190057,ANKRUSDT,Buy,15978,0.02915,PlusTick,074ce564-0184-5954-8af4-92fb5f26455d,4.657587e+10,15978,465.7587
1658190065,ANKRUSDT,Sell,15000,0.02915,ZeroMinusTick,c697fc9b-8409-5fac-9d10-ad32812e9ab5,4.3725e+10,15000,437.25
1658190068,ANKRUSDT,Buy,4320,0.02915,ZeroMinusTick,495845c7-3201-5408-87b1-ae461c9f7a47,1.25928e+10,4320,125.928
1658190089,ANKRUSDT,Sell,15000,0.02910,MinusTick,a6e17fc0-8687-54f6-b408-ed4456c52366,4.365e+10,15000,436.5
1658190089,ANKRUSDT,Sell,35,0.02905,MinusTick,58e67595-7987-55d5-920d-0ec110a08133,1.01675e+08,35,1.01675
1658190089,ANKRUSDT,Sell,11139,0.02905,ZeroMinusTick,3f98d3e0-2508-5079-b2bd-40336cac4588,3.2358794999999996e+10,11139,323.58795
1658190155,ANKRUSDT,Sell,15000,0.02915,PlusTick,58aafa9c-fc84-59f3-8034-8cd68261fa9c,4.3725e+10,15000,437.25
1658190181,ANKRUSDT,Sell,15000,0.02910,MinusTick,9229f3b6-c2b5-5a44-bdca-dbe09aa8a9b7,4.365e+10,15000,436.5
1658190181,ANKRUSDT,Buy,5410,0.02910,ZeroMinusTick,bd491c71-e484-5b37-930f-8bf2e738d503,1.5743100000000002e+10,5410,157.431
1658190181,ANKRUSDT,Buy,2700,0.02910,ZeroMinusTick,df6f2587-9726-5068-af2f-f5e6c3776bfb,7.857000000000001e+09,2700,78.57000000000001
1658190182,ANKRUSDT,Buy,6890,0.02910,ZeroMinusTick,2c34a18c-9ac6-50f6-810d-eb6d54714a12,2.00499e+10,6890,200.499
1658190224,ANKRUSDT,Buy,2,0.02920,PlusTick,53f47217-a81b-5823-89ac-24eccce8c883,5.84e+06,2,0.0584
1658190264,ANKRUSDT,Sell,1,0.02915,MinusTick,c984f724-6166-526e-a4f6-15eef5ef3f22,2.915e+06,1,0.02915
1658190272,ANKRUSDT,Sell,8991,0.02915,ZeroMinusTick,7920aeb4-46b7-5396-b03d-c9c792a187fb,2.6208765e+10,8991,262.08765
1658190314,ANKRUSDT,Sell,3500,0.02910,MinusTick,66022c04-fd98-5adc-9245-52882fbf85d5,1.0185e+10,3500,101.85000000000001
1658190325,ANKRUSDT,Sell,9666,0.02915,PlusTick,4fb59d8d-6180-526e-9a7e-98ee310bc410,2.8176389999999996e+10,9666,281.7639
1658190325,ANKRUSDT,Sell,5334,0.02915,ZeroMinusTick,3697fca1-e4d0-5fc4-9c58-d7882a334be3,1.554861e+10,5334,155.4861
1658190329,ANKRUSDT,Sell,15000,0.02915,ZeroMinusTick,8191ac0b-c3e1-54ee-ba9b-d91a99560694,4.3725e+10,15000,437.25
1658190342,ANKRUSDT,Sell,15000,0.02915,ZeroMinusTick,f65d8b58-babe-5aa3-85a8-2ee6f2629d33,4.3725e+10,15000,437.25
1658190342,ANKRUSDT,Sell,18700,0.02915,ZeroMinusTick,96e15dd4-b9ff-58a9-8d11-22c544113501,5.45105e+10,18700,545.105
1658190407,ANKRUSDT,Sell,15000,0.02910,MinusTick,6d47ebe1-4103-59da-a527-900df7e27737,4.365e+10,15000,436.5
1658190433,ANKRUSDT,Buy,17183,0.02910,ZeroMinusTick,402cc6dd-309a-57e7-b3ee-cf7c6110113d,5.000253e+10,17183,500.0253
1658190442,ANKRUSDT,Sell,35,0.02905,MinusTick,d734af99-c85f-5983-9ea7-08d77bb530da,1.01675e+08,35,1.01675
1658190442,ANKRUSDT,Sell,70000,0.02905,ZeroMinusTick,537ba78e-0774-55b3-aef0-1e4c447c4986,2.0335e+11,70000,2033.5
1658190442,ANKRUSDT,Sell,85490,0.02905,ZeroMinusTick,7873c23a-6304-5973-8042-5c8a3c440097,2.4834845e+11,85490,2483.4845
1658190442,ANKRUSDT,Sell,6690,0.02905,ZeroMinusTick,7e5584e1-9483-5a77-84c0-bf1c8eb5fea5,1.943445e+10,6690,194.34449999999998
1658190444,ANKRUSDT,Buy,12,0.02910,PlusTick,ab23ebb8-569d-5192-a464-421a7032cf3e,3.492e+07,12,0.3492
1658190484,ANKRUSDT,Sell,14999,0.02905,MinusTick,5be67fc2-cf48-5a0d-92d4-69f34983092d,4.3572095e+10,14999,435.72095
1658190485,ANKRUSDT,Sell,1,0.02905,ZeroMinusTick,5588609d-b5b2-509f-9217-2d83d919df3a,2.905e+06,1,0.02905
1658190510,ANKRUSDT,Buy,2019,0.02915,PlusTick,85e92a52-6e9c-5069-94bb-f4537969028c,5.885384999999999e+09,2019,58.853849999999994
1658190525,ANKRUSDT,Sell,15000,0.02910,MinusTick,379f4bc0-eaa9-5bb8-b7e1-c16d8f666f0f,4.365e+10,15000,436.5
1658190564,ANKRUSDT,Buy,7,0.02915,PlusTick,0dfa7792-3025-5513-a0af-fc5e2260f07d,2.0405e+07,7,0.20404999999999998
1658190607,ANKRUSDT,Sell,15000,0.02915,ZeroMinusTick,238149f5-bb6f-55dd-92d2-7815f9221417,4.3725e+10,15000,437.25
1658190625,ANKRUSDT,Sell,8564,0.02925,PlusTick,1f36e623-2063-50c9-8bb3-56b38ed0139d,2.50497e+10,8564,250.497
1658190625,ANKRUSDT,Sell,6436,0.02925,ZeroMinusTick,94c1b10e-6e6e-5768-8909-cac002e0b63b,1.88253e+10,6436,188.25300000000001
1658190626,ANKRUSDT,Sell,15000,0.02925,ZeroMinusTick,4310facf-9d6a-59e3-b825-69b2e6bdc5b1,4.3875e+10,15000,438.75
1658190656,ANKRUSDT,Sell,3085,0.02925,ZeroMinusTick,fda30fc1-bb56-5458-b561-7f9181ca9b5a,9.023625e+09,3085,90.23625
1658190656,ANKRUSDT,Sell,4182,0.02925,ZeroMinusTick,1701ae42-0a42-5bbb-b4c8-5473088602be,1.2232350000000002e+10,4182,122.32350000000001
1658190676,ANKRUSDT,Buy,84289,0.02935,PlusTick,949b3f4c-c7d3-555e-8df2-ab76d1bad485,2.47388215e+11,84289,2473.88215
1658190676,ANKRUSDT,Buy,40000,0.02935,ZeroMinusTick,77f87ce8-3fa1-5945-b491-cd7377a3e2e4,1.174e+11,40000,1174
1658190676,ANKRUSDT,Buy,15000,0.02935,ZeroMinusTick,be024e54-def6-5f8c-886c-d497e1e5ba9f,4.4025e+10,15000,440.25
1658190680,ANKRUSDT,Buy,84543,0.02935,ZeroMinusTick,31fe2ca7-e0f5-51b3-be67-816b8336e4cd,2.48133705e+11,84543,2481.33705
1658190725,ANKRUSDT,Sell,15000,0.02930,MinusTick,7e5f385e-4e7a-5476-b48e-05cbcff11a32,4.395e+10,15000,439.5
1658190754,ANKRUSDT,Sell,1,0.02925,MinusTick,581cd297-3d61-5e03-8346-8bbe301abc5b,2.925e+06,1,0.02925
1658190799,ANKRUSDT,Sell,3217,0.02915,MinusTick,18a8f640-9e50-5867-8e36-4fa365216c91,9.377555e+09,3217,93.77555
1658190814,ANKRUSDT,Sell,13,0.02910,MinusTick,db6fb462-d782-543f-81b7-f9968fa519ef,3.783e+07,13,0.3783
1658190881,ANKRUSDT,Sell,4533,0.02900,MinusTick,ab728e39-708a-599e-90c0-de3393e82563,1.31457e+10,4533,131.457
1658190910,ANKRUSDT,Sell,9422,0.02895,MinusTick,2a743da5-709b-5ae8-9a08-cced4196883b,2.7276690000000004e+10,9422,272.7669
1658190912,ANKRUSDT,Sell,15000,0.02895,ZeroMinusTick,c692dbe8-571d-5fa4-8851-9cb7e409c1ef,4.3425e+10,15000,434.25
1658190914,ANKRUSDT,Buy,18,0.02895,ZeroMinusTick,0529419b-60c9-55c0-be59-92b373f680dc,5.211e+07,18,0.5211
1658190916,ANKRUSDT,Sell,35,0.02890,MinusTick,20e02e5f-339f-547f-a2af-d724b43c9b6b,1.0114999999999999e+08,35,1.0114999999999998
1658190916,ANKRUSDT,Sell,11421,0.02890,ZeroMinusTick,ad961927-9f1b-5957-b3c0-f5158ee52403,3.3006689999999996e+10,11421,330.0669
1658190944,ANKRUSDT,Buy,1,0.02895,PlusTick,0df045c4-b1c1-57d3-8951-930fdc1bb345,2.895e+06,1,0.02895
1658190998,ANKRUSDT,Sell,14999,0.02895,ZeroMinusTick,84e7dc49-485d-5e4b-8b53-3c96b990514e,4.3422105e+10,14999,434.22105
1658190998,ANKRUSDT,Sell,1,0.02895,ZeroMinusTick,162af953-f1f1-5e8a-bce2-f412edbfa1c6,2.895e+06,1,0.02895
1658191039,ANKRUSDT,Sell,9366,0.02890,MinusTick,f326692c-ae2f-504e-a62f-09d2c82c0956,2.7067739999999996e+10,9366,270.6774
1658191039,ANKRUSDT,Sell,5634,0.02890,ZeroMinusTick,995c0c55-91c6-5b12-9070-d52c18213e86,1.628226e+10,5634,162.8226
1658191039,ANKRUSDT,Sell,3212,0.02890,ZeroMinusTick,d259b464-bae7-577b-874b-68ec8e2dc009,9.28268e+09,3212,92.82679999999999
1658191039,ANKRUSDT,Sell,8354,0.02890,ZeroMinusTick,694c62c0-2f37-5de0-9a71-da67454cc216,2.414306e+10,8354,241.4306
1658191039,ANKRUSDT,Sell,7890,0.02890,ZeroMinusTick,56740d88-937a-5e49-8d6a-796856f2a9fc,2.28021e+10,7890,228.021
1658191039,ANKRUSDT,Sell,869,0.02890,ZeroMinusTick,82d59086-2d13-573e-9e70-419a83068577,2.51141e+09,869,25.1141
1658191039,ANKRUSDT,Sell,6583,0.02890,ZeroMinusTick,359f79b1-54aa-5117-b48e-346d4c6d9605,1.902487e+10,6583,190.24869999999999
1658191040,ANKRUSDT,Sell,22817,0.02890,ZeroMinusTick,12bb8544-748d-50ab-b4af-4202220502a9,6.594113e+10,22817,659.4113
1658191040,ANKRUSDT,Sell,15000,0.02890,ZeroMinusTick,9e30da3d-a4b4-59af-b6b2-9f5df4e01d6c,4.335e+10,15000,433.5
1658191040,ANKRUSDT,Buy,26834,0.02890,ZeroMinusTick,a73e5be6-1b10-5e31-b737-dfc085cfbe98,7.755025999999998e+10,26834,775.5025999999999
1658191044,ANKRUSDT,Sell,1,0.02885,MinusTick,9dd5c3cb-f61b-5363-86da-a3df57554d12,2.885e+06,1,0.02885
1658191046,ANKRUSDT,Buy,9627,0.02890,PlusTick,adcb5470-2a2b-510d-ae0d-deaa920b3e7e,2.782203e+10,9627,278.2203
1658191046,ANKRUSDT,Buy,1356,0.02890,ZeroMinusTick,559bb23f-2d60-579a-8178-ce096060122f,3.91884e+09,1356,39.1884
1658191046,ANKRUSDT,Buy,7736,0.02890,ZeroMinusTick,74932252-507a-57fb-821b-6bdedc52e4e7,2.2357039999999996e+10,7736,223.57039999999998
1658191049,ANKRUSDT,Sell,14999,0.02885,MinusTick,c34309ea-bf6d-5631-b144-4de8826ecf51,4.3272115e+10,14999,432.72115
1658191049,ANKRUSDT,Sell,11103,0.02885,ZeroMinusTick,5f087326-4e6a-5e12-80ef-ba6b9d3b0cfb,3.2032155e+10,11103,320.32155
1658191049,ANKRUSDT,Buy,11103,0.02885,ZeroMinusTick,29d45596-e19b-5b23-89ff-f37be06b4008,3.2032155e+10,11103,320.32155
1658191051,ANKRUSDT,Sell,9668,0.02885,ZeroMinusTick,f6da41e3-2639-5470-8140-df3501e7246a,2.789218e+10,9668,278.9218
1658191056,ANKRUSDT,Buy,80000,0.02885,ZeroMinusTick,0b0e2677-e9a0-5699-b36c-4cfdb673908e,2.308e+11,80000,2308
1658191056,ANKRUSDT,Buy,80000,0.02885,ZeroMinusTick,98fc2d22-5c6e-56e3-acf7-710a2791a7da,2.308e+11,80000,2308
1658191056,ANKRUSDT,Buy,56096,0.02885,ZeroMinusTick,dd3ce8d0-ad74-5bec-bbf9-47c5b6052b42,1.6183696e+11,56096,1618.3696
1658191056,ANKRUSDT,Buy,23904,0.02885,ZeroMinusTick,12650373-037f-548d-822a-f0477a917ce8,6.896304e+10,23904,689.6304
1658191056,ANKRUSDT,Buy,80000,0.02885,ZeroMinusTick,be015f94-ad78-5bd1-ac81-c4709f8a6838,2.308e+11,80000,2308
1658191056,ANKRUSDT,Buy,36096,0.02885,ZeroMinusTick,91fd4cf2-4947-5d30-82f2-c101c4a1c476,1.0413696e+11,36096,1041.3696
1658191056,ANKRUSDT,Buy,80000,0.02885,ZeroMinusTick,acf2318f-6af1-57dd-be2f-47386a63194f,2.308e+11,80000,2308
1658191056,ANKRUSDT,Buy,36096,0.02885,ZeroMinusTick,367e8175-d79c-5d58-bf68-d02272d361ae,1.0413696e+11,36096,1041.3696
1658191056,ANKRUSDT,Buy,43904,0.02885,ZeroMinusTick,93bc7b0f-9d21-5746-8400-d1326c712ff4,1.2666304e+11,43904,1266.6304
1658191059,ANKRUSDT,Sell,15000,0.02890,PlusTick,3f218685-2457-5d8e-9140-159ba1b422a2,4.335e+10,15000,433.5
1658191063,ANKRUSDT,Sell,15000,0.02885,MinusTick,e1ef1bab-c999-5d16-9c77-d8fa773bf174,4.3275e+10,15000,432.75
1658191134,ANKRUSDT,Buy,1,0.02890,PlusTick,e8481570-395e-5576-b41c-cc68634dcc13,2.89e+06,1,0.0289
1658191190,ANKRUSDT,Sell,15000,0.02880,MinusTick,96020a9b-42be-5aa1-b140-61e2e03ee2ff,4.32e+10,15000,432
1658191190,ANKRUSDT,Buy,8365,0.02880,ZeroMinusTick,61067b95-b535-5110-9284-f5b2fc6d071d,2.40912e+10,8365,240.912
1658191324,ANKRUSDT,Buy,4,0.02890,PlusTick,f6262247-e799-5ad4-971d-2539d6cbbb9d,1.156e+07,4,0.1156
1658191399,ANKRUSDT,Sell,15000,0.02880,MinusTick,26f44aeb-0648-543d-a0b3-acc91781e13f,4.32e+10,15000,432
1658191444,ANKRUSDT,Buy,4,0.02885,PlusTick,7445c5ea-91a9-5b46-b788-8583e4480259,1.154e+07,4,0.1154
1658191480,ANKRUSDT,Sell,9428,0.02880,MinusTick,a54a6805-4ba1-56ab-95db-0c64ea36edfa,2.7152639999999996e+10,9428,271.52639999999997
1658191480,ANKRUSDT,Sell,5572,0.02880,ZeroMinusTick,587af3fc-2a17-5fbf-8423-8a382006c416,1.604736e+10,5572,160.4736
1658191523,ANKRUSDT,Sell,9352,0.02885,PlusTick,4d85b21d-7dbd-5058-b17f-86a97ca3a879,2.698052e+10,9352,269.8052
1658191523,ANKRUSDT,Sell,5648,0.02885,ZeroMinusTick,3522b70a-0760-5b98-af82-a9e5b256a2de,1.6294480000000002e+10,5648,162.94480000000001
1658191584,ANKRUSDT,Buy,100,0.02880,MinusTick,7cafb5b7-b54e-544b-ae64-aea7c8b488a4,2.88e+08,100,2.88
1658191767,ANKRUSDT,Sell,8451,0.02890,PlusTick,3061c5ba-2559-591f-955f-40b15d5f2c35,2.4423389999999996e+10,8451,244.23389999999998
1658191768,ANKRUSDT,Sell,6549,0.02890,ZeroMinusTick,5c90725f-129d-543e-936b-7a7e5d986d0b,1.892661e+10,6549,189.2661
1658191804,ANKRUSDT,Buy,11,0.02890,ZeroMinusTick,dcfa659c-9422-586c-9d6e-475a96211156,3.1789999999999996e+07,11,0.31789999999999996
1658191959,ANKRUSDT,Sell,148,0.02895,PlusTick,410d84fb-b7c9-5894-8ea3-cd66175d5bb4,4.2846e+08,148,4.2846
1658191984,ANKRUSDT,Buy,6,0.02910,PlusTick,ed8e1125-fdad-590c-934a-44b33434e40b,1.746e+07,6,0.1746
1658192114,ANKRUSDT,Sell,1,0.02900,MinusTick,8250e7d3-6f17-5202-898f-73ec3c06213c,2.9e+06,1,0.029
1658192254,ANKRUSDT,Buy,1,0.02900,ZeroMinusTick,31f71d89-25fd-514e-96c0-740f532ab9f5,2.9e+06,1,0.029
1658192334,ANKRUSDT,Sell,1,0.02890,MinusTick,86ad751c-8287-55a0-8c44-f1994ccd44c7,2.89e+06,1,0.0289
1658192474,ANKRUSDT,Buy,17,0.02905,PlusTick,8734cba5-bf88-5e64-b128-0d12a6f2eddf,4.9385e+07,17,0.49385
1658192476,ANKRUSDT,Buy,18,0.02905,ZeroMinusTick,f9b4ab3e-a7b3-55d3-857f-81817c8622e9,5.229e+07,18,0.5229
1658192476,ANKRUSDT,Buy,156,0.02905,ZeroMinusTick,adac74c7-df62-5b88-ae37-65ed9fee0995,4.5317999999999994e+08,156,4.5318
1658192477,ANKRUSDT,Buy,168,0.02905,ZeroMinusTick,02fb4c8c-0b12-5d9c-bbb9-abe053e3c912,4.8804e+08,168,4.8804
1658192624,ANKRUSDT,Buy,20,0.02925,PlusTick,0881c834-16b3-5114-88ce-36952c588d55,5.850000000000001e+07,20,0.5850000000000001
1658192625,ANKRUSDT,Buy,33351,0.02925,ZeroMinusTick,0ca22ad5-1880-59b9-9624-40060076d134,9.7551675e+10,33351,975.51675
1658192648,ANKRUSDT,Sell,11436,0.02920,MinusTick,f54cf4da-61c6-57a9-add7-9380ed633e66,3.339312e+10,11436,333.9312
1658192687,ANKRUSDT,Buy,100,0.02920,ZeroMinusTick,450aa670-1bbb-5e6c-b48a-d0f5ec599ffa,2.92e+08,100,2.92
1658192744,ANKRUSDT,Buy,10,0.02925,PlusTick,b4078bd1-60bb-58b6-b054-b02878fc944d,2.9250000000000004e+07,10,0.29250000000000004
1658192914,ANKRUSDT,Sell,2,0.02905,MinusTick,e73377fa-7ee1-5102-ab52-84391d14d2a2,5.81e+06,2,0.0581
1658192985,ANKRUSDT,Sell,26692,0.02905,ZeroMinusTick,8e558e22-502d-5348-a2b3-e2fb8ca28404,7.754026e+10,26692,775.4026
1658193034,ANKRUSDT,Sell,1,0.02900,MinusTick,5fa7a516-eb89-569e-ac1e-7ad91cab0335,2.9e+06,1,0.029
1658193068,ANKRUSDT,Buy,3386,0.02910,PlusTick,581cfe1d-5997-5b88-9a30-31d4770d62b7,9.85326e+09,3386,98.5326
1658193234,ANKRUSDT,Sell,8,0.02895,MinusTick,6ea437e8-8ee1-56e0-adc6-350a63670090,2.316e+07,8,0.2316
1658193434,ANKRUSDT,Buy,1,0.02905,PlusTick,d6e73b41-e57c-5399-8c8d-de61bbba15c4,2.905e+06,1,0.02905
1658193624,ANKRUSDT,Sell,100,0.02900,MinusTick,86dff30a-5e64-5381-b31b-d5cc17c818c4,2.9000000000000006e+08,100,2.9000000000000004
1658193684,ANKRUSDT,Sell,100,0.02900,ZeroMinusTick,8b2b56db-3f99-59ce-9c0a-1a3c13ad7a62,2.9000000000000006e+08,100,2.9000000000000004
1658193794,ANKRUSDT,Sell,100,0.02900,ZeroMinusTick,9e77f664-37f3-5f32-b282-7ee37763a8e8,2.9000000000000006e+08,100,2.9000000000000004
1658193864,ANKRUSDT,Sell,2,0.02890,MinusTick,d5fa984d-44c0-5416-a1e2-3286d780c667,5.78e+06,2,0.0578
1658193914,ANKRUSDT,Sell,1,0.02890,ZeroMinusTick,25562515-817d-57ce-b815-f73f7a23871d,2.89e+06,1,0.0289
1658193974,ANKRUSDT,Buy,11,0.02900,PlusTick,3a49fd96-e7c3-527b-ad59-dc7217c31e28,3.19e+07,11,0.319
1658194064,ANKRUSDT,Sell,1,0.02900,ZeroMinusTick,dc485f2b-7e0b-5a0c-a152-06cbd8211916,2.9e+06,1,0.029
1658194184,ANKRUSDT,Buy,10,0.02910,PlusTick,d3f190f0-b1dc-5f6c-9a20-a37754f80c48,2.9100000000000004e+07,10,0.29100000000000004
1658194223,ANKRUSDT,Sell,2974,0.02910,ZeroMinusTick,86642f68-8c8a-5b65-bc48-eb9291af6c3e,8.65434e+09,2974,86.5434
1658194354,ANKRUSDT,Buy,2,0.02910,ZeroMinusTick,28718142-74e8-5365-82cc-84afc0d0bf8c,5.82e+06,2,0.0582
1658194494,ANKRUSDT,Buy,100,0.02910,ZeroMinusTick,cf257035-777a-5261-895f-1f89af54a192,2.91e+08,100,2.91
1658194542,ANKRUSDT,Buy,10,0.02905,MinusTick,a873e9fe-d458-5bd6-b616-14e788fda21d,2.9049999999999996e+07,10,0.2905
1658194564,ANKRUSDT,Buy,1,0.02905,ZeroMinusTick,2a9ca11b-7502-58fb-9d77-19c5735bae6a,2.905e+06,1,0.02905
1658194624,ANKRUSDT,Buy,18,0.02900,MinusTick,c937c740-0353-5dff-a027-9556bd1aaf76,5.22e+07,18,0.522
1658194724,ANKRUSDT,Sell,11,0.02895,MinusTick,802ef639-49cc-5a0f-86c6-0b4852d8496e,3.1845e+07,11,0.31845
1658194934,ANKRUSDT,Buy,1,0.02890,MinusTick,427f3244-3466-51be-a8c4-a92c12665c00,2.89e+06,1,0.0289
1658194976,ANKRUSDT,Buy,10,0.02885,MinusTick,77cf3616-e8d6-597d-b9af-44dba94ace11,2.8849999999999996e+07,10,0.2885
1658195104,ANKRUSDT,Sell,9,0.02880,MinusTick,71973b27-2b8c-52ad-9f05-e2497b82e3f8,2.592e+07,9,0.2592
1658195174,ANKRUSDT,Buy,100,0.02875,MinusTick,685ec4e2-120d-542b-8184-f2f1054273b2,2.875e+08,100,2.875
1658195364,ANKRUSDT,Sell,16,0.02875,ZeroMinusTick,9c91528a-11a6-504f-bcfa-0b48c3336843,4.6e+07,16,0.46
1658195517,ANKRUSDT,Buy,10,0.02885,PlusTick,afa3b383-862e-5ab0-8b7f-0af12c55bd91,2.8849999999999996e+07,10,0.2885
1658195544,ANKRUSDT,Buy,7,0.02885,ZeroMinusTick,8fd56efa-9e87-5bf5-a1c0-0e2fec092fac,2.0195e+07,7,0.20195000000000002
1658195631,ANKRUSDT,Sell,9855,0.02880,MinusTick,b3d3b89d-99fb-5a82-a4a8-8e5f9a9012a6,2.83824e+10,9855,283.824
1658195631,ANKRUSDT,Sell,5145,0.02880,ZeroMinusTick,6bc8b7ad-54e3-5783-b00e-132137c7f728,1.4817599999999998e+10,5145,148.176
1658195704,ANKRUSDT,Buy,5,0.02885,PlusTick,838fd41a-6cc9-5e1a-abf3-9409b969f544,1.4424999999999998e+07,5,0.14425
1658195734,ANKRUSDT,Sell,9021,0.02885,ZeroMinusTick,130df2ec-9496-5673-86e8-9d5e093a5e5c,2.6025585e+10,9021,260.25585
1658195824,ANKRUSDT,Buy,6,0.02890,PlusTick,77777b1d-3877-5fd8-a3f2-a5765f06833a,1.734e+07,6,0.1734
1658195894,ANKRUSDT,Buy,1,0.02885,MinusTick,a39891cc-11a1-585f-83e0-16997ba0d857,2.885e+06,1,0.02885
1658195907,ANKRUSDT,Sell,19,0.02875,MinusTick,0b0384dd-0a7e-57c8-a7ae-514e7a4fc590,5.4625e+07,19,0.54625
1658195907,ANKRUSDT,Sell,16,0.02875,ZeroMinusTick,d332a3e7-0203-5d96-8e1b-b6f79822afd1,4.6e+07,16,0.46
1658195907,ANKRUSDT,Sell,34,0.02875,ZeroMinusTick,e6560418-5fe1-5251-ba65-a5a6039b5278,9.775e+07,34,0.9775
1658195968,ANKRUSDT,Buy,1,0.02885,PlusTick,711338ed-2eb3-5c4b-bf29-1bf8c5938d36,2.885e+06,1,0.02885
1658195971,ANKRUSDT,Sell,1,0.02875,MinusTick,7f601bb6-15ec-5d22-b967-cd31f8f8b94d,2.875e+06,1,0.02875
1658195977,ANKRUSDT,Buy,10,0.02885,PlusTick,ca11d3bc-a6c7-5323-a21e-785737b45d56,2.8849999999999996e+07,10,0.2885
1658196064,ANKRUSDT,Buy,14,0.02880,MinusTick,c24f1790-3468-51da-bd7e-f38884ba1003,4.032e+07,14,0.4032
1658196119,ANKRUSDT,Buy,1712,0.02875,MinusTick,f083e522-dbef-5f3c-bb3c-4088480234bb,4.922e+09,1712,49.22
1658196143,ANKRUSDT,Sell,8492,0.02870,MinusTick,56eb75dc-37e0-5fe8-a6df-a44fd7dbe6b5,2.437204e+10,8492,243.7204
1658196204,ANKRUSDT,Sell,1,0.02870,ZeroMinusTick,3eb060a1-a3b4-5a94-a595-7afdb926f3f0,2.87e+06,1,0.0287
1658196314,ANKRUSDT,Sell,3,0.02865,MinusTick,6011f65c-3cc1-5199-bb9c-52b62312efb2,8.595e+06,3,0.08595
1658196416,ANKRUSDT,Buy,2961,0.02865,ZeroMinusTick,4c4ad065-88c3-5fba-8b37-573636fd7b25,8.483265e+09,2961,84.83265
1658196514,ANKRUSDT,Buy,3,0.02870,PlusTick,5ebd08fc-c144-5828-a418-252fdfe31e36,8.61e+06,3,0.0861
1658196557,ANKRUSDT,Buy,10,0.02870,ZeroMinusTick,b871ba87-3ec1-54bc-8e8d-c80ca982650a,2.8699999999999996e+07,10,0.287
1658196594,ANKRUSDT,Buy,17,0.02870,ZeroMinusTick,3109321f-adeb-5275-abd6-33e94858465d,4.879e+07,17,0.4879
1658196626,ANKRUSDT,Sell,15000,0.02870,ZeroMinusTick,1a6d8797-71a0-5aff-9ba3-67ade9284b05,4.305e+10,15000,430.5
1658196732,ANKRUSDT,Sell,80,0.02860,MinusTick,d3ebdd11-02c5-5b37-b3be-a17dd29df4c6,2.2880000000000003e+08,80,2.2880000000000003
1658196732,ANKRUSDT,Sell,3129,0.02860,ZeroMinusTick,f749a1bf-eaf0-5e04-9094-311151bf7c5f,8.94894e+09,3129,89.4894
1658196732,ANKRUSDT,Sell,2791,0.02860,ZeroMinusTick,14c50296-59db-5db3-a21f-6b4b543cd441,7.982259999999999e+09,2791,79.8226
1658196734,ANKRUSDT,Sell,13,0.02860,ZeroMinusTick,0c8ed310-ff9b-576c-a366-e6dab913ce81,3.718e+07,13,0.3718
1658196884,ANKRUSDT,Sell,17,0.02860,ZeroMinusTick,1f096f8d-a055-553a-beab-461ab92d751f,4.862e+07,17,0.4862
1658196928,ANKRUSDT,Sell,69,0.02855,MinusTick,59a54702-a24c-5b7b-bdbe-1dc1aa705a8f,1.96995e+08,69,1.9699499999999999
1658197024,ANKRUSDT,Sell,3,0.02855,ZeroMinusTick,a829c15f-5922-5776-af11-404186fcd502,8.565e+06,3,0.08565
1658197138,ANKRUSDT,Sell,9380,0.02865,PlusTick,01f0e516-810f-5121-8347-1371973476dd,2.6873699999999996e+10,9380,268.73699999999997
1658197214,ANKRUSDT,Buy,18,0.02875,PlusTick,db97a224-cb3b-50b9-b62a-471d5a6f18bc,5.175000000000001e+07,18,0.5175000000000001
1658197324,ANKRUSDT,Sell,18,0.02870,MinusTick,23d5d773-0e2f-5fb4-bd2b-4c00cff837ac,5.165999999999999e+07,18,0.5166
1658197328,ANKRUSDT,Buy,246,0.02880,PlusTick,de4effaf-f894-5930-8c4e-616cfee61b16,7.0848e+08,246,7.0847999999999995
1658197344,ANKRUSDT,Sell,1,0.02875,MinusTick,43600916-0db9-55c6-83e6-af49cb4b1695,2.875e+06,1,0.02875
1658197388,ANKRUSDT,Buy,69,0.02880,PlusTick,18679571-f4ce-5219-8179-4c115760ed83,1.9872e+08,69,1.9871999999999999
1658197534,ANKRUSDT,Sell,1,0.02880,ZeroMinusTick,652876b8-7e32-5647-a43f-e6b5f7695f7e,2.88e+06,1,0.0288
1658197664,ANKRUSDT,Sell,4,0.02880,ZeroMinusTick,f7afc37c-72bd-5a24-9607-5b6c44cdefa3,1.152e+07,4,0.1152
1658197684,ANKRUSDT,Sell,100,0.02885,PlusTick,f7fccfe4-c601-5886-8706-f9f600023177,2.885e+08,100,2.8850000000000002
1658197834,ANKRUSDT,Sell,1,0.02890,PlusTick,bc71ed96-c300-50d5-a7ee-fb940ae89c53,2.89e+06,1,0.0289
1658197964,ANKRUSDT,Sell,1,0.02890,ZeroMinusTick,536b78f3-f4e9-5aaa-85b7-28051f159cda,2.89e+06,1,0.0289
1658198066,ANKRUSDT,Sell,1496,0.02895,PlusTick,1dd4d3e0-d7ff-5d4a-86bd-510049aa02df,4.33092e+09,1496,43.3092
1658198066,ANKRUSDT,Buy,500,0.02900,PlusTick,bb916bec-7d69-508d-9efe-8475ddb4f21d,1.45e+09,500,14.5
1658198104,ANKRUSDT,Sell,100,0.02890,MinusTick,d73e8c25-a267-5a71-b8ef-eb532c4c7926,2.8899999999999994e+08,100,2.8899999999999997
1658198324,ANKRUSDT,Sell,11,0.02890,ZeroMinusTick,d404d40e-da86-5adc-97ec-890cc407682e,3.1789999999999996e+07,11,0.31789999999999996
1658198464,ANKRUSDT,Buy,1,0.02895,PlusTick,2d9cb1f8-ef9d-5358-9f71-d7d7b702da52,2.895e+06,1,0.02895
1658198534,ANKRUSDT,Buy,1,0.02895,ZeroMinusTick,225cc529-1798-5020-8f4c-bef3d1e9ab56,2.895e+06,1,0.02895
1658198621,ANKRUSDT,Buy,10,0.02890,MinusTick,ddfd9d98-9f95-521d-aca0-cea54b97d88b,2.8899999999999996e+07,10,0.289
1658198704,ANKRUSDT,Buy,10,0.02895,PlusTick,09d5043b-75fc-5edb-8b16-a423c65565e5,2.8949999999999996e+07,10,0.2895
1658198880,ANKRUSDT,Sell,8242,0.02900,PlusTick,8ae41cda-e8e0-5faf-baac-6122ca7f8a17,2.39018e+10,8242,239.018
1658198884,ANKRUSDT,Sell,1,0.02900,ZeroMinusTick,5b943abd-4d1d-506c-8a50-18d795403fd9,2.9e+06,1,0.029
1658198944,ANKRUSDT,Sell,1,0.02900,ZeroMinusTick,05180158-d6fd-52f8-8082-2b8a614bd49c,2.9e+06,1,0.029
1658199134,ANKRUSDT,Buy,7,0.02900,ZeroMinusTick,b9c3d23c-b52c-5d59-ad65-78fb98323c25,2.03e+07,7,0.203
1658199284,ANKRUSDT,Sell,6,0.02890,MinusTick,e8d90d89-1ed8-51a3-ab14-6d5a88c2226c,1.734e+07,6,0.1734
1658199454,ANKRUSDT,Sell,1,0.02890,ZeroMinusTick,7f39962c-a813-55b6-bb1d-8daf1eaec757,2.89e+06,1,0.0289
1658199514,ANKRUSDT,Buy,9,0.02900,PlusTick,596e3a03-1f77-5b42-8bac-7d6e52f328e5,2.61e+07,9,0.261
1658199634,ANKRUSDT,Buy,1,0.02900,ZeroMinusTick,2eb0b00b-b1df-5ecc-b948-b8b4e86e78cb,2.9e+06,1,0.029
1658199744,ANKRUSDT,Buy,1,0.02900,ZeroMinusTick,aa9aac78-c090-5cff-a7be-76b651da514b,2.9e+06,1,0.029
1658199814,ANKRUSDT,Buy,100,0.02900,ZeroMinusTick,0489da03-8aef-529d-aaf8-44dce2045970,2.9000000000000006e+08,100,2.9000000000000004
1658199884,ANKRUSDT,Buy,1,0.02900,ZeroMinusTick,b842d3ad-0ee5-5616-9399-55ca8041d42b,2.9e+06,1,0.029
1658200031,ANKRUSDT,Buy,35,0.02905,PlusTick,4f567446-bd00-5c48-b925-e726f9125121,1.01675e+08,35,1.01675
1658200031,ANKRUSDT,Buy,26694,0.02905,ZeroMinusTick,bd990609-663f-5aa8-bc69-13f12af6534b,7.754607e+10,26694,775.4607
1658200031,ANKRUSDT,Buy,4123,0.02905,ZeroMinusTick,a88a18ef-768e-5155-8b3e-eeb680a24284,1.1977315e+10,4123,119.77315
1658200031,ANKRUSDT,Buy,4123,0.02905,ZeroMinusTick,2f69f006-a055-5d75-9f02-3821d87218f0,1.1977315e+10,4123,119.77315
1658200064,ANKRUSDT,Buy,5,0.02905,ZeroMinusTick,8645dcf0-4b9c-5a0d-bdc9-2ad76c7bc93b,1.4524999999999998e+07,5,0.14525
1658200076,ANKRUSDT,Sell,8842,0.02905,ZeroMinusTick,73183b95-7803-5fb0-944f-e0a169e39087,2.568601e+10,8842,256.8601
1658200144,ANKRUSDT,Sell,9,0.02910,PlusTick,1bd77dd1-5b3a-5c10-b39d-fa97095d2dba,2.6190000000000004e+07,9,0.2619
1658200274,ANKRUSDT,Buy,12,0.02915,PlusTick,033620ef-9098-54f4-80b1-c6105e96dad1,3.498e+07,12,0.3498
1658200410,ANKRUSDT,Sell,3759,0.02915,ZeroMinusTick,a289041c-426e-58a6-8b61-3549f327e688,1.0957485e+10,3759,109.57485
1658200474,ANKRUSDT,Buy,20,0.02920,PlusTick,1b0bbf11-943b-56fb-a0f4-851c062a544a,5.84e+07,20,0.584
1658200594,ANKRUSDT,Sell,16,0.02910,MinusTick,62867d7e-eddb-5a3a-9beb-15fc1f244d15,4.656e+07,16,0.4656
1658200664,ANKRUSDT,Sell,16,0.02910,ZeroMinusTick,3da6f183-755e-5338-8291-509ff3c1c6e7,4.656e+07,16,0.4656
1658200734,ANKRUSDT,Buy,60,0.02920,PlusTick,40372f1d-1d75-50c3-96c9-6270dc031ad5,1.752e+08,60,1.752
1658200774,ANKRUSDT,Sell,1,0.02915,MinusTick,0f24c5c3-4bed-59bd-9249-c81758ebd0e4,2.915e+06,1,0.02915
1658200824,ANKRUSDT,Buy,1,0.02920,PlusTick,c931f37d-db23-56f7-b179-1d753bb3a428,2.92e+06,1,0.0292
1658200916,ANKRUSDT,Buy,1500,0.02920,ZeroMinusTick,cc310162-8428-56a5-8f76-43ab06774422,4.38e+09,1500,43.8
1658200944,ANKRUSDT,Buy,7,0.02920,ZeroMinusTick,588e2f4f-6a44-585f-a42b-5ef0366883ad,2.044e+07,7,0.2044
1658200972,ANKRUSDT,Buy,1762,0.02920,ZeroMinusTick,d50169c7-a8fa-55d5-9812-03a1fd0408ab,5.14504e+09,1762,51.4504
1658201034,ANKRUSDT,Sell,5,0.02915,MinusTick,4a1b2b0c-62d7-5964-97f7-7c804d69c5e9,1.4574999999999998e+07,5,0.14575
1658201094,ANKRUSDT,Sell,100,0.02920,PlusTick,4767ad0b-64f6-5c3a-9987-790a5ce94fae,2.92e+08,100,2.92
1658201184,ANKRUSDT,Sell,1,0.02920,ZeroMinusTick,805308ce-8002-59eb-8d77-cdc0ca666290,2.92e+06,1,0.0292
1658201324,ANKRUSDT,Sell,100,0.02915,MinusTick,d5faf80d-9e66-5b29-8865-a94e7c7fc7bb,2.915e+08,100,2.915
1658201424,ANKRUSDT,Sell,1,0.02915,ZeroMinusTick,e1a10603-5908-5574-a6a5-e5417aadcd91,2.915e+06,1,0.02915
1658201474,ANKRUSDT,Sell,100,0.02915,ZeroMinusTick,59d132ce-6d9c-591a-9aca-398a4290be8f,2.915e+08,100,2.915
1658201522,ANKRUSDT,Sell,4626,0.02925,PlusTick,cccfef10-e6d9-525e-8910-b1727a97eee9,1.3531050000000002e+10,4626,135.31050000000002
1658201654,ANKRUSDT,Sell,12,0.02920,MinusTick,7e775e2a-461e-5c31-a707-fd4f66a1500b,3.504e+07,12,0.3504
1658201854,ANKRUSDT,Buy,14,0.02930,PlusTick,397b52b5-40e6-53a6-a299-8c5535bbd770,4.102e+07,14,0.4102
1658201887,ANKRUSDT,Sell,35,0.02920,MinusTick,3c36e35f-fa4f-5401-a2fa-6cc784f0d166,1.022e+08,35,1.022
1658201887,ANKRUSDT,Sell,26726,0.02920,ZeroMinusTick,794df576-401a-577a-9ce2-82b403ac3ad6,7.803992e+10,26726,780.3992
1658201902,ANKRUSDT,Buy,17118,0.02920,ZeroMinusTick,2c4cb09f-7cc3-5aa1-a9c4-599e70036ece,4.998456e+10,17118,499.8456
1658202054,ANKRUSDT,Sell,8,0.02915,MinusTick,2d170760-fd94-5b21-82e5-a1973271d1a0,2.332e+07,8,0.2332
1658202164,ANKRUSDT,Buy,13,0.02925,PlusTick,461ed5c7-f23e-50d1-ac86-20d43d9e7148,3.8025e+07,13,0.38025000000000003
1658202289,ANKRUSDT,Sell,26748,0.02915,MinusTick,d28324c5-523f-5004-86cb-a1a82613c5bc,7.797042e+10,26748,779.7042
1658202340,ANKRUSDT,Sell,15000,0.02915,ZeroMinusTick,483bc21a-de03-5053-acd5-4aab563293e3,4.3725e+10,15000,437.25
1658202344,ANKRUSDT,Buy,1,0.02915,ZeroMinusTick,f9c71ad4-7000-50aa-b772-5a3be02ec25f,2.915e+06,1,0.02915
1658202424,ANKRUSDT,Sell,6,0.02905,MinusTick,ece354f9-cad4-519b-a326-0784b2dc1f96,1.743e+07,6,0.1743
1658202554,ANKRUSDT,Buy,13,0.02895,MinusTick,a5d884a1-5ed2-5b4c-b9ec-0b51d9ca0b59,3.7635e+07,13,0.37635
1658202682,ANKRUSDT,Sell,11813,0.02875,MinusTick,fcebca5d-7277-51df-91eb-c85f74468fe2,3.3962375000000004e+10,11813,339.62375000000003
1658202682,ANKRUSDT,Sell,15000,0.02875,ZeroMinusTick,11fb9e90-1300-50c8-80af-52bb9a475c0f,4.3125e+10,15000,431.25
1658202734,ANKRUSDT,Sell,1,0.02870,MinusTick,5e9905e3-9301-5a8f-9889-cceecb90e1ea,2.87e+06,1,0.0287
1658202738,ANKRUSDT,Buy,26813,0.02875,PlusTick,7e93fb44-c920-5943-aa6a-8b1e5297e069,7.708737500000002e+10,26813,770.8737500000001
1658202738,ANKRUSDT,Sell,386,0.02875,ZeroMinusTick,0d96e890-1e58-5d89-9ce8-64eb9e42df58,1.10975e+09,386,11.0975
1658202738,ANKRUSDT,Sell,9034,0.02875,ZeroMinusTick,1640f83b-60bb-5530-8faa-03b24b6352c2,2.5972750000000004e+10,9034,259.7275
1658202878,ANKRUSDT,Sell,5906,0.02880,PlusTick,668b93e4-a429-5df2-8bad-a95526583336,1.7009279999999998e+10,5906,170.09279999999998
1658202914,ANKRUSDT,Sell,1,0.02880,ZeroMinusTick,8201e017-884f-5281-af7c-a1f97dc9c079,2.88e+06,1,0.0288
1658203094,ANKRUSDT,Buy,8,0.02885,PlusTick,1079d844-e00e-5f69-92d2-460f5a004cbb,2.308e+07,8,0.2308
1658203219,ANKRUSDT,Sell,4203,0.02875,MinusTick,9bc46a95-a0fe-5e63-8bfc-85e90c607021,1.2083625e+10,4203,120.83625
1658203244,ANKRUSDT,Buy,14,0.02880,PlusTick,1bb03202-b54d-5a89-970f-28b0204bac9b,4.032e+07,14,0.4032
1658203269,ANKRUSDT,Buy,1,0.02885,PlusTick,5aff792a-cc66-59b5-8228-c9216918cf68,2.885e+06,1,0.02885
1658203321,ANKRUSDT,Buy,1000,0.02880,MinusTick,aff1532e-1baa-5c28-8e78-6b7cb445ffd7,2.88e+09,1000,28.8
1658203366,ANKRUSDT,Sell,9278,0.02865,MinusTick,301940d8-0a7d-50f0-bdca-bceb4e86c63c,2.6581469999999996e+10,9278,265.81469999999996
1658203366,ANKRUSDT,Sell,8763,0.02865,ZeroMinusTick,7a2b0d9a-106f-50d3-a240-27955dbdf0f2,2.5105995e+10,8763,251.05995
1658203379,ANKRUSDT,Sell,1001,0.02860,MinusTick,ce91baf5-f4f6-5cba-aeff-52a5b84800b2,2.86286e+09,1001,28.6286
1658203383,ANKRUSDT,Buy,17452,0.02865,PlusTick,14f6200d-1268-5156-9865-fc36ce763a76,4.999998e+10,17452,499.9998
1658203394,ANKRUSDT,Buy,6,0.02870,PlusTick,20d53d35-fbf8-5800-b42f-0d430ec28af7,1.722e+07,6,0.1722
1658203403,ANKRUSDT,Sell,15000,0.02865,MinusTick,e2aa7fc3-b18b-505b-9e1a-f8d0a2d8e447,4.2975e+10,15000,429.75
1658203403,ANKRUSDT,Buy,9864,0.02865,ZeroMinusTick,24786f65-2e3b-5a7f-8527-8e1e4810f284,2.8260359999999996e+10,9864,282.6036
1658203403,ANKRUSDT,Buy,5136,0.02865,ZeroMinusTick,c2fb456c-0240-56f4-9215-6f4ec7de2b38,1.471464e+10,5136,147.1464
1658203406,ANKRUSDT,Sell,15000,0.02865,ZeroMinusTick,d60bc2b1-636a-5fc5-9c05-5be630f2b7a0,4.2975e+10,15000,429.75
1658203434,ANKRUSDT,Sell,1,0.02865,ZeroMinusTick,f3450826-a8f3-5ef1-83c2-5488c42795e4,2.865e+06,1,0.02865
1658203504,ANKRUSDT,Sell,12,0.02855,MinusTick,bd0c28c1-bf24-56b9-b29b-a0cec7d6fec7,3.426e+07,12,0.3426
1658203514,ANKRUSDT,Sell,27237,0.02855,ZeroMinusTick,afe4f804-a03a-519b-8517-108574064ee0,7.7761635e+10,27237,777.61635
1658203515,ANKRUSDT,Sell,3475,0.02855,ZeroMinusTick,f1f0cc63-8f16-566e-8830-7f1ea73081ee,9.921125e+09,3475,99.21124999999999
1658203515,ANKRUSDT,Sell,80,0.02855,ZeroMinusTick,7a51491c-87f1-54e1-954c-d5e5c1e678d5,2.2839999999999997e+08,80,2.284
1658203558,ANKRUSDT,Sell,69,0.02845,MinusTick,8872aa7b-8f1b-55d3-ab72-91cb61ac591d,1.96305e+08,69,1.96305
1658203558,ANKRUSDT,Sell,2038,0.02845,ZeroMinusTick,95a92ff9-98f7-567a-aebe-d62d72362c3e,5.79811e+09,2038,57.9811
1658203569,ANKRUSDT,Buy,9434,0.02850,PlusTick,9326727a-872d-531c-8200-07a71eaa13b1,2.6886900000000004e+10,9434,268.869
1658203569,ANKRUSDT,Buy,4425,0.02850,ZeroMinusTick,901bd4b2-2cd1-55d3-93c2-89ba74cfe2fa,1.2611250000000002e+10,4425,126.11250000000001
1658203575,ANKRUSDT,Sell,15000,0.02850,ZeroMinusTick,97718f87-6503-5c8e-ba26-257b71653e91,4.275e+10,15000,427.5
1658203594,ANKRUSDT,Buy,100,0.02850,ZeroMinusTick,01e58647-f5a3-54ed-bd7c-7a56e9aedef7,2.85e+08,100,2.85
1658203754,ANKRUSDT,Buy,10,0.02860,PlusTick,2e964a1e-e9a0-5767-8fc2-cebcd35b740f,2.8600000000000004e+07,10,0.28600000000000003
1658203768,ANKRUSDT,Buy,36,0.02860,ZeroMinusTick,f0d0056e-0e86-5e32-a1ad-7e7eb5c7fe10,1.0296e+08,36,1.0296
1658203768,ANKRUSDT,Buy,27174,0.02860,ZeroMinusTick,fea1243a-45ad-597d-a294-01bd99740e6e,7.771764e+10,27174,777.1764000000001
1658203834,ANKRUSDT,Buy,14,0.02860,ZeroMinusTick,0d0b3eb0-42a1-5074-8da8-9344495556ae,4.004e+07,14,0.4004
1658203944,ANKRUSDT,Sell,1,0.02855,MinusTick,9535ae09-601f-57f0-a62d-957b82a6f386,2.855e+06,1,0.02855
1658203964,ANKRUSDT,Sell,1,0.02855,ZeroMinusTick,84b1811f-a5aa-5139-b7cd-b0dd51289387,2.855e+06,1,0.02855
1658204074,ANKRUSDT,Buy,8,0.02860,PlusTick,e14fc44a-3618-5b36-bf3c-e91e5eb1c75e,2.288e+07,8,0.2288
1658204090,ANKRUSDT,Sell,15000,0.02855,MinusTick,e9f3b61e-9095-5e1a-aaa8-f2b541dad17d,4.2825e+10,15000,428.25
1658204134,ANKRUSDT,Buy,1,0.02855,ZeroMinusTick,c1d83660-6e8a-5dbf-a3e1-96f22ce0df46,2.855e+06,1,0.02855
1658204181,ANKRUSDT,Sell,36,0.02845,MinusTick,610b6736-5104-5b28-bc58-6f8f59b54a08,1.0242e+08,36,1.0242
1658204181,ANKRUSDT,Sell,27118,0.02845,ZeroMinusTick,aa7083c6-5427-5dd0-a16a-c09fc1a75a9e,7.715071e+10,27118,771.5071
1658204181,ANKRUSDT,Sell,725,0.02845,ZeroMinusTick,94aeaa72-df14-5fc9-b763-d1465772fc70,2.062625e+09,725,20.62625
1658204181,ANKRUSDT,Sell,725,0.02845,ZeroMinusTick,a8330853-3fc7-52e5-a83c-85dc825c0984,2.062625e+09,725,20.62625
1658204181,ANKRUSDT,Sell,1,0.02845,ZeroMinusTick,18e04802-a00e-51c8-a3bc-54f8f72ca5a0,2.845e+06,1,0.02845
1658204181,ANKRUSDT,Sell,41431,0.02845,ZeroMinusTick,d4edde0c-8079-5675-9f80-772ec4043f37,1.1787119499999998e+11,41431,1178.71195
1658204182,ANKRUSDT,Sell,3475,0.02840,MinusTick,d5e5ac1f-3763-596a-a3fc-eb033bf1df42,9.869000000000002e+09,3475,98.69000000000001
1658204182,ANKRUSDT,Sell,12995,0.02840,ZeroMinusTick,c4d94565-d656-5064-acb1-58f55f72db5e,3.690580000000001e+10,12995,369.05800000000005
1658204182,ANKRUSDT,Sell,500,0.02840,ZeroMinusTick,1ffd1c7d-5b17-5205-ab27-fd4b4b9dc346,1.42e+09,500,14.200000000000001
1658204182,ANKRUSDT,Sell,5907,0.02840,ZeroMinusTick,09292720-6756-5a3f-9eaf-25f808011bad,1.677588e+10,5907,167.7588
1658204228,ANKRUSDT,Buy,15000,0.02840,ZeroMinusTick,1e96fa66-b297-5b4e-8557-b0165b78958f,4.26e+10,15000,426
1658204228,ANKRUSDT,Buy,4023,0.02840,ZeroMinusTick,3a16394b-941b-5052-b8f8-969b4b35de67,1.142532e+10,4023,114.2532
1658204228,ANKRUSDT,Buy,8185,0.02840,ZeroMinusTick,0104e000-b743-5e9d-aee6-a91f6d632bdb,2.32454e+10,8185,232.454
1658204229,ANKRUSDT,Buy,523,0.02840,ZeroMinusTick,5fd04b21-2a9a-5732-b31c-81e3c7a306f7,1.48532e+09,523,14.853200000000001
1658204260,ANKRUSDT,Buy,2793,0.02845,PlusTick,010bf65b-40ae-5312-a5e0-9227e4481730,7.946084999999999e+09,2793,79.46085
1658204260,ANKRUSDT,Buy,4366,0.02845,ZeroMinusTick,8de324f1-bdb7-5ccb-815c-c22ab00ad3ec,1.242127e+10,4366,124.2127
1658204273,ANKRUSDT,Buy,4123,0.02845,ZeroMinusTick,6fb3955e-6b6d-5d07-855d-c143534c8bb2,1.1729935e+10,4123,117.29935
1658204273,ANKRUSDT,Buy,2236,0.02845,ZeroMinusTick,5db1e75f-b6cf-588b-9110-fde029a84ada,6.36142e+09,2236,63.6142
1658204273,ANKRUSDT,Buy,4359,0.02845,ZeroMinusTick,1e9dae75-6f53-5353-bac4-db375dfb4e35,1.2401355e+10,4359,124.01355
1658204294,ANKRUSDT,Sell,1,0.02850,PlusTick,21c78346-9ed9-560f-a494-3f0584fea24c,2.85e+06,1,0.0285
1658204384,ANKRUSDT,Buy,16,0.02855,PlusTick,eed63f95-21a2-547c-9bf9-0e64290f343d,4.568e+07,16,0.4568
1658204442,ANKRUSDT,Buy,212,0.02855,ZeroMinusTick,d085d60c-928e-5e7c-9dd8-7179f7285d96,6.0526e+08,212,6.0526
1658204442,ANKRUSDT,Buy,12304,0.02855,ZeroMinusTick,ab60938a-8225-5def-b17a-e13e1d909d78,3.512792e+10,12304,351.2792
1658204442,ANKRUSDT,Buy,14978,0.02855,ZeroMinusTick,04f787b1-1d73-5653-aaf9-7fc68ca1e250,4.276219e+10,14978,427.6219
1658204442,ANKRUSDT,Buy,1481,0.02855,ZeroMinusTick,d9ed00da-9fd8-5d67-9f32-076e285d5f73,4.228255e+09,1481,42.28255
1658204524,ANKRUSDT,Sell,1,0.02860,PlusTick,bef929a5-dfc5-586c-9b8c-b31de3f82385,2.86e+06,1,0.0286
1658204654,ANKRUSDT,Buy,6,0.02870,PlusTick,daf277f1-6630-5566-aa2d-3d9b00d45233,1.722e+07,6,0.1722
1658204844,ANKRUSDT,Sell,1,0.02875,PlusTick,d5c7d8db-ee9c-50ac-bbdc-5fc4b5d60e0b,2.875e+06,1,0.02875
1658204844,ANKRUSDT,Buy,500,0.02880,PlusTick,373c4d67-6700-53f7-bb49-ccc6b1cd97f1,1.44e+09,500,14.4
1658205044,ANKRUSDT,Sell,100,0.02875,MinusTick,b2462911-67cb-52f3-8978-3364235726e8,2.875e+08,100,2.875
1658205080,ANKRUSDT,Sell,1363,0.02875,ZeroMinusTick,11f6b3a5-4d00-5766-b37c-b8013d9d0aa4,3.918625e+09,1363,39.18625
1658205137,ANKRUSDT,Sell,15000,0.02875,ZeroMinusTick,81d088f6-5476-507f-8420-1b8ac3401ba0,4.3125e+10,15000,431.25
1658205294,ANKRUSDT,Buy,15,0.02885,PlusTick,6b281802-c2b3-5d68-a977-1d7820603e99,4.3275e+07,15,0.43275
1658205329,ANKRUSDT,Buy,2740,0.02885,ZeroMinusTick,2fbca6bd-4053-5e21-be6d-77069e7348c3,7.904900000000001e+09,2740,79.049
1658205424,ANKRUSDT,Sell,8,0.02880,MinusTick,4fafb0ef-961c-502a-8bf9-521f287f8653,2.304e+07,8,0.2304
1658205484,ANKRUSDT,Buy,2,0.02890,PlusTick,39a8b275-d793-5152-9691-81f57ac96887,5.78e+06,2,0.0578
1658205564,ANKRUSDT,Sell,100,0.02885,MinusTick,a922ce17-0d82-5b67-949a-526bcad28af3,2.885e+08,100,2.8850000000000002
1658205754,ANKRUSDT,Sell,1,0.02885,ZeroMinusTick,a54a09a7-3bd4-5cd0-ad32-11a6609deceb,2.885e+06,1,0.02885
1658205934,ANKRUSDT,Sell,1,0.02885,ZeroMinusTick,636859d1-fed3-5699-83ce-cfe45c1a2212,2.885e+06,1,0.02885
1658206104,ANKRUSDT,Sell,100,0.02880,MinusTick,dd9869d0-3861-5c5e-a458-f3c0392a44e7,2.88e+08,100,2.88
1658206164,ANKRUSDT,Buy,19,0.02885,PlusTick,0ec630da-919d-5453-869a-a9a574bd46b3,5.4815e+07,19,0.54815
1658206239,ANKRUSDT,Buy,15000,0.02875,MinusTick,9accbf32-9182-5e4b-bfc7-438b1e0fc8a6,4.3125e+10,15000,431.25
1658206239,ANKRUSDT,Sell,4016,0.02875,ZeroMinusTick,7108ac83-25f3-5a8d-96f1-d767a49fc78c,1.1546e+10,4016,115.46000000000001
1658206254,ANKRUSDT,Sell,1,0.02875,ZeroMinusTick,77bf2622-8273-5613-bebe-19d83abc8f69,2.875e+06,1,0.02875
1658206437,ANKRUSDT,Buy,6,0.02885,PlusTick,9b53e0ec-fad4-5a10-9984-e689594149fb,1.731e+07,6,0.1731
1658206444,ANKRUSDT,Buy,17,0.02885,ZeroMinusTick,b7572901-2804-5388-8e3c-2bedefcd2c26,4.9045e+07,17,0.49045
1658206504,ANKRUSDT,Buy,9,0.02885,ZeroMinusTick,d23d7226-68a1-59f1-87c6-03507d74a072,2.5965e+07,9,0.25965
1658206584,ANKRUSDT,Sell,1,0.02885,ZeroMinusTick,f641b8b3-736a-54ea-a583-678a2d4be563,2.885e+06,1,0.02885
1658206674,ANKRUSDT,Buy,9,0.02890,PlusTick,3dcb9e8c-db00-53f3-b0dd-496c65268c83,2.601e+07,9,0.2601
1658206739,ANKRUSDT,Sell,3475,0.02880,MinusTick,aeb073e7-7293-5ffe-b402-c1b631b37561,1.0008e+10,3475,100.08
1658206864,ANKRUSDT,Sell,5,0.02875,MinusTick,26b84b7b-d6a8-5e4c-9a3b-742ee6448168,1.4375000000000002e+07,5,0.14375000000000002
1658206864,ANKRUSDT,Buy,2350,0.02880,PlusTick,3864412a-7da3-5f90-b181-fbd5d41a393c,6.767999999999999e+09,2350,67.67999999999999
1658206994,ANKRUSDT,Sell,12,0.02875,MinusTick,2bdb8149-d6e6-5fd0-9b21-f9c0b1d79d02,3.45e+07,12,0.34500000000000003
1658207174,ANKRUSDT,Buy,20,0.02890,PlusTick,900d7721-5f63-5a00-a800-f59ba06c5db8,5.779999999999999e+07,20,0.578
1658207304,ANKRUSDT,Buy,9,0.02880,MinusTick,a72c2024-d2fa-589d-9324-4e8d27d1a9ac,2.592e+07,9,0.2592
1658207334,ANKRUSDT,Sell,15000,0.02875,MinusTick,b69e6839-d907-5d75-b602-171a482f0b9a,4.3125e+10,15000,431.25
1658207364,ANKRUSDT,Sell,1,0.02875,ZeroMinusTick,3739abf8-5f31-5df6-b103-ad01ef081a55,2.875e+06,1,0.02875
1658207397,ANKRUSDT,Sell,15000,0.02875,ZeroMinusTick,fa262c41-5dc9-574c-8a1e-3b2f0061c27c,4.3125e+10,15000,431.25
1658207397,ANKRUSDT,Buy,27801,0.02880,PlusTick,249e16d7-3490-5fe5-a9f8-e7a415c8c2f7,8.006688e+10,27801,800.6688
1658207397,ANKRUSDT,Buy,3469,0.02880,ZeroMinusTick,ec398d27-213f-54dd-83f8-6dbf0ed0f879,9.99072e+09,3469,99.9072
1658207397,ANKRUSDT,Buy,33689,0.02880,ZeroMinusTick,b962f7cb-085d-5f93-9692-fafbc276706a,9.702432e+10,33689,970.2432
1658207397,ANKRUSDT,Buy,13574,0.02880,ZeroMinusTick,a1b375be-88a5-5dca-abb2-5de2ceed9fad,3.909312e+10,13574,390.9312
1658207397,ANKRUSDT,Buy,40194,0.02885,PlusTick,829f1ad4-f2ae-59b3-9898-0b99849d7dde,1.1595969e+11,40194,1159.5969
1658207397,ANKRUSDT,Buy,32365,0.02885,ZeroMinusTick,1f0a95a8-3b43-543c-bbe7-0cac78b66b27,9.3373025e+10,32365,933.7302500000001
1658207397,ANKRUSDT,Buy,3469,0.02885,ZeroMinusTick,73f7cc6a-5f59-58be-a97c-bded1b98ed30,1.0008065e+10,3469,100.08065
1658207397,ANKRUSDT,Buy,27017,0.02885,ZeroMinusTick,c35a9155-28f9-5ed7-9e15-59a0006503cf,7.7944045e+10,27017,779.44045
1658207397,ANKRUSDT,Buy,45539,0.02885,ZeroMinusTick,dd40f481-3874-564e-a79d-7d2a41a9b311,1.31380015e+11,45539,1313.80015
1658207397,ANKRUSDT,Buy,27753,0.02885,ZeroMinusTick,c3478492-8804-5e07-b61a-5519afa27aa1,8.0067405e+10,27753,800.67405
1658207397,ANKRUSDT,Sell,12414,0.02885,ZeroMinusTick,03606997-3ad5-550e-9c06-b79da4088fa2,3.581439e+10,12414,358.14390000000003
1658207397,ANKRUSDT,Sell,78533,0.02880,MinusTick,9e0cc1d1-a796-5adc-92ae-bee1a3c48f29,2.2617504e+11,78533,2261.7504
1658207397,ANKRUSDT,Sell,1467,0.02880,ZeroMinusTick,755460b1-dd0f-5e34-b129-dac6ec54af93,4.22496e+09,1467,42.2496
1658207397,ANKRUSDT,Sell,27753,0.02880,ZeroMinusTick,8b2b8397-cf73-50b7-8aaa-5df88e6efa66,7.992864e+10,27753,799.2864
1658207397,ANKRUSDT,Sell,27729,0.02880,ZeroMinusTick,38b3ddfb-2040-5e68-9dde-bee7862e647e,7.985952e+10,27729,798.5952
1658207397,ANKRUSDT,Sell,24518,0.02880,ZeroMinusTick,22561e14-4b89-5a26-acfe-9f5385493310,7.061184e+10,24518,706.1184
1658207397,ANKRUSDT,Sell,3211,0.02880,ZeroMinusTick,15e4b946-0731-55a6-83ea-aca3b11a2afa,9.24768e+09,3211,92.4768
1658207397,ANKRUSDT,Sell,11393,0.02880,ZeroMinusTick,34bba164-af55-51e9-bec8-380dbcd54686,3.281184e+10,11393,328.1184
1658207397,ANKRUSDT,Sell,7287,0.02880,ZeroMinusTick,5c987021-8fa7-5069-b0ad-c265277d58b4,2.098656e+10,7287,209.8656
1658207397,ANKRUSDT,Sell,7317,0.02880,ZeroMinusTick,00e73ec5-27e8-576e-bd34-99013bd4189b,2.107296e+10,7317,210.7296
1658207397,ANKRUSDT,Sell,75691,0.02880,ZeroMinusTick,9f90043f-1bec-5f80-b437-edc405029d83,2.1799008e+11,75691,2179.9008
1658207397,ANKRUSDT,Sell,4309,0.02880,ZeroMinusTick,6fe87dca-453a-5661-9954-fccc52655d76,1.240992e+10,4309,124.0992
1658207397,ANKRUSDT,Sell,10691,0.02880,ZeroMinusTick,eb171881-c49f-5414-81d3-3d21f197cdb6,3.079008e+10,10691,307.9008
1658207397,ANKRUSDT,Sell,16225,0.02880,ZeroMinusTick,33075e7c-1db7-5920-8fd1-8b1efafc897b,4.6728e+10,16225,467.28
1658207397,ANKRUSDT,Sell,38480,0.02880,ZeroMinusTick,56420e41-9e58-5381-9c7c-ee5e30d179a8,1.108224e+11,38480,1108.224
1658207397,ANKRUSDT,Sell,14604,0.02880,ZeroMinusTick,cf14cd80-49b8-585c-b155-42fb69e7bdac,4.205952e+10,14604,420.5952
1658207397,ANKRUSDT,Sell,2757,0.02880,ZeroMinusTick,a719ce35-3a60-5551-a249-133fb0aa34de,7.94016e+09,2757,79.4016
1658207397,ANKRUSDT,Buy,11847,0.02880,ZeroMinusTick,4a74129f-5b3f-5e2e-ac59-2293933c954f,3.411936e+10,11847,341.1936
1658207397,ANKRUSDT,Buy,15635,0.02880,ZeroMinusTick,171097b4-30de-5d37-ab8a-3cb9c2b1916f,4.50288e+10,15635,450.288
1658207397,ANKRUSDT,Buy,10972,0.02880,ZeroMinusTick,3c2eec05-ffc9-5111-b31c-541a34dd3930,3.159936e+10,10972,315.9936
1658207398,ANKRUSDT,Sell,15000,0.02880,ZeroMinusTick,94a96280-4673-5eb7-b7e7-39417c212777,4.32e+10,15000,432
1658207405,ANKRUSDT,Buy,35,0.02880,ZeroMinusTick,95e41b44-e91c-524b-9548-54301b8f5276,1.008e+08,35,1.008
1658207405,ANKRUSDT,Buy,15000,0.02880,ZeroMinusTick,82d72fa4-e0f0-5052-ab11-c56acb9f2d82,4.32e+10,15000,432
1658207405,ANKRUSDT,Buy,11975,0.02880,ZeroMinusTick,874fb689-a957-5498-823d-48ef8e911954,3.4488e+10,11975,344.88
1658207405,ANKRUSDT,Buy,15575,0.02880,ZeroMinusTick,286089fb-8cc1-572d-a884-61cc349da260,4.4856e+10,15575,448.56
1658207405,ANKRUSDT,Buy,17361,0.02880,ZeroMinusTick,d4d314aa-9367-5178-840e-42a320924bfe,4.999968e+10,17361,499.9968
1658207405,ANKRUSDT,Buy,12494,0.02880,ZeroMinusTick,9dabf603-d931-5875-9584-7b062b0e288e,3.598272e+10,12494,359.8272
1658207406,ANKRUSDT,Sell,4630,0.02875,MinusTick,829507e2-d78f-587a-959d-552b018520f6,1.3311250000000002e+10,4630,133.1125
1658207454,ANKRUSDT,Sell,1,0.02870,MinusTick,e7595e4c-a6d2-5e1b-8a69-b466f711b5af,2.87e+06,1,0.0287
1658207524,ANKRUSDT,Buy,14,0.02875,PlusTick,46ae1189-1802-587c-97ab-c1401ad66c99,4.025e+07,14,0.4025
1658207714,ANKRUSDT,Sell,19,0.02885,PlusTick,589c9edb-b1b1-5fd0-9d88-eb872ba59506,5.4815e+07,19,0.54815
1658207715,ANKRUSDT,Sell,3450,0.02885,ZeroMinusTick,af6544ba-fd16-50f1-966a-228d74023ebc,9.95325e+09,3450,99.5325
1658207747,ANKRUSDT,Sell,3469,0.02885,ZeroMinusTick,2c57330d-4f26-5a86-842b-bdf550d4b01c,1.0008065e+10,3469,100.08065
1658207773,ANKRUSDT,Buy,1836,0.02890,PlusTick,4b7fe6b2-54b5-5413-bc9e-089f754164e8,5.306039999999999e+09,1836,53.060399999999994
1658207870,ANKRUSDT,Buy,200,0.02895,PlusTick,b27af8d4-c981-58cf-ab65-2d582f819cbc,5.79e+08,200,5.79
1658207883,ANKRUSDT,Buy,50,0.02890,MinusTick,4eb554f9-3007-5234-b91e-0354321c68b6,1.4449999999999997e+08,50,1.4449999999999998
1658207904,ANKRUSDT,Sell,10,0.02885,MinusTick,b39d960f-d088-577d-9915-d1fb31ac2298,2.8849999999999996e+07,10,0.2885
1658208024,ANKRUSDT,Sell,1,0.02885,ZeroMinusTick,47a36262-917a-59fb-82a3-f1b2144416d6,2.885e+06,1,0.02885
1658208254,ANKRUSDT,Sell,1,0.02890,PlusTick,1423b8c4-370f-59ac-8f12-c3a3859e57f2,2.89e+06,1,0.0289
1658208454,ANKRUSDT,Buy,16,0.02900,PlusTick,3fa2efb9-1b4e-531e-96b3-02324f671439,4.64e+07,16,0.464
1658208634,ANKRUSDT,Buy,9,0.02900,ZeroMinusTick,e05530ea-16e8-5c66-a162-ce52f0ee1094,2.61e+07,9,0.261
1658208703,ANKRUSDT,Buy,17290,0.02900,ZeroMinusTick,b4937f22-507e-51c9-87cc-9323497fab64,5.0141e+10,17290,501.41
1658208703,ANKRUSDT,Buy,1444,0.02900,ZeroMinusTick,c4d423b3-b8ed-5cf6-88f5-ac4af3bab029,4.1876000000000005e+09,1444,41.876000000000005
1658208734,ANKRUSDT,Buy,12,0.02900,ZeroMinusTick,a9a8f43c-d7b2-58fa-bc22-ffcc7c9da65f,3.48e+07,12,0.34800000000000003
1658208934,ANKRUSDT,Buy,16,0.02905,PlusTick,7ea9883c-c139-549d-9f51-366db10a816c,4.648e+07,16,0.4648
1658208992,ANKRUSDT,Buy,100,0.02905,ZeroMinusTick,2451cf2e-fce8-5826-b30a-35754c68c0f9,2.905e+08,100,2.905
1658209003,ANKRUSDT,Buy,5000,0.02905,ZeroMinusTick,5b5d48d0-5c78-514d-81be-b3bcd0aeefd4,1.4525e+10,5000,145.25
1658209135,ANKRUSDT,Buy,4,0.02910,PlusTick,bd97f863-39f8-5e2b-9700-3aa4f680a57d,1.164e+07,4,0.1164
1658209325,ANKRUSDT,Buy,13,0.02910,ZeroMinusTick,4ee7950a-1806-519d-ae35-1fdf2549ab1e,3.783e+07,13,0.3783
1658209428,ANKRUSDT,Sell,8322,0.02905,MinusTick,e4e7daad-0ead-5d2a-ad76-9fa73687bc1d,2.417541e+10,8322,241.7541
1658209455,ANKRUSDT,Buy,19,0.02910,PlusTick,3ef3b6e3-28d6-5a4d-8906-969c5991478a,5.529000000000001e+07,19,0.5529000000000001
1658209456,ANKRUSDT,Sell,8894,0.02905,MinusTick,6919db99-35e3-501b-a5f2-a440ba1a043b,2.583707e+10,8894,258.3707
1658209456,ANKRUSDT,Sell,6106,0.02905,ZeroMinusTick,297e8319-0545-591e-8fc2-fed9538e96a3,1.773793e+10,6106,177.3793
1658209461,ANKRUSDT,Sell,8061,0.02905,ZeroMinusTick,46d11118-b085-501f-90af-a164550b257e,2.3417205e+10,8061,234.17204999999998
1658209461,ANKRUSDT,Sell,6939,0.02905,ZeroMinusTick,b3b51f0f-1f73-5632-b725-aa9b6a7f87f7,2.0157795e+10,6939,201.57795
1658209463,ANKRUSDT,Sell,7783,0.02905,ZeroMinusTick,0ba99588-086a-55de-9232-e18fbe679fda,2.2609615e+10,7783,226.09615
1658209475,ANKRUSDT,Sell,8089,0.02905,ZeroMinusTick,11b5bfed-65ef-5bcb-aea0-c115961930e2,2.3498545e+10,8089,234.98545
1658209575,ANKRUSDT,Buy,15,0.02910,PlusTick,efb0b975-1483-5251-8216-fa0f7f1a1a61,4.365e+07,15,0.4365
1658209605,ANKRUSDT,Buy,11,0.02910,ZeroMinusTick,2a111d30-6a47-5923-914d-b4432688ff89,3.201e+07,11,0.3201
1658209667,ANKRUSDT,Sell,35,0.02900,MinusTick,b532ae1b-6cf0-5132-96b0-0453d8ec207f,1.0150000000000001e+08,35,1.0150000000000001
1658209675,ANKRUSDT,Buy,13,0.02905,PlusTick,4db98573-76fc-5d97-902e-73c49d2e2acc,3.7765e+07,13,0.37765
1658209725,ANKRUSDT,Buy,10,0.02910,PlusTick,0abc5100-e005-53f7-8949-ed92f6a00d19,2.9100000000000004e+07,10,0.29100000000000004
1658209895,ANKRUSDT,Buy,1,0.02905,MinusTick,81643499-4362-530b-913b-8fe67f0f52f2,2.905e+06,1,0.02905
1658209995,ANKRUSDT,Buy,1,0.02905,ZeroMinusTick,992790c9-bc23-5e15-aea5-be460a1f4c56,2.905e+06,1,0.02905
1658210135,ANKRUSDT,Sell,8,0.02900,MinusTick,81103a28-68f8-5a20-9710-b52c21c87a8e,2.32e+07,8,0.232
1658210285,ANKRUSDT,Sell,3469,0.02895,MinusTick,b0ba2be1-a3fe-539f-926d-d287a71785cc,1.0042755e+10,3469,100.42755
1658210305,ANKRUSDT,Buy,100,0.02895,ZeroMinusTick,2171c7b6-ea3a-5ccf-ac6b-570424490019,2.895e+08,100,2.895
1658210306,ANKRUSDT,Buy,14900,0.02895,ZeroMinusTick,77d2e7fa-400b-5eee-92d7-315532d73e55,4.31355e+10,14900,431.355
1658210306,ANKRUSDT,Buy,3469,0.02895,ZeroMinusTick,babf3262-1b3f-5f9d-8e23-a90869639b71,1.0042755e+10,3469,100.42755
1658210306,ANKRUSDT,Buy,2122,0.02895,ZeroMinusTick,1c3af61a-b673-5384-8846-6193415d8333,6.14319e+09,2122,61.4319
1658210485,ANKRUSDT,Buy,2,0.02900,PlusTick,66a23a83-37a1-5556-97a8-174b8b9b652f,5.8e+06,2,0.058
1658210552,ANKRUSDT,Sell,15000,0.02900,ZeroMinusTick,4260b1a3-6411-5b26-a51f-f615cc414974,4.35e+10,15000,435
1658210552,ANKRUSDT,Sell,4567,0.02900,ZeroMinusTick,a79c5365-7f0c-5ef3-b409-20c52a99952b,1.3244300000000002e+10,4567,132.443
1658210552,ANKRUSDT,Sell,17241,0.02900,ZeroMinusTick,8fcd1ee4-e6ee-572d-a36e-fcd5bd1afd4d,4.99989e+10,17241,499.98900000000003
1658210552,ANKRUSDT,Sell,11658,0.02900,ZeroMinusTick,3c17b7c2-31ab-5d25-864b-cba991416025,3.38082e+10,11658,338.082
1658210552,ANKRUSDT,Sell,1,0.02900,ZeroMinusTick,e48d3b55-d119-550b-8197-c5e2125f78d3,2.9e+06,1,0.029
1658210565,ANKRUSDT,Sell,18,0.02895,MinusTick,edda51e2-0904-5f2e-b22f-2a312ac03c91,5.211e+07,18,0.5211
1658210685,ANKRUSDT,Sell,2,0.02890,MinusTick,943be1cc-0cad-54e9-b97e-2688125e4d3c,5.78e+06,2,0.0578
1658210819,ANKRUSDT,Sell,10158,0.02890,ZeroMinusTick,6a63f96f-06c2-54a3-8495-474b2734cd80,2.9356619999999996e+10,10158,293.5662
1658210885,ANKRUSDT,Buy,7,0.02890,ZeroMinusTick,3bf2c81d-b073-5647-9715-b9a46167a04e,2.0229999999999996e+07,7,0.20229999999999998
1658210975,ANKRUSDT,Buy,17,0.02890,ZeroMinusTick,1e7c6f36-769d-5aea-8de6-225892cb5315,4.912999999999999e+07,17,0.49129999999999996
1658211085,ANKRUSDT,Buy,19,0.02890,ZeroMinusTick,d5c13124-4877-5617-a982-2b32adc5dc5f,5.490999999999999e+07,19,0.5490999999999999
1658211103,ANKRUSDT,Sell,2740,0.02880,MinusTick,27ae69e3-9d87-5110-a1d7-073fe953400f,7.891199999999999e+09,2740,78.91199999999999
1658211105,ANKRUSDT,Buy,1,0.02885,PlusTick,c6ce94f3-dcb3-5b22-af79-f9f23f23cc11,2.885e+06,1,0.02885
1658211255,ANKRUSDT,Buy,19,0.02890,PlusTick,04c9e578-85ea-5375-8c24-443cb78f3455,5.490999999999999e+07,19,0.5490999999999999
1658211425,ANKRUSDT,Buy,13,0.02890,ZeroMinusTick,e4a88d6b-f7f0-58ed-85e3-f301fe72dd7a,3.757e+07,13,0.3757
1658211555,ANKRUSDT,Sell,1,0.02890,ZeroMinusTick,458672a5-846b-5285-9b01-6c05931b0e1d,2.89e+06,1,0.0289
1658211755,ANKRUSDT,Buy,7,0.02900,PlusTick,b788b33b-c6d3-5e17-80d2-be853906aa2b,2.03e+07,7,0.203
1658211785,ANKRUSDT,Sell,100,0.02900,ZeroMinusTick,639e78fc-d13f-57c2-9d60-332dab19bf52,2.9000000000000006e+08,100,2.9000000000000004
1658211852,ANKRUSDT,Buy,29999,0.02905,PlusTick,f6b50da6-9e48-5d82-8a4f-c1130c6695d4,8.7147095e+10,29999,871.47095
1658211852,ANKRUSDT,Buy,1,0.02905,ZeroMinusTick,97134251-335f-5729-8a83-f6eb3c69156c,2.905e+06,1,0.02905
1658211870,ANKRUSDT,Buy,17214,0.02910,PlusTick,ea469be9-e5db-50bb-82fd-1acf23e983fb,5.009274e+10,17214,500.92740000000003
1658211870,ANKRUSDT,Buy,80,0.02915,PlusTick,73747bc8-3cfe-5222-b373-11ea2297df82,2.3319999999999997e+08,80,2.332
1658211870,ANKRUSDT,Buy,71867,0.02915,ZeroMinusTick,b70cf4da-0fa6-5a7d-b2a3-81d408cdb3de,2.09492305e+11,71867,2094.92305
1658211870,ANKRUSDT,Buy,3457,0.02915,ZeroMinusTick,4055079f-10c0-5d4e-8832-07ee19b5b0b7,1.0077155e+10,3457,100.77154999999999
1658211872,ANKRUSDT,Sell,80000,0.02915,ZeroMinusTick,341dce9d-d2d2-57f9-9d59-84012b81e2e5,2.332e+11,80000,2332
1658211872,ANKRUSDT,Sell,3457,0.02915,ZeroMinusTick,d8eba30a-6876-54e7-ae01-c0c11c985021,1.0077155e+10,3457,100.77154999999999
1658211873,ANKRUSDT,Buy,134,0.02915,ZeroMinusTick,91119ea3-db2b-52b8-ab55-413cbe32530e,3.9061e+08,134,3.9061
1658211873,ANKRUSDT,Buy,71430,0.02915,ZeroMinusTick,e7a3847f-f9a4-56eb-87d2-5ec038b51db1,2.0821844999999997e+11,71430,2082.1845
1658211888,ANKRUSDT,Buy,1192,0.02920,PlusTick,49b519d7-7c8c-5b01-9a7f-d9fdbea47098,3.4806400000000005e+09,1192,34.806400000000004
1658211900,ANKRUSDT,Sell,3457,0.02915,MinusTick,9a44c3ac-429b-51d1-a041-7de4990c441e,1.0077155e+10,3457,100.77154999999999
1658211965,ANKRUSDT,Sell,14,0.02910,MinusTick,7425f06d-8baf-5f7a-b8dd-eea30ea5a466,4.074e+07,14,0.4074
1658212013,ANKRUSDT,Buy,6823,0.02920,PlusTick,920ecc17-bff8-5151-96cc-5bb3d2206233,1.992316e+10,6823,199.23160000000001
1658212065,ANKRUSDT,Sell,1,0.02915,MinusTick,39347e9e-c0c0-53cf-b4af-c8e66e51735d,2.915e+06,1,0.02915
1658212077,ANKRUSDT,Sell,3457,0.02920,PlusTick,17059aad-dcff-5c8d-9f67-82072cf19ef8,1.009444e+10,3457,100.9444
1658212116,ANKRUSDT,Sell,3457,0.02915,MinusTick,60217d55-2409-508e-90c0-f15509c28691,1.0077155e+10,3457,100.77154999999999
1658212116,ANKRUSDT,Sell,17034,0.02915,ZeroMinusTick,dddf38a5-4294-586b-b8f3-6eb7e72ee305,4.965411e+10,17034,496.5411
1658212225,ANKRUSDT,Buy,15,0.02920,PlusTick,43c3a30d-4675-50ec-86e5-8db2e0ab7ce1,4.38e+07,15,0.438
1658212335,ANKRUSDT,Sell,1,0.02920,ZeroMinusTick,3182e750-a661-53dd-a9d9-324d0c63c62e,2.92e+06,1,0.0292
1658212386,ANKRUSDT,Sell,8297,0.02920,ZeroMinusTick,c6978182-04c8-56c9-9082-bcab383721b5,2.422724e+10,8297,242.2724
1658212386,ANKRUSDT,Sell,6702,0.02920,ZeroMinusTick,5cb74e99-ca80-5c11-818e-d4e365e272c0,1.956984e+10,6702,195.6984
1658212386,ANKRUSDT,Sell,1134,0.02920,ZeroMinusTick,d5533373-1e98-51b0-acde-92c407379d9c,3.31128e+09,1134,33.1128
1658212388,ANKRUSDT,Sell,3370,0.02920,ZeroMinusTick,4535ddab-4e88-5f89-b78c-c64f9550e290,9.8404e+09,3370,98.404
1658212435,ANKRUSDT,Buy,17,0.02925,PlusTick,acc338de-e484-5249-ac3b-f2038eab8274,4.9725e+07,17,0.49725
1658212625,ANKRUSDT,Sell,3,0.02915,MinusTick,0c341fbd-05ce-5143-9d6d-102292e70fbc,8.745e+06,3,0.08745
1658212685,ANKRUSDT,Sell,3457,0.02915,ZeroMinusTick,46c08883-3f69-5a4f-b07a-413dfadedac0,1.0077155e+10,3457,100.77154999999999
1658212779,ANKRUSDT,Sell,6479,0.02915,ZeroMinusTick,843ad1a3-bb28-5df4-9f52-2c08a3c9c813,1.8886284999999996e+10,6479,188.86284999999998
1658212815,ANKRUSDT,Buy,15,0.02920,PlusTick,9c819128-7668-5600-9f78-d8f62eddc475,4.38e+07,15,0.438
1658212875,ANKRUSDT,Buy,5,0.02920,ZeroMinusTick,45ee7e3f-14f3-5550-a590-c95c9f27c041,1.46e+07,5,0.146
1658212916,ANKRUSDT,Sell,3457,0.02910,MinusTick,ef7ffb3f-557a-5dfe-831a-b354d3b131f0,1.005987e+10,3457,100.59870000000001
1658212979,ANKRUSDT,Sell,9715,0.02895,MinusTick,4667734f-5402-50db-88e9-7f8ea21c460b,2.8124925e+10,9715,281.24925
1658213035,ANKRUSDT,Buy,9,0.02895,ZeroMinusTick,a334dacf-e544-5368-9869-51431a7ef5f5,2.6055e+07,9,0.26055
1658213178,ANKRUSDT,Sell,15000,0.02890,MinusTick,dc2553d8-d2be-5a68-9a8e-a2ea5d985899,4.335e+10,15000,433.5
1658213205,ANKRUSDT,Sell,15000,0.02885,MinusTick,d187fc13-b81d-5dac-8c4c-b0e00ece7e92,4.3275e+10,15000,432.75
1658213205,ANKRUSDT,Sell,9082,0.02880,MinusTick,a7565f43-12a7-5790-b1a8-13b9b3025f22,2.615616e+10,9082,261.5616
1658213218,ANKRUSDT,Sell,15000,0.02880,ZeroMinusTick,78794279-b2de-5ec0-8b25-168672996574,4.32e+10,15000,432
1658213221,ANKRUSDT,Sell,15000,0.02875,MinusTick,02f3734e-8e50-5494-a22d-67f1bc7cf089,4.3125e+10,15000,431.25
1658213222,ANKRUSDT,Buy,10000,0.02875,ZeroMinusTick,4531edbd-a171-562d-b130-2cc06f50fdf8,2.875e+10,10000,287.5
1658213245,ANKRUSDT,Sell,100,0.02875,ZeroMinusTick,f9a4968c-0b49-54fe-9be3-4cb458adc8c5,2.875e+08,100,2.875
1658213282,ANKRUSDT,Sell,8228,0.02875,ZeroMinusTick,f30c1df5-e56b-55f9-9b20-bd4db79b67fd,2.36555e+10,8228,236.555
1658213334,ANKRUSDT,Sell,15000,0.02875,ZeroMinusTick,b983b7db-ee96-55a2-9a39-4fec3986880e,4.3125e+10,15000,431.25
1658213334,ANKRUSDT,Sell,13149,0.02875,ZeroMinusTick,cbe13178-7117-59f1-8ad6-529f4fdfa0ce,3.7803375e+10,13149,378.03375
1658213368,ANKRUSDT,Sell,8501,0.02870,MinusTick,4755292e-17cd-5091-9a1b-f6b24468c851,2.439787e+10,8501,243.9787
1658213368,ANKRUSDT,Sell,6499,0.02870,ZeroMinusTick,9ebd8250-82eb-54e3-8371-67e3735b3d6e,1.865213e+10,6499,186.5213
1658213388,ANKRUSDT,Sell,500,0.02860,MinusTick,f2d3205b-7783-5507-b9b4-d416cb031f39,1.43e+09,500,14.3
1658213416,ANKRUSDT,Sell,9317,0.02865,PlusTick,164a1ce9-8cf2-590d-90f5-ae2219d28651,2.6693205e+10,9317,266.93205
1658213417,ANKRUSDT,Sell,5683,0.02865,ZeroMinusTick,cf1cd314-5c26-5c0e-96c8-f94cb67e5ccf,1.6281795e+10,5683,162.81795
1658213424,ANKRUSDT,Sell,15000,0.02865,ZeroMinusTick,d50593d4-5cd8-581b-a82b-734982300ff2,4.2975e+10,15000,429.75
1658213425,ANKRUSDT,Buy,3,0.02870,PlusTick,bc870091-4ba4-58c6-a085-dbe74c47aade,8.61e+06,3,0.0861
1658213500,ANKRUSDT,Sell,15000,0.02865,MinusTick,2ac2e753-6bc0-5ad7-ba63-cc3f5be55286,4.2975e+10,15000,429.75
1658213500,ANKRUSDT,Sell,12037,0.02865,ZeroMinusTick,9d012105-b9fe-54aa-b164-cd5987fba473,3.4486005e+10,12037,344.86005
1658213535,ANKRUSDT,Buy,15,0.02870,PlusTick,1066f24d-b88b-5dfe-abe0-d61a1f4c604c,4.305e+07,15,0.4305
1658213565,ANKRUSDT,Buy,500,0.02875,PlusTick,9c0056c9-1248-5f92-94f7-8206e74b497b,1.4375e+09,500,14.375
1658213652,ANKRUSDT,Sell,27398,0.02875,ZeroMinusTick,0c9d98a0-85db-57c5-8a32-62ea9748c798,7.876925e+10,27398,787.6925
1658213685,ANKRUSDT,Buy,1,0.02875,ZeroMinusTick,096be763-8f37-56c6-b613-e7b2ebaac1d8,2.875e+06,1,0.02875
1658213706,ANKRUSDT,Buy,3309,0.02875,ZeroMinusTick,3fb906cc-c52a-5c69-ae94-f9ced98e6f43,9.513375e+09,3309,95.13375
1658213713,ANKRUSDT,Sell,3457,0.02870,MinusTick,d3916dd4-cd1c-5f86-8193-5434bf3df041,9.92159e+09,3457,99.2159
1658213885,ANKRUSDT,Sell,1,0.02865,MinusTick,7c19fa52-d9be-5bdf-9d54-4ab47d814ad5,2.865e+06,1,0.02865
1658213905,ANKRUSDT,Sell,100,0.02865,ZeroMinusTick,96cdfece-6da0-5eec-a8f9-cac374dcb79b,2.865e+08,100,2.8649999999999998
1658214025,ANKRUSDT,Sell,1,0.02870,PlusTick,57a52e6a-83f0-5dd7-8555-096c7d234ff9,2.87e+06,1,0.0287
1658214026,ANKRUSDT,Buy,35,0.02875,PlusTick,0b4d719a-69c9-5c4e-8a66-088751644498,1.0062500000000001e+08,35,1.00625
1658214026,ANKRUSDT,Buy,34707,0.02875,ZeroMinusTick,12b6c623-eecc-529b-b453-a7b4b13f4bfc,9.9782625e+10,34707,997.8262500000001
1658214100,ANKRUSDT,Buy,35,0.02880,PlusTick,e991f900-682d-519a-885e-23eff67bf21f,1.008e+08,35,1.008
1658214100,ANKRUSDT,Buy,27375,0.02880,ZeroMinusTick,97a84972-9d9f-520c-bbe6-56031bfe123c,7.884e+10,27375,788.4
1658214110,ANKRUSDT,Sell,9716,0.02880,ZeroMinusTick,a6c67ebf-27c0-56a4-84ad-8601672b80ea,2.7982080000000004e+10,9716,279.8208
1658214110,ANKRUSDT,Sell,5284,0.02880,ZeroMinusTick,ebd8e410-d349-5bb4-97a8-3522c121822a,1.521792e+10,5284,152.1792
1658214110,ANKRUSDT,Sell,1855,0.02880,ZeroMinusTick,1795d13a-3877-5fd6-9ff4-233de28ffdf2,5.3424e+09,1855,53.424
1658214135,ANKRUSDT,Sell,4,0.02880,ZeroMinusTick,6f5cf6b3-a99d-5dbe-998e-c0ebac401846,1.152e+07,4,0.1152
1658214178,ANKRUSDT,Buy,4123,0.02885,PlusTick,44a19b26-4e05-5b33-b967-206815f4789c,1.1894855e+10,4123,118.94855
1658214183,ANKRUSDT,Sell,15000,0.02885,ZeroMinusTick,ca4c34a3-633f-5d4d-9289-0848341abca3,4.3275e+10,15000,432.75
1658214285,ANKRUSDT,Sell,3309,0.02890,PlusTick,ce1bd200-b22b-5e37-b37c-a09800c104d6,9.56301e+09,3309,95.6301
1658214295,ANKRUSDT,Sell,100,0.02890,ZeroMinusTick,0547122b-bb77-54d6-a485-7b9f2788250a,2.8899999999999994e+08,100,2.8899999999999997
1658214395,ANKRUSDT,Buy,1,0.02895,PlusTick,8dd342e8-98e4-5894-85b1-e2b933cbd5f2,2.895e+06,1,0.02895
1658214527,ANKRUSDT,Sell,15000,0.02890,MinusTick,f0ae2703-aee0-562e-a092-969b1431f2dc,4.335e+10,15000,433.5
1658214595,ANKRUSDT,Buy,1,0.02890,ZeroMinusTick,c6f0ae45-d0a9-5989-816c-aea943ba5261,2.89e+06,1,0.0289
1658214596,ANKRUSDT,Buy,5000,0.02890,ZeroMinusTick,bbc645fb-d5a6-5cc9-a6e5-b8f6d7707da8,1.445e+10,5000,144.5
1658214682,ANKRUSDT,Buy,35,0.02895,PlusTick,2c1fcad4-b4fb-5f32-8757-979916a58d44,1.01325e+08,35,1.01325
1658214682,ANKRUSDT,Buy,165,0.02895,ZeroMinusTick,8b0b809b-61de-5d1f-84a2-f9c239fd524c,4.77675e+08,165,4.77675
1658214705,ANKRUSDT,Buy,10,0.02900,PlusTick,683f33da-97a8-5d97-b00e-3e4be936b042,2.9000000000000004e+07,10,0.29000000000000004
1658214882,ANKRUSDT,Buy,35,0.02900,ZeroMinusTick,186d27b0-de53-58a1-a296-66cad5e5c7fd,1.0150000000000001e+08,35,1.0150000000000001
1658214882,ANKRUSDT,Buy,27436,0.02900,ZeroMinusTick,37bedf08-94fb-5bc2-ab7e-d97c44f57d3e,7.95644e+10,27436,795.644
1658214882,ANKRUSDT,Buy,181,0.02900,ZeroMinusTick,e9d071a2-52ba-5918-89e2-1f0150b340f8,5.2490000000000006e+08,181,5.2490000000000006
1658214882,ANKRUSDT,Buy,181,0.02900,ZeroMinusTick,7b948ab9-b74b-552b-96a3-1f0ce6197812,5.2490000000000006e+08,181,5.2490000000000006
1658214882,ANKRUSDT,Buy,1197,0.02900,ZeroMinusTick,12741581-e276-5828-80cb-a345f96c67b6,3.4713e+09,1197,34.713
1658214882,ANKRUSDT,Buy,1016,0.02900,ZeroMinusTick,ea20eb5d-63f2-58f3-9268-aad316c91107,2.9464e+09,1016,29.464000000000002
1658214882,ANKRUSDT,Buy,835,0.02900,ZeroMinusTick,50aa2a64-394b-5beb-90a9-1df2a2801c38,2.4215e+09,835,24.215
1658214889,ANKRUSDT,Buy,4123,0.02900,ZeroMinusTick,8c3f4506-b820-5fcc-a769-3a5642dbbaff,1.19567e+10,4123,119.56700000000001
1658214889,ANKRUSDT,Buy,4123,0.02900,ZeroMinusTick,89f1e4c0-2333-54c4-a439-51e2b6eaf593,1.19567e+10,4123,119.56700000000001
1658214889,ANKRUSDT,Buy,4123,0.02900,ZeroMinusTick,188a53de-1fcb-5b3f-8f02-f0442921ca17,1.19567e+10,4123,119.56700000000001
1658214889,ANKRUSDT,Buy,4123,0.02900,ZeroMinusTick,9d82419f-3e07-500d-bded-6486c5a0bd6a,1.19567e+10,4123,119.56700000000001
1658214889,ANKRUSDT,Buy,4123,0.02900,ZeroMinusTick,016b2132-ce05-509b-8a28-6a4e40eec06d,1.19567e+10,4123,119.56700000000001
1658214889,ANKRUSDT,Buy,4123,0.02900,ZeroMinusTick,f5b1bda6-a968-5823-9686-268601db6993,1.19567e+10,4123,119.56700000000001
1658214895,ANKRUSDT,Sell,1,0.02900,ZeroMinusTick,b7189731-ed55-513a-bb60-49299fbd877f,2.9e+06,1,0.029
1658214898,ANKRUSDT,Sell,14999,0.02900,ZeroMinusTick,e6a543f4-ebd9-5017-ab03-e23fe0685e6f,4.34971e+10,14999,434.971
1658215006,ANKRUSDT,Sell,35,0.02890,MinusTick,7ae5e581-3dd1-59f8-b907-52c52b99772f,1.0114999999999999e+08,35,1.0114999999999998
1658215006,ANKRUSDT,Sell,27316,0.02890,ZeroMinusTick,afe368a3-15fa-5d12-b679-6429efd90a06,7.894323999999998e+10,27316,789.4323999999999
1658215085,ANKRUSDT,Buy,9,0.02890,ZeroMinusTick,fbddc7fb-4ec6-5e79-b9af-da6bbb70ead7,2.601e+07,9,0.2601
1658215245,ANKRUSDT,Buy,19,0.02890,ZeroMinusTick,4a882643-ab88-50ca-bfb4-2b8f988ced4e,5.490999999999999e+07,19,0.5490999999999999
1658215295,ANKRUSDT,Buy,100,0.02885,MinusTick,e9c33565-e36c-566d-9f85-94d961c5fce2,2.885e+08,100,2.8850000000000002
1658215465,ANKRUSDT,Sell,5,0.02875,MinusTick,6c5a437e-6e6b-534c-8e40-dada3a8e93bb,1.4375000000000002e+07,5,0.14375000000000002
1658215595,ANKRUSDT,Buy,15,0.02885,PlusTick,9a383ee4-aa62-58a2-908c-e9e2c581e26d,4.3275e+07,15,0.43275
1658215775,ANKRUSDT,Sell,18,0.02875,MinusTick,0fe02de6-42e1-5885-a011-8d5fe80ceff8,5.175000000000001e+07,18,0.5175000000000001
1658215851,ANKRUSDT,Sell,965,0.02875,ZeroMinusTick,cf190c05-4540-5d8e-93ad-ef9127a1a918,2.774375e+09,965,27.743750000000002
1658215864,ANKRUSDT,Sell,8777,0.02875,ZeroMinusTick,1aceedbb-c4b2-5713-8b12-0d8cb38958c9,2.5233875e+10,8777,252.33875
1658215864,ANKRUSDT,Sell,6223,0.02875,ZeroMinusTick,02a6f7a8-5036-5d85-902f-fa7baa7013c0,1.7891125e+10,6223,178.91125
1658215895,ANKRUSDT,Sell,1,0.02870,MinusTick,07677671-e116-503c-b6ed-e134e70aa60e,2.87e+06,1,0.0287
1658215955,ANKRUSDT,Buy,6479,0.02875,PlusTick,6b6539e6-a9ae-5054-ab01-f68f8c6780ca,1.8627125e+10,6479,186.27125
1658216014,ANKRUSDT,Sell,10000,0.02875,ZeroMinusTick,5a149f20-e757-5dd7-93c2-b805e8d902e5,2.875e+10,10000,287.5
1658216046,ANKRUSDT,Buy,1228,0.02880,PlusTick,f3a01731-7154-5eff-97e7-5fc8283bb119,3.53664e+09,1228,35.3664
1658216075,ANKRUSDT,Sell,4,0.02870,MinusTick,bc3e33f2-9957-5f6e-b00f-18a81196c2db,1.148e+07,4,0.1148
1658216092,ANKRUSDT,Buy,1500,0.02875,PlusTick,0396996a-8d0a-54e9-99da-2f0fba970e3a,4.3125e+09,1500,43.125
1658216094,ANKRUSDT,Sell,1500,0.02870,MinusTick,8bec2636-2d1a-5ce3-80e7-b3b992988187,4.305e+09,1500,43.05
1658216175,ANKRUSDT,Sell,1,0.02875,PlusTick,52bb82f3-09b6-5e8d-8ca2-3982979c9176,2.875e+06,1,0.02875
1658216196,ANKRUSDT,Buy,70000,0.02880,PlusTick,504236f2-c094-59e1-8f7f-6547a9e044d6,2.016e+11,70000,2016
1658216235,ANKRUSDT,Buy,4,0.02890,PlusTick,0be29594-8124-5a60-8ac5-b53f4d5fc642,1.156e+07,4,0.1156
1658216375,ANKRUSDT,Sell,100,0.02890,ZeroMinusTick,5a5c7d03-5031-5fba-a218-73cfb8c18aa6,2.8899999999999994e+08,100,2.8899999999999997
1658216440,ANKRUSDT,Buy,150,0.02900,PlusTick,e2a4227b-f781-5c69-a06c-328a4f556071,4.3500000000000006e+08,150,4.3500000000000005
1658216448,ANKRUSDT,Buy,150,0.02900,ZeroMinusTick,56fcbf38-2f1d-5945-b1a8-fdbad5e05bb1,4.3500000000000006e+08,150,4.3500000000000005
1658216457,ANKRUSDT,Buy,100,0.02900,ZeroMinusTick,2233af13-9ed3-5a14-a759-2e41306ded7f,2.9000000000000006e+08,100,2.9000000000000004
1658216535,ANKRUSDT,Sell,20,0.02890,MinusTick,48457746-d120-5bcf-8602-820e5ee7848d,5.779999999999999e+07,20,0.578
1658216685,ANKRUSDT,Buy,1,0.02880,MinusTick,b3f857a1-f379-59b4-a556-b8bfd2b433fa,2.88e+06,1,0.0288
1658216702,ANKRUSDT,Sell,35,0.02875,MinusTick,fd54c891-2433-587f-8240-c8a7e9fde0fe,1.0062500000000001e+08,35,1.00625
1658216865,ANKRUSDT,Sell,1,0.02890,PlusTick,c8a80bf7-eec2-56c0-956f-f7dd090c0488,2.89e+06,1,0.0289
1658217035,ANKRUSDT,Sell,100,0.02895,PlusTick,9094f911-1a92-521c-b576-128b9968ce12,2.895e+08,100,2.895
1658217075,ANKRUSDT,Buy,100,0.02895,ZeroMinusTick,cea030f0-1186-5338-b6f2-761ea50f21d1,2.895e+08,100,2.895
1658217255,ANKRUSDT,Sell,20,0.02885,MinusTick,3d9b0437-136d-56b0-b442-abb033b2b6ca,5.769999999999999e+07,20,0.577
1658217381,ANKRUSDT,Sell,35,0.02885,ZeroMinusTick,339afc5f-f358-5ab4-9fb9-9a2de1ce4637,1.0097499999999999e+08,35,1.00975
1658217381,ANKRUSDT,Sell,27273,0.02885,ZeroMinusTick,147e0e07-1d1a-596f-b7da-bd1bdbc690f9,7.8682605e+10,27273,786.82605
1658217435,ANKRUSDT,Sell,11,0.02875,MinusTick,900bc3ad-955c-5ffb-a858-b200047c16e1,3.1625000000000004e+07,11,0.31625000000000003
1658217505,ANKRUSDT,Buy,17,0.02885,PlusTick,812bbbd3-afda-5e7f-afb7-7951691ea811,4.9045e+07,17,0.49045
1658217585,ANKRUSDT,Sell,17,0.02885,ZeroMinusTick,fef1b347-5871-5e4e-a241-04f166f9861a,4.9045e+07,17,0.49045
1658217615,ANKRUSDT,Buy,1930,0.02890,PlusTick,c8490ecf-8681-59dc-99c4-0b3f6d0b2801,5.577699999999999e+09,1930,55.776999999999994
1658217735,ANKRUSDT,Sell,1,0.02890,ZeroMinusTick,d6212918-2488-5e2f-b50e-67d20e2e8e58,2.89e+06,1,0.0289
1658217825,ANKRUSDT,Buy,1,0.02885,MinusTick,54a924fa-ba87-521b-9070-b183f5b648fd,2.885e+06,1,0.02885
1658217855,ANKRUSDT,Buy,100,0.02880,MinusTick,3311f4a1-11a6-5f27-a9f3-72560d6e3c58,2.88e+08,100,2.88
1658217895,ANKRUSDT,Buy,1,0.02880,ZeroMinusTick,b927b8d1-526b-56a8-9b08-c2552068d4f3,2.88e+06,1,0.0288
1658217932,ANKRUSDT,Sell,76,0.02885,PlusTick,1944f5b7-05da-5cfb-8326-a548e98d3e1c,2.1926e+08,76,2.1926
1658217932,ANKRUSDT,Buy,506,0.02890,PlusTick,68876f50-f8cc-5d5f-95cf-90cb0266ff02,1.46234e+09,506,14.6234
1658217947,ANKRUSDT,Buy,14494,0.02890,ZeroMinusTick,f5c5d6b3-131b-54a9-a71e-3b78e90b3e0e,4.188766e+10,14494,418.8766
1658217947,ANKRUSDT,Buy,12755,0.02890,ZeroMinusTick,a1452613-0188-557d-9236-82f393a634df,3.686194999999999e+10,12755,368.61949999999996
1658218045,ANKRUSDT,Sell,1,0.02885,MinusTick,9e1bc399-b8ef-5b3b-9d1b-fd0bed352b24,2.885e+06,1,0.02885
1658218063,ANKRUSDT,Buy,1733,0.02890,PlusTick,a933fe94-565c-5775-9bb9-c8f308c55580,5.00837e+09,1733,50.0837
1658218111,ANKRUSDT,Buy,15559,0.02890,ZeroMinusTick,7b9be45f-1ca1-5de7-afbd-aaaa2926d402,4.496551e+10,15559,449.6551
1658218111,ANKRUSDT,Buy,26458,0.02890,ZeroMinusTick,dff351f9-ea5a-520f-825b-7115561b4e3f,7.646361999999998e+10,26458,764.6361999999999
1658218235,ANKRUSDT,Buy,1,0.02885,MinusTick,067fc3b8-1497-5584-972e-fa45c2982368,2.885e+06,1,0.02885
1658218283,ANKRUSDT,Buy,17292,0.02890,PlusTick,e0d5483c-ad00-58f1-a001-44f6485e09f1,4.997388e+10,17292,499.73879999999997
1658218341,ANKRUSDT,Buy,4569,0.02895,PlusTick,d3ccc9fd-c923-5b59-839a-7ec5f1c5b3c4,1.3227255e+10,4569,132.27255
1658218355,ANKRUSDT,Sell,1,0.02895,ZeroMinusTick,ac8972d8-554c-5c66-a125-34824ef1cad6,2.895e+06,1,0.02895
1658218415,ANKRUSDT,Buy,15,0.02900,PlusTick,5d841fb3-c206-5c77-9928-ab6c4075f171,4.35e+07,15,0.435
1658218415,ANKRUSDT,Sell,1733,0.02895,MinusTick,f411dab4-4e16-50ba-bb48-855e11604ce6,5.017035e+09,1733,50.17035
1658218525,ANKRUSDT,Sell,1,0.02900,PlusTick,e0b1f202-b6bd-56a9-8952-983e180e4df0,2.9e+06,1,0.029
1658218625,ANKRUSDT,Sell,1,0.02895,MinusTick,3a176175-216d-59bb-be23-be76137418c9,2.895e+06,1,0.02895
1658218795,ANKRUSDT,Sell,4,0.02900,PlusTick,ea0d9641-a3c5-53ad-b302-fda7a54564a1,1.16e+07,4,0.116
1658218969,ANKRUSDT,Sell,6641,0.02900,ZeroMinusTick,cba3ccac-dbb6-5cb4-82fa-8cc065e317e6,1.92589e+10,6641,192.589
1658218975,ANKRUSDT,Sell,1,0.02900,ZeroMinusTick,b02beac7-2e3a-5354-9565-195b380a33a9,2.9e+06,1,0.029
1658219097,ANKRUSDT,Buy,250,0.02900,ZeroMinusTick,1ac9a3f7-9cf1-5320-8c21-65b3c2c5bce5,7.25e+08,250,7.25
1658219113,ANKRUSDT,Buy,100,0.02900,ZeroMinusTick,01891507-773c-5b3f-aea1-03c11fe3f646,2.9000000000000006e+08,100,2.9000000000000004
1658219155,ANKRUSDT,Sell,3,0.02900,ZeroMinusTick,0b98e919-5201-5e47-9d4d-f130bc2bcc65,8.7e+06,3,0.08700000000000001
1658219335,ANKRUSDT,Sell,4,0.02895,MinusTick,30ebb09c-7b9e-5cc1-af46-898add11f1e5,1.158e+07,4,0.1158
1658219341,ANKRUSDT,Sell,31,0.02895,ZeroMinusTick,d6351a06-5039-512b-9cc9-6c349b6a1a77,8.9745e+07,31,0.89745
1658219341,ANKRUSDT,Sell,27210,0.02895,ZeroMinusTick,09b79266-0fea-56ce-9233-8a18d948a406,7.877295e+10,27210,787.7295
1658219522,ANKRUSDT,Sell,567,0.02905,PlusTick,78172a8e-2d09-54e2-9bb0-24957c194050,1.647135e+09,567,16.47135
1658219535,ANKRUSDT,Buy,17,0.02905,ZeroMinusTick,67a9f865-becb-51fb-926f-2159c4f75f15,4.9385e+07,17,0.49385
1658219595,ANKRUSDT,Sell,9,0.02900,MinusTick,6437f99a-6506-5884-b80a-c5ba40247ee6,2.61e+07,9,0.261
1658219775,ANKRUSDT,Sell,1,0.02905,PlusTick,e7595f07-b2d6-5626-b089-1d6bf2bd54ce,2.905e+06,1,0.02905
1658219915,ANKRUSDT,Buy,15,0.02910,PlusTick,697b9a48-8935-509a-91a3-f2a314ddf0b1,4.365e+07,15,0.4365
1658219933,ANKRUSDT,Sell,8807,0.02905,MinusTick,81345a2b-502c-541e-ac8b-34de5e1cdee7,2.5584335e+10,8807,255.84335
1658220055,ANKRUSDT,Sell,1,0.02905,ZeroMinusTick,8c7f8752-b450-5b48-900a-397e8a03942a,2.905e+06,1,0.02905
1658220225,ANKRUSDT,Sell,7,0.02910,PlusTick,4a488ea0-87e9-5b4e-b503-f30ebddd2dde,2.037e+07,7,0.2037
1658220286,ANKRUSDT,Sell,10355,0.02910,ZeroMinusTick,508cf8fc-3a0d-5637-a947-f240f4380f1d,3.0133050000000004e+10,10355,301.33050000000003
1658220286,ANKRUSDT,Sell,15000,0.02910,ZeroMinusTick,40265da7-cd72-55c1-880a-8a523a07138d,4.365e+10,15000,436.5
1658220286,ANKRUSDT,Sell,16662,0.02905,MinusTick,a08ee751-5754-52e9-ac0f-a611e515c055,4.840311e+10,16662,484.0311
1658220325,ANKRUSDT,Buy,17176,0.02910,PlusTick,584da979-11e0-57f0-b103-c666837af6e3,4.998216e+10,17176,499.8216
1658220415,ANKRUSDT,Sell,1,0.02910,ZeroMinusTick,91751e81-61a0-5455-860e-a44a10c24c8c,2.91e+06,1,0.0291
1658220605,ANKRUSDT,Buy,19,0.02910,ZeroMinusTick,f1b0304d-dc1b-5d02-bb4e-aa1a3215d5db,5.529000000000001e+07,19,0.5529000000000001
1658220617,ANKRUSDT,Buy,17152,0.02910,ZeroMinusTick,c8a6ee92-760e-5e65-8fb9-44f91b8ba342,4.991232e+10,17152,499.1232
1658220705,ANKRUSDT,Buy,16,0.02915,PlusTick,926de555-9aba-58df-80ed-c9ad2b3a2bbc,4.664e+07,16,0.4664
1658220885,ANKRUSDT,Sell,1,0.02910,MinusTick,11130d5b-e60a-5181-8744-9877d21d1b36,2.91e+06,1,0.0291
1658220898,ANKRUSDT,Sell,14999,0.02910,ZeroMinusTick,e7f53765-ebd4-5950-9417-449f5065c833,4.364709e+10,14999,436.47090000000003
1658220952,ANKRUSDT,Sell,15000,0.02910,ZeroMinusTick,eb824bf4-2e06-5c7a-8a3a-08bb417cae68,4.365e+10,15000,436.5
1658221007,ANKRUSDT,Sell,15000,0.02920,PlusTick,eaeed2f5-90f5-5711-874e-c6aeaf982aff,4.38e+10,15000,438
1658221007,ANKRUSDT,Sell,3460,0.02920,ZeroMinusTick,c884641c-139d-531b-90fd-bef94d94d4f6,1.01032e+10,3460,101.032
1658221085,ANKRUSDT,Sell,1,0.02920,ZeroMinusTick,128a3bb7-6e1d-5b9d-8335-464bbc07b62c,2.92e+06,1,0.0292
1658221115,ANKRUSDT,Sell,100,0.02920,ZeroMinusTick,7f130726-eb67-5d57-a45b-a851e8890e20,2.92e+08,100,2.92
1658221128,ANKRUSDT,Buy,5827,0.02925,PlusTick,f4f949b9-61ec-51fb-88d4-19616d7ebba6,1.7043975e+10,5827,170.43975
1658221167,ANKRUSDT,Buy,40,0.02935,PlusTick,70da363b-3c8b-55cc-af04-8905cf31cfd8,1.174e+08,40,1.174
1658221175,ANKRUSDT,Buy,20,0.02935,ZeroMinusTick,fb507495-1022-523e-aaa5-47209fc6dc28,5.87e+07,20,0.587
1658221176,ANKRUSDT,Sell,15000,0.02930,MinusTick,57216f0b-07f1-553c-ad71-0943e135c4fc,4.395e+10,15000,439.5
1658221262,ANKRUSDT,Buy,17059,0.02930,ZeroMinusTick,3a3ff6bb-0742-5c7f-863c-a2f44d542567,4.998287e+10,17059,499.82869999999997
1658221262,ANKRUSDT,Buy,15000,0.02930,ZeroMinusTick,bd79927d-22bf-50ff-affa-546b5ce32b0e,4.395e+10,15000,439.5
1658221262,ANKRUSDT,Buy,5530,0.02935,PlusTick,60222ef9-46e7-5d7c-a769-d9d4cefb148f,1.623055e+10,5530,162.3055
1658221285,ANKRUSDT,Sell,10,0.02930,MinusTick,973499d3-d64a-58cb-91cb-a2e6d813ebea,2.93e+07,10,0.293
1658221354,ANKRUSDT,Sell,1822,0.02935,PlusTick,f2d109b7-988c-5d49-824b-a769b7ca3a81,5.34757e+09,1822,53.4757
1658221455,ANKRUSDT,Buy,2,0.02935,ZeroMinusTick,758ed374-cca7-5a81-b2cf-ad329c0eb91b,5.87e+06,2,0.0587
1658221479,ANKRUSDT,Buy,4808,0.02935,ZeroMinusTick,df8d2ee2-5e2a-577f-8774-228a93828a9e,1.411148e+10,4808,141.1148
1658221479,ANKRUSDT,Buy,22317,0.02935,ZeroMinusTick,b2135f2f-4f49-5ddf-b3d9-24c136b5b4df,6.5500395e+10,22317,655.00395
1658221479,ANKRUSDT,Buy,1663,0.02935,ZeroMinusTick,cf556428-71ae-52d8-8e61-5c1c4db222ee,4.880905e+09,1663,48.80905
1658221479,ANKRUSDT,Buy,2460,0.02935,ZeroMinusTick,08829d58-8008-5929-a9c3-97edc411b35c,7.220100000000001e+09,2460,72.20100000000001
1658221479,ANKRUSDT,Buy,4446,0.02935,ZeroMinusTick,df415737-8aa6-5e54-8781-ae1eb76ad2ea,1.3049010000000002e+10,4446,130.4901
1658221511,ANKRUSDT,Buy,12,0.02940,PlusTick,56c2044b-9d88-5ede-b1d0-bfbc897871d5,3.528e+07,12,0.3528
1658221524,ANKRUSDT,Sell,88,0.02940,ZeroMinusTick,ec6ef5f7-fca2-57d7-881b-0e1f78ce529f,2.5871999999999997e+08,88,2.5871999999999997
1658221533,ANKRUSDT,Sell,33,0.02940,ZeroMinusTick,d5b7afd1-6479-566c-a24a-8523746a9cd1,9.702e+07,33,0.9702
1658221540,ANKRUSDT,Sell,313,0.02940,ZeroMinusTick,e9f7aa3e-9b32-5c98-9f94-5608367e5936,9.2022e+08,313,9.2022
1658221545,ANKRUSDT,Sell,1,0.02940,ZeroMinusTick,cacd46cc-c48b-5bba-b63b-b4e0a4677ddd,2.94e+06,1,0.0294
1658221558,ANKRUSDT,Sell,290,0.02940,ZeroMinusTick,df7c4cee-bcd2-5f57-b154-9b443868d776,8.526e+08,290,8.526
1658221575,ANKRUSDT,Sell,47,0.02940,ZeroMinusTick,1ee04c49-39ef-531d-8b12-a16e566f8540,1.3818e+08,47,1.3818
1658221584,ANKRUSDT,Sell,70,0.02940,ZeroMinusTick,4e866be9-7b0a-5d9b-ac04-044c99881ad2,2.0579999999999997e+08,70,2.058
1658221591,ANKRUSDT,Buy,20696,0.02940,ZeroMinusTick,2e5d801d-7d2b-5116-a8a2-64e9cc976f43,6.084624e+10,20696,608.4624
1658221591,ANKRUSDT,Buy,3155,0.02940,ZeroMinusTick,ec20375f-ac3f-5731-89c5-5c33275e7d8b,9.2757e+09,3155,92.75699999999999
1658221635,ANKRUSDT,Buy,3,0.02945,PlusTick,c1db5032-d906-5de1-a6cb-000003d7c290,8.835e+06,3,0.08835
1658221793,ANKRUSDT,Sell,20696,0.02935,MinusTick,5628fb4b-5ec7-51d4-92f5-9ff7f88a12f4,6.074276e+10,20696,607.4276
1658221799,ANKRUSDT,Buy,15000,0.02935,ZeroMinusTick,168491f3-7f67-5075-ade6-bbbd6ff6a3af,4.4025e+10,15000,440.25
1658221835,ANKRUSDT,Sell,6,0.02940,PlusTick,6b4b75f4-8efa-5c47-bbfa-a6572167f4a7,1.764e+07,6,0.1764
1658221922,ANKRUSDT,Sell,925,0.02940,ZeroMinusTick,756c1bde-1853-51fa-947b-b6744116a0c4,2.7195e+09,925,27.195
1658221953,ANKRUSDT,Buy,22554,0.02945,PlusTick,7a23e7b3-c671-5f2e-b22e-7ca8f4360a63,6.642152999999999e+10,22554,664.2153
1658221965,ANKRUSDT,Buy,17,0.02945,ZeroMinusTick,6314f31b-8e0d-59d8-b2d0-821a122642c9,5.006500000000001e+07,17,0.50065
1658221975,ANKRUSDT,Sell,4903,0.02945,ZeroMinusTick,9acc81a4-9920-5e24-b1d9-720419d78d3f,1.4439335e+10,4903,144.39335
1658221975,ANKRUSDT,Sell,7585,0.02945,ZeroMinusTick,8f9dc4a7-115b-59e4-adea-ff258e247a49,2.2337825e+10,7585,223.37825
1658221976,ANKRUSDT,Sell,6628,0.02945,ZeroMinusTick,c5c46d19-42ae-5912-9155-10a347c76576,1.951946e+10,6628,195.1946
1658221985,ANKRUSDT,Sell,787,0.02945,ZeroMinusTick,ac0e0b29-11cb-532c-8bd6-1ec1143267c3,2.317715e+09,787,23.17715
1658221989,ANKRUSDT,Buy,925,0.02950,PlusTick,93d956de-e24b-580b-8c38-a1d726e26c39,2.72875e+09,925,27.287499999999998
1658221989,ANKRUSDT,Sell,336,0.02945,MinusTick,df9b9156-ad3a-5db1-8fdb-8a8c28310858,9.895200000000001e+08,336,9.8952
1658222000,ANKRUSDT,Sell,276,0.02945,ZeroMinusTick,73a3dc80-3628-5a91-9740-d21c206e13ef,8.1282e+08,276,8.1282
1658222020,ANKRUSDT,Sell,193,0.02945,ZeroMinusTick,69c3822a-90a6-5cee-8485-c5b2889a5a5a,5.68385e+08,193,5.6838500000000005
1658222025,ANKRUSDT,Sell,388,0.02945,ZeroMinusTick,d88b113d-2f28-5b2a-b7eb-f4440c781b62,1.14266e+09,388,11.4266
1658222040,ANKRUSDT,Sell,41,0.02945,ZeroMinusTick,33722489-dfa4-5f7c-bd7b-bb8ee743a48b,1.2074499999999999e+08,41,1.20745
1658222051,ANKRUSDT,Sell,18,0.02945,ZeroMinusTick,3e9ed171-ddcd-5e4f-bf42-2edca724bb07,5.301e+07,18,0.5301
1658222068,ANKRUSDT,Sell,3415,0.02945,ZeroMinusTick,fe320629-c026-5227-a280-406694567247,1.0057175e+10,3415,100.57175000000001
1658222072,ANKRUSDT,Sell,3415,0.02940,MinusTick,c5ef9893-94c1-581f-b58c-a3cdd15d9cdf,1.00401e+10,3415,100.401
1658222095,ANKRUSDT,Buy,10,0.02940,ZeroMinusTick,8caae9db-9d43-56e3-b050-c35f947fc41f,2.94e+07,10,0.294
1658222100,ANKRUSDT,Buy,11325,0.02940,ZeroMinusTick,830e586d-7d65-5073-89cf-ec161b1fbc94,3.32955e+10,11325,332.955
1658222100,ANKRUSDT,Buy,4097,0.02940,ZeroMinusTick,b05b5af7-0c4a-52bd-90f6-49a5b62a5e59,1.204518e+10,4097,120.45179999999999
1658222100,ANKRUSDT,Buy,1,0.02940,ZeroMinusTick,2d1a68ac-5d74-5154-a09b-4a864cdabd49,2.94e+06,1,0.0294
1658222185,ANKRUSDT,Sell,6,0.02935,MinusTick,cf90da0a-f175-5805-aff0-052b6ebada38,1.761e+07,6,0.1761
1658222223,ANKRUSDT,Sell,919,0.02935,ZeroMinusTick,7200a1b2-683e-5cbe-8840-67d72378ecda,2.697265e+09,919,26.97265
1658222315,ANKRUSDT,Buy,1,0.02940,PlusTick,50b21f4a-8234-5ae4-9a04-bd42d7cb89f2,2.94e+06,1,0.0294
1658222406,ANKRUSDT,Sell,5,0.02940,ZeroMinusTick,286ccfb6-7310-50bf-99a8-db33dc3a605e,1.47e+07,5,0.147
1658222440,ANKRUSDT,Sell,2700,0.02940,ZeroMinusTick,5b70cd77-0115-5efd-827b-264a56df4316,7.938e+09,2700,79.38
1658222456,ANKRUSDT,Sell,3,0.02940,ZeroMinusTick,73f02575-4600-5cf1-8151-0ba533ca7e0f,8.82e+06,3,0.0882
1658222466,ANKRUSDT,Sell,6639,0.02940,ZeroMinusTick,8e6e0438-b624-5c70-b90f-3de268c545b2,1.951866e+10,6639,195.1866
1658222485,ANKRUSDT,Buy,9,0.02950,PlusTick,a89634b0-1088-51c7-a790-3d9cce977437,2.6549999999999996e+07,9,0.26549999999999996
1658222489,ANKRUSDT,Sell,1,0.02945,MinusTick,44de2ef5-ea75-5eb3-9556-17094f33956f,2.945e+06,1,0.02945
1658222500,ANKRUSDT,Sell,28,0.02945,ZeroMinusTick,43407390-e810-5039-8d2c-a678af05bb72,8.246e+07,28,0.8246
1658222505,ANKRUSDT,Sell,14,0.02945,ZeroMinusTick,7c94794c-2c14-5562-93ea-7a57f16918fb,4.123e+07,14,0.4123
1658222508,ANKRUSDT,Sell,47,0.02945,ZeroMinusTick,0ae4fff8-99fe-5e59-b970-4d5ebdc830fe,1.38415e+08,47,1.38415
1658222517,ANKRUSDT,Sell,3400,0.02945,ZeroMinusTick,57d85748-de60-5a9c-87e7-7706d132a889,1.0013e+10,3400,100.13
1658222522,ANKRUSDT,Buy,43760,0.02950,PlusTick,fe22aba3-487a-5b87-90c0-0a1224608973,1.2909199999999998e+11,43760,1290.9199999999998
1658222522,ANKRUSDT,Buy,18926,0.02950,ZeroMinusTick,9d897c67-b2db-5633-b5e2-17884ab42413,5.58317e+10,18926,558.317
1658222537,ANKRUSDT,Sell,45,0.02945,MinusTick,cab3f725-a74d-5a9a-8a0d-b7595b5cbff2,1.32525e+08,45,1.32525
1658222538,ANKRUSDT,Buy,16988,0.02950,PlusTick,0f2d8d72-d4fd-58b9-9a60-22938b9988e2,5.011459999999999e+10,16988,501.14599999999996
1658222542,ANKRUSDT,Buy,3651,0.02955,PlusTick,ea7b89e9-0f77-52bc-89a4-c00f9669e65c,1.0788705e+10,3651,107.88705
1658222542,ANKRUSDT,Buy,123,0.02955,ZeroMinusTick,41840645-37c5-5ecd-ab93-1121181c80d3,3.63465e+08,123,3.63465
1658222542,ANKRUSDT,Buy,374,0.02955,ZeroMinusTick,dee48690-2767-5f59-872e-59f2a842678d,1.10517e+09,374,11.0517
1658222542,ANKRUSDT,Buy,1,0.02955,ZeroMinusTick,6afb4603-c22c-5a84-a7d5-d1ae09d828fd,2.955e+06,1,0.02955
1658222560,ANKRUSDT,Buy,166,0.02960,PlusTick,39ad348a-9f17-54ac-a29a-6ed45aae7d32,4.9136000000000006e+08,166,4.913600000000001
1658222560,ANKRUSDT,Buy,1765,0.02960,ZeroMinusTick,9792b798-bcc0-5477-a00c-1f6615ed39c4,5.2244e+09,1765,52.244
1658222560,ANKRUSDT,Buy,12601,0.02960,ZeroMinusTick,59745253-f665-594e-a0a2-d79faad5fe41,3.729896e+10,12601,372.9896
1658222560,ANKRUSDT,Buy,26422,0.02960,ZeroMinusTick,113a535b-e81f-5a75-b04b-f2fdb774ce4d,7.820912e+10,26422,782.0912000000001
1658222560,ANKRUSDT,Buy,25275,0.02965,PlusTick,fb575ea2-107d-5cca-a922-6578b5483994,7.4940375e+10,25275,749.40375
1658222560,ANKRUSDT,Buy,12051,0.02965,ZeroMinusTick,036ebe37-7c38-5194-9878-a4a34dfbfa5c,3.5731215e+10,12051,357.31215
1658222560,ANKRUSDT,Buy,12294,0.02965,ZeroMinusTick,3b2adf74-ad9a-5f0e-9abb-37c5039ad7f0,3.645171e+10,12294,364.51709999999997
1658222560,ANKRUSDT,Sell,4569,0.02960,MinusTick,f0f89f42-e043-5ef5-ac0d-bc74e6509352,1.352424e+10,4569,135.2424
1658222564,ANKRUSDT,Sell,15,0.02960,ZeroMinusTick,0b30ffaf-5df3-5936-9e30-adf13386e059,4.44e+07,15,0.444
1658222568,ANKRUSDT,Sell,276,0.02960,ZeroMinusTick,d28c2438-92e1-5ce3-9ec9-09e79f8cacac,8.169600000000001e+08,276,8.1696
1658222573,ANKRUSDT,Sell,2100,0.02960,ZeroMinusTick,d1d60d98-0e94-5cac-9935-af4943de9a06,6.216e+09,2100,62.160000000000004
1658222581,ANKRUSDT,Buy,13736,0.02960,ZeroMinusTick,f003feec-d350-5787-a27a-f8b380b8150c,4.065856e+10,13736,406.5856
1658222581,ANKRUSDT,Buy,6554,0.02960,ZeroMinusTick,6c4a0d9c-be9f-5c52-a957-06105211ea15,1.939984e+10,6554,193.9984
1658222581,ANKRUSDT,Buy,11078,0.02960,ZeroMinusTick,2ea6543d-5c0f-5734-b97b-fbdc2ea8cd76,3.2790880000000004e+10,11078,327.90880000000004
1658222585,ANKRUSDT,Sell,36,0.02960,ZeroMinusTick,cd6b4448-729e-59bb-839b-3f61bdaa84f2,1.0656000000000001e+08,36,1.0656
1658222611,ANKRUSDT,Sell,18,0.02960,ZeroMinusTick,46c258c6-6924-5533-95da-7104df51c2fc,5.328000000000001e+07,18,0.5328
1658222613,ANKRUSDT,Sell,48,0.02960,ZeroMinusTick,e874687f-d74f-5915-a1f2-8757a4255c00,1.4208e+08,48,1.4208
1658222635,ANKRUSDT,Sell,1,0.02960,ZeroMinusTick,b568a7cc-9ba1-559c-b7c3-2df71622241a,2.96e+06,1,0.0296
1658222658,ANKRUSDT,Sell,393,0.02960,ZeroMinusTick,afe19998-97be-500d-a010-676e3538dcd9,1.1632800000000002e+09,393,11.632800000000001
1658222665,ANKRUSDT,Sell,35,0.02960,ZeroMinusTick,1c7eba37-db89-5577-8ff4-eaf18015f4d5,1.036e+08,35,1.036
1658222667,ANKRUSDT,Sell,3100,0.02960,ZeroMinusTick,ba3fdcaf-6f6d-5eab-8be9-84ee8f18f30d,9.176e+09,3100,91.76
1658222677,ANKRUSDT,Sell,43,0.02960,ZeroMinusTick,c830a593-a87b-59da-93f1-858a78d26dcc,1.2728000000000001e+08,43,1.2728000000000002
1658222679,ANKRUSDT,Sell,315,0.02965,PlusTick,b140eb14-96ce-5379-9f50-9a29085ad27a,9.33975e+08,315,9.33975
1658222687,ANKRUSDT,Sell,272,0.02965,ZeroMinusTick,848d51b0-c2c6-5263-a8c5-8de4451fd2fa,8.0648e+08,272,8.0648
1658222692,ANKRUSDT,Sell,14728,0.02965,ZeroMinusTick,60598d52-5041-564f-a98d-6cc5f2d251ce,4.366852e+10,14728,436.6852
1658222705,ANKRUSDT,Buy,17,0.02965,ZeroMinusTick,99ec5de9-8879-5b43-b7b7-b09aad0926e2,5.0405e+07,17,0.50405
1658222725,ANKRUSDT,Buy,17,0.02960,MinusTick,646ca207-1fd5-56a8-9687-a70e67ca6d33,5.032e+07,17,0.5032
1658222734,ANKRUSDT,Buy,20,0.02960,ZeroMinusTick,552909f8-43e6-5896-a8f7-f2f3487f7b10,5.920000000000001e+07,20,0.5920000000000001
1658222741,ANKRUSDT,Sell,14,0.02960,ZeroMinusTick,5f43dc16-5b3b-5cc7-a386-625c18b1876a,4.144e+07,14,0.4144
1658222744,ANKRUSDT,Sell,300,0.02960,ZeroMinusTick,565672b9-059c-5fce-b006-36bc22a58f33,8.880000000000001e+08,300,8.88
1658222755,ANKRUSDT,Buy,16,0.02965,PlusTick,1abd3c35-3513-5a23-a884-e7448384d2af,4.744e+07,16,0.4744
1658222762,ANKRUSDT,Buy,46,0.02965,ZeroMinusTick,00038d4a-c84b-5c69-86ef-b950df2d1ee2,1.3639e+08,46,1.3639
1658222774,ANKRUSDT,Buy,20,0.02965,ZeroMinusTick,e1f26707-eda1-51ee-ba76-85587b9e6429,5.93e+07,20,0.593
1658222810,ANKRUSDT,Sell,176,0.02970,PlusTick,9bc1a383-351a-5c0e-ae59-7f087d12e4c3,5.2272e+08,176,5.2272
1658222819,ANKRUSDT,Sell,100,0.02970,ZeroMinusTick,64ba4700-21af-5933-9e18-00bec4989e7e,2.97e+08,100,2.97
1658222825,ANKRUSDT,Buy,919,0.02975,PlusTick,a34caa7c-69f5-5124-ae91-97a58810879c,2.7340249999999995e+09,919,27.340249999999997
1658222831,ANKRUSDT,Sell,1659,0.02970,MinusTick,cebbb3c3-8c2b-5946-91f8-b1574af49357,4.92723e+09,1659,49.2723
1658222834,ANKRUSDT,Sell,41,0.02970,ZeroMinusTick,87ba9fbe-93ad-56e7-bab4-881ba686fbae,1.2177e+08,41,1.2177
1658222847,ANKRUSDT,Sell,2300,0.02970,ZeroMinusTick,024a1822-6145-59c7-8f8c-c0467933a6f6,6.831e+09,2300,68.31
1658222852,ANKRUSDT,Sell,10724,0.02970,ZeroMinusTick,3a573331-3cb4-505b-81b5-a5092c870c41,3.1850279999999996e+10,10724,318.5028
1658222852,ANKRUSDT,Sell,12963,0.02970,ZeroMinusTick,18831af6-9b63-5f0e-826f-765d5b1fb596,3.850011e+10,12963,385.0011
1658222865,ANKRUSDT,Sell,20,0.02965,MinusTick,1e3eb6b6-5208-5664-8793-52267fef2a98,5.93e+07,20,0.593
1658222865,ANKRUSDT,Sell,7480,0.02965,ZeroMinusTick,ef0a2a3c-6d1a-51bb-a7b1-b26c14ebff77,2.21782e+10,7480,221.78199999999998
1658222865,ANKRUSDT,Buy,19,0.02970,PlusTick,c818265d-7ef5-5657-b517-d5f05d7be100,5.643e+07,19,0.5643
1658222890,ANKRUSDT,Sell,9,0.02970,ZeroMinusTick,bd6b16b5-b611-55d7-ad75-c5324dd07ead,2.673e+07,9,0.2673
1658222890,ANKRUSDT,Sell,9753,0.02970,ZeroMinusTick,9f7d326a-ba68-5a11-9e9f-0dccf6702cb6,2.896641e+10,9753,289.6641
1658222890,ANKRUSDT,Sell,5238,0.02970,ZeroMinusTick,d92fa550-eb16-593b-9880-9b13b511c7d5,1.555686e+10,5238,155.5686
1658222919,ANKRUSDT,Buy,2734,0.02975,PlusTick,1865652d-65bf-51bf-a280-934d24bd461b,8.13365e+09,2734,81.3365
1658222919,ANKRUSDT,Buy,440,0.02975,ZeroMinusTick,b700e3cc-800e-5f12-98d9-32724660934b,1.309e+09,440,13.09
1658222919,ANKRUSDT,Buy,3758,0.02975,ZeroMinusTick,7176ea35-1699-5220-8563-46a362f475ce,1.118005e+10,3758,111.8005
1658222919,ANKRUSDT,Buy,46,0.02975,ZeroMinusTick,7599dc19-919d-5058-82ab-57ee80749840,1.3685e+08,46,1.3685
1658222919,ANKRUSDT,Buy,4,0.02980,PlusTick,cd9df738-f206-590a-9564-64557512cb00,1.192e+07,4,0.1192
1658222919,ANKRUSDT,Buy,1303,0.02980,ZeroMinusTick,11b91b36-d18e-5e29-81fc-e9a34ea306bb,3.88294e+09,1303,38.8294
1658222919,ANKRUSDT,Buy,61901,0.02980,ZeroMinusTick,1aca82d0-e69b-524d-b86d-822630bdd004,1.8446498e+11,61901,1844.6498
1658222924,ANKRUSDT,Sell,163,0.02975,MinusTick,59504fb1-2cf2-51e5-9840-d11627086867,4.8492499999999994e+08,163,4.84925
1658222933,ANKRUSDT,Sell,37,0.02975,ZeroMinusTick,5f5eee6e-a0a8-5bc1-9153-dcecfd58cb8c,1.1007499999999999e+08,37,1.10075
1658222944,ANKRUSDT,Sell,200,0.02975,ZeroMinusTick,6433972e-46ad-5de1-8af1-97c34e035784,5.949999999999999e+08,200,5.949999999999999
1658222964,ANKRUSDT,Sell,1100,0.02975,ZeroMinusTick,414f00cc-009a-5c55-a20c-9f5f96adcf6a,3.2725e+09,1100,32.725
1658222968,ANKRUSDT,Sell,3162,0.02975,ZeroMinusTick,d98cff54-6a4a-5991-b8dd-b92ebf8c21a1,9.40695e+09,3162,94.06949999999999
1658222989,ANKRUSDT,Sell,47,0.02980,PlusTick,65a7d853-4f60-57f8-9cca-4ceec0aacbc7,1.4006e+08,47,1.4006
1658223000,ANKRUSDT,Buy,1,0.02985,PlusTick,b8105df5-a710-5065-9dce-19995c500078,2.985e+06,1,0.02985
1658223000,ANKRUSDT,Buy,99,0.02985,ZeroMinusTick,ea8a5ad8-ed01-58c7-858b-b60b8d2bef23,2.95515e+08,99,2.95515
1658223000,ANKRUSDT,Buy,3651,0.02985,ZeroMinusTick,a5bd99cb-3bfa-548f-bab8-0bc872fb9f72,1.0898235000000002e+10,3651,108.98235000000001
1658223000,ANKRUSDT,Buy,141,0.02985,ZeroMinusTick,a280c976-1394-5127-b912-a4ecc4ee6682,4.20885e+08,141,4.20885
1658223000,ANKRUSDT,Sell,27368,0.02985,ZeroMinusTick,8fb0545a-eef2-5286-aeae-62b2e8badbaf,8.169348e+10,27368,816.9348
1658223000,ANKRUSDT,Sell,15000,0.02985,ZeroMinusTick,7fe94975-87d7-5e7a-ba42-a825049425c3,4.4775e+10,15000,447.75
1658223000,ANKRUSDT,Sell,42368,0.02985,ZeroMinusTick,fac7e58d-059f-5df7-b134-0f1927059d5c,1.2646848e+11,42368,1264.6848
1658223000,ANKRUSDT,Sell,32695,0.02985,ZeroMinusTick,e99940cd-4fee-51d8-8fff-06beded55199,9.759457500000002e+10,32695,975.9457500000001
1658223000,ANKRUSDT,Buy,9481,0.02985,ZeroMinusTick,5bf22fde-3630-5975-9497-3656d1a1901c,2.8300785e+10,9481,283.00785
1658223003,ANKRUSDT,Buy,1,0.02985,ZeroMinusTick,6648bea8-906b-5397-860b-6e9501f13b8d,2.985e+06,1,0.02985
1658223007,ANKRUSDT,Sell,7500,0.02985,ZeroMinusTick,979b26ab-57fe-5672-a113-92c3c437f4f4,2.23875e+10,7500,223.875
1658223008,ANKRUSDT,Sell,7500,0.02985,ZeroMinusTick,06ed6265-49b7-573c-9370-5d27cd55d0d1,2.23875e+10,7500,223.875
1658223008,ANKRUSDT,Sell,1595,0.02985,ZeroMinusTick,183eed53-bb0b-5cbc-9941-f1deb69cfebe,4.761075e+09,1595,47.61075
1658223045,ANKRUSDT,Buy,19,0.02985,ZeroMinusTick,81570246-393f-5cbc-819a-4c6f324622ab,5.671500000000001e+07,19,0.56715
1658223062,ANKRUSDT,Sell,3,0.02985,ZeroMinusTick,e3500d06-77df-5a4c-a0d1-9e471f2ecba3,8.955e+06,3,0.08955
1658223067,ANKRUSDT,Sell,321,0.02985,ZeroMinusTick,3614bdad-a643-5a0e-8e4d-e73cc4b1799f,9.581850000000001e+08,321,9.581850000000001
1658223083,ANKRUSDT,Buy,8578,0.02980,MinusTick,e6280c18-f912-5e89-a0e3-8a18a277db10,2.556244e+10,8578,255.6244
1658223120,ANKRUSDT,Sell,8704,0.02980,ZeroMinusTick,366469fa-3654-56c1-ae6d-02d6e968ebaf,2.5937920000000004e+10,8704,259.3792
1658223130,ANKRUSDT,Sell,9,0.02980,ZeroMinusTick,997347e1-f4e3-570f-adf0-3bb0251a98e9,2.682e+07,9,0.2682
1658223132,ANKRUSDT,Sell,1000,0.02980,ZeroMinusTick,55380cb9-4664-56dd-a79b-5ac6cdc9a95a,2.98e+09,1000,29.8
1658223135,ANKRUSDT,Sell,13991,0.02980,ZeroMinusTick,af080925-e562-52c4-98b4-f9126621e15c,4.169318e+10,13991,416.9318
1658223150,ANKRUSDT,Sell,14,0.02980,ZeroMinusTick,9f8f6f96-3597-5784-a5d6-982e7d8e95fd,4.172e+07,14,0.4172
1658223163,ANKRUSDT,Sell,352,0.02980,ZeroMinusTick,04041c73-79bc-5f28-9aa9-b6e78aaab753,1.0489599999999999e+09,352,10.4896
1658223168,ANKRUSDT,Sell,800,0.02980,ZeroMinusTick,802233aa-6b7e-5218-8bfc-842fe31ee183,2.384e+09,800,23.84
1658223175,ANKRUSDT,Buy,14,0.02985,PlusTick,335c919f-165d-5142-ad6e-3de1a0a30d0b,4.179000000000001e+07,14,0.41790000000000005
1658223186,ANKRUSDT,Sell,11,0.02980,MinusTick,7a36819e-5edf-537d-8b65-1bd842b3e3e9,3.2779999999999996e+07,11,0.3278
1658223208,ANKRUSDT,Sell,229,0.02980,ZeroMinusTick,71419879-bc9b-531c-b91f-581fc863878a,6.8242e+08,229,6.8242
1658223225,ANKRUSDT,Buy,6,0.02980,ZeroMinusTick,e89befb1-e538-5a15-8a11-781c76240ae1,1.788e+07,6,0.17880000000000001
1658223255,ANKRUSDT,Buy,6,0.02980,ZeroMinusTick,4acd0dec-b6d3-590a-b979-2f29ffdf5c31,1.788e+07,6,0.17880000000000001
1658223329,ANKRUSDT,Sell,31,0.02975,MinusTick,48fe3d9b-479c-57ff-905b-2e1911c9aa5e,9.2225e+07,31,0.92225
1658223344,ANKRUSDT,Sell,31,0.02965,MinusTick,3aaa9fc2-29bf-5105-91ea-abd19db4db36,9.1915e+07,31,0.91915
1658223371,ANKRUSDT,Sell,46,0.02970,PlusTick,afd5c5df-a214-56de-a86c-a72699e30138,1.3662e+08,46,1.3662
1658223376,ANKRUSDT,Sell,55,0.02970,ZeroMinusTick,a0b97673-2ebd-57a7-9edb-6413cdf76d41,1.6335e+08,55,1.6335
1658223380,ANKRUSDT,Sell,2200,0.02970,ZeroMinusTick,fdb1d1cc-d80e-54bb-8ce1-e789773afcef,6.534e+09,2200,65.34
1658223387,ANKRUSDT,Sell,30,0.02970,ZeroMinusTick,45aefcfe-8b08-5f71-bd40-63f1f05de22d,8.91e+07,30,0.891
1658223398,ANKRUSDT,Sell,2500,0.02970,ZeroMinusTick,841b66ca-328f-5d20-a571-9372a86fc3de,7.425e+09,2500,74.25
1658223413,ANKRUSDT,Sell,41,0.02970,ZeroMinusTick,3d5e8299-5623-5dbf-93e7-59cd0716fd4f,1.2177e+08,41,1.2177
1658223415,ANKRUSDT,Buy,13,0.02975,PlusTick,27ab8955-db6f-58b7-91fb-165f89eb4fdb,3.8675e+07,13,0.38675
1658223422,ANKRUSDT,Sell,55,0.02970,MinusTick,31934cb8-3fb2-5f5d-8cb3-8849d03eb9ea,1.6335e+08,55,1.6335
1658223432,ANKRUSDT,Buy,217,0.02975,PlusTick,15e63198-e2cf-58ed-a91b-5e83597bb12f,6.45575e+08,217,6.45575
1658223433,ANKRUSDT,Buy,217,0.02975,ZeroMinusTick,0552b9fd-2ae2-5aeb-afc9-82d23ea00673,6.45575e+08,217,6.45575
1658223433,ANKRUSDT,Buy,217,0.02975,ZeroMinusTick,e0367733-050c-53c7-a74b-04482137c060,6.45575e+08,217,6.45575
1658223433,ANKRUSDT,Buy,217,0.02975,ZeroMinusTick,3ca10025-4b57-5365-93f2-c52f79a9af86,6.45575e+08,217,6.45575
1658223437,ANKRUSDT,Buy,2678,0.02975,ZeroMinusTick,4d725ac0-9cee-5f56-a04c-74c0776e4615,7.967049999999999e+09,2678,79.67049999999999
1658223437,ANKRUSDT,Buy,2574,0.02975,ZeroMinusTick,9074e3aa-e694-5b78-8bab-2e7f4d41b7ad,7.65765e+09,2574,76.5765
