timestamp,symbol,side,size,price,tickDirection,trdMatchID,grossValue,homeNotional,foreignNotional
1658102448,ANKRUSDT,Sell,37377,0.02735,ZeroMinusTick,6e81bd46-b845-5ffb-9d73-db48f3e67c58,1.02226095e+11,37377,1022.26095
1658102479,ANKRUSDT,Sell,13,0.02730,MinusTick,8da974a0-7865-5f90-8dcb-63d07fdbaf1c,3.549e+07,13,0.3549
1658102541,ANKRUSDT,Buy,37377,0.02735,PlusTick,3591f4a6-bfce-5996-98b7-0f2f1f5607c8,1.02226095e+11,37377,1022.26095
1658102599,ANKRUSDT,Buy,5000,0.02735,ZeroMinusTick,b859b504-faee-5b5d-9251-09297d101934,1.3675e+10,5000,136.75
1658102675,ANKRUSDT,Buy,17841,0.02740,PlusTick,c2f063f7-7e83-53bd-8a45-c653b1c19a90,4.888434e+10,17841,488.84340000000003
1658102709,ANKRUSDT,Sell,14,0.02740,ZeroMinusTick,42ad3334-4d36-5fbb-8551-514529f00240,3.836e+07,14,0.3836
1658102764,ANKRUSDT,Buy,17841,0.02745,PlusTick,9e12e0c7-e58d-5727-ae96-88f229c31a38,4.897354499999999e+10,17841,489.73544999999996
1658102769,ANKRUSDT,Buy,7,0.02750,PlusTick,2842265e-705e-5f5e-a784-b0f877446f59,1.925e+07,7,0.1925
1658102833,ANKRUSDT,Buy,18808,0.02750,ZeroMinusTick,3ddc83cd-3bb2-5875-8b20-9c01a6c338e8,5.1722e+10,18808,517.22
1658102879,ANKRUSDT,Buy,4,0.02755,PlusTick,c4f44720-abbe-5f20-82c3-986433840a5d,1.102e+07,4,0.1102
1658103000,ANKRUSDT,Sell,18815,0.02750,MinusTick,4504698b-a843-503e-94d0-b1b93c432cba,5.174125e+10,18815,517.4125
1658103049,ANKRUSDT,Buy,6,0.02750,ZeroMinusTick,11fec59c-5aa1-5372-95bf-ea9e7b4e6c3a,1.65e+07,6,0.165
1658103068,ANKRUSDT,Buy,18809,0.02750,ZeroMinusTick,d675c9a0-429f-5621-9145-28ac6aa1f4e0,5.172475000000001e+10,18809,517.2475000000001
1658103068,ANKRUSDT,Buy,17841,0.02750,ZeroMinusTick,beb3d1f9-5e25-5ec4-b133-66c70ea2d823,4.906275e+10,17841,490.6275
1658103077,ANKRUSDT,Buy,18815,0.02755,PlusTick,8dd91360-b8d7-5a19-bad0-85c5a7f3d2db,5.1835325e+10,18815,518.35325
1658103078,ANKRUSDT,Sell,18815,0.02755,ZeroMinusTick,773ef26c-05b8-5b88-a623-39c383eb345e,5.1835325e+10,18815,518.35325
1658103088,ANKRUSDT,Buy,36102,0.02755,ZeroMinusTick,3f0979de-085f-5cbf-bcf6-ad63f117b2ab,9.946101000000002e+10,36102,994.6101000000001
1658103121,ANKRUSDT,Buy,18815,0.02755,ZeroMinusTick,77da2a4d-5491-58a9-af42-ad1e4a77389b,5.1835325e+10,18815,518.35325
1658103129,ANKRUSDT,Buy,10,0.02760,PlusTick,cbb340a2-7ddd-594e-a47b-c329e356c87d,2.7600000000000004e+07,10,0.276
1658103225,ANKRUSDT,Sell,18815,0.02755,MinusTick,e529794d-727a-56d5-bdea-23a6662dac9d,5.1835325e+10,18815,518.35325
1658103239,ANKRUSDT,Buy,9,0.02755,ZeroMinusTick,6c0a4800-71de-5508-a385-668f60c16925,2.4795e+07,9,0.24795
1658103248,ANKRUSDT,Buy,18806,0.02755,ZeroMinusTick,089c98d9-8f85-5855-9f8b-15ef412f2833,5.181053000000001e+10,18806,518.1053
1658103399,ANKRUSDT,Sell,3,0.02750,MinusTick,c26432db-6a73-5169-800d-5ef588ae2a6c,8.25e+06,3,0.0825
1658103509,ANKRUSDT,Sell,7,0.02750,ZeroMinusTick,07eeb19c-193f-5dc8-acf1-c672c682829f,1.925e+07,7,0.1925
1658103636,ANKRUSDT,Sell,18805,0.02750,ZeroMinusTick,7378fd84-43ef-5273-80c3-5d07ae667b86,5.171375000000001e+10,18805,517.1375
1658103659,ANKRUSDT,Sell,13,0.02745,MinusTick,1dcfda7b-5e0b-5693-83fe-d91f6d291a64,3.5685e+07,13,0.35685
1658103759,ANKRUSDT,Sell,19,0.02750,PlusTick,0b6c7508-9b57-5271-bc33-aa0a66e29b8c,5.225e+07,19,0.5225
1658103765,ANKRUSDT,Buy,18815,0.02755,PlusTick,98b18c09-68cf-55ad-acab-92fe1f6fc2c5,5.1835325e+10,18815,518.35325
1658103766,ANKRUSDT,Sell,18815,0.02755,ZeroMinusTick,ea6dfc23-24c4-5c8d-86ac-0de806986ea5,5.1835325e+10,18815,518.35325
1658103766,ANKRUSDT,Sell,15000,0.02755,ZeroMinusTick,93daf6bc-3314-533f-9411-7d411b578ba5,4.1325e+10,15000,413.25
1658103772,ANKRUSDT,Buy,28292,0.02755,ZeroMinusTick,421ec909-ca64-5ce4-8bf5-11267be12dbb,7.794446e+10,28292,779.4446
1658103784,ANKRUSDT,Buy,17831,0.02760,PlusTick,38276be0-e99d-5272-a0c4-08e137bfd07d,4.921356e+10,17831,492.1356
1658103792,ANKRUSDT,Sell,18796,0.02760,ZeroMinusTick,d87d22e5-c90d-5155-bb6c-59cfda2d4caa,5.187696e+10,18796,518.7696
1658103795,ANKRUSDT,Buy,18815,0.02760,ZeroMinusTick,48be1dfa-64e7-5a0c-ae78-0c2dd94d17aa,5.19294e+10,18815,519.294
1658103795,ANKRUSDT,Buy,17841,0.02760,ZeroMinusTick,c0162698-c3ae-5bbd-bcea-062dc31d706b,4.924116e+10,17841,492.41159999999996
1658103840,ANKRUSDT,Sell,18815,0.02760,ZeroMinusTick,99494985-434e-562c-83cc-f91518031703,5.19294e+10,18815,519.294
1658103849,ANKRUSDT,Sell,13,0.02755,MinusTick,035b926d-0cef-5d16-833e-becddd3172ec,3.5815e+07,13,0.35815
1658103875,ANKRUSDT,Buy,18815,0.02760,PlusTick,4a78fd28-015b-5d24-8303-3976bc8706aa,5.19294e+10,18815,519.294
1658103933,ANKRUSDT,Buy,18814,0.02765,PlusTick,1bb27642-eaae-5564-ac4c-0a00e25b1ce3,5.202071e+10,18814,520.2071
1658103933,ANKRUSDT,Buy,1,0.02765,ZeroMinusTick,7567a041-01af-5ca7-81c2-9f08dcc4ed89,2.765e+06,1,0.02765
1658103935,ANKRUSDT,Sell,18815,0.02765,ZeroMinusTick,63036675-05b4-5d94-a03a-7cc5ef379fcf,5.2023475e+10,18815,520.23475
1658103989,ANKRUSDT,Sell,13,0.02760,MinusTick,3d34c84b-c83f-5793-8555-5e1887d0388c,3.588e+07,13,0.3588
1658104049,ANKRUSDT,Buy,5,0.02760,ZeroMinusTick,425e8651-319b-59b9-b97a-0eacbc3c3049,1.3800000000000002e+07,5,0.138
1658104109,ANKRUSDT,Sell,17,0.02755,MinusTick,bc472f9b-ebe1-56ad-bb74-c423f03189c6,4.683500000000001e+07,17,0.46835000000000004
1658104249,ANKRUSDT,Buy,8,0.02760,PlusTick,061ee416-e880-52b8-9f82-a848556cbcd2,2.208e+07,8,0.2208
1658104398,ANKRUSDT,Buy,18802,0.02760,ZeroMinusTick,4d9e4309-a40e-57d2-86fd-3520b024fdd4,5.189352e+10,18802,518.9352
1658104399,ANKRUSDT,Buy,7,0.02765,PlusTick,8f466521-8e16-522d-871c-a97628f331e1,1.9355e+07,7,0.19355
1658104415,ANKRUSDT,Buy,31588,0.02765,ZeroMinusTick,2000247b-acaf-58bd-be67-65ba5a56bee0,8.734082000000002e+10,31588,873.4082000000001
1658104452,ANKRUSDT,Sell,28092,0.02765,ZeroMinusTick,61c4eb53-b0c4-55b5-b01c-cf52f12b8ffc,7.767438000000002e+10,28092,776.7438000000001
1658104461,ANKRUSDT,Sell,1751,0.02765,ZeroMinusTick,a2abde46-d865-572d-a110-9a0f443371ac,4.841515e+09,1751,48.415150000000004
1658104461,ANKRUSDT,Sell,18815,0.02765,ZeroMinusTick,da894d3f-b217-59f4-a51f-3fadeedb0524,5.2023475e+10,18815,520.23475
1658104465,ANKRUSDT,Buy,18815,0.02765,ZeroMinusTick,92956f29-5fde-5aee-a947-43c6ec0fcdff,5.2023475e+10,18815,520.23475
1658104519,ANKRUSDT,Buy,19,0.02770,PlusTick,57fb7a0a-8728-5652-97ca-cfa85dac912e,5.263e+07,19,0.5263
1658104604,ANKRUSDT,Sell,3636,0.02765,MinusTick,09e8a756-2905-5122-aa53-54a87aef6d61,1.0053540000000002e+10,3636,100.53540000000001
1658104604,ANKRUSDT,Sell,3636,0.02765,ZeroMinusTick,2577560e-a2d5-5785-8b40-93fe42eb7360,1.0053540000000002e+10,3636,100.53540000000001
1658104604,ANKRUSDT,Sell,3636,0.02765,ZeroMinusTick,c14e2289-d4af-5956-89f6-2c8a17c23de3,1.0053540000000002e+10,3636,100.53540000000001
1658104604,ANKRUSDT,Sell,3636,0.02765,ZeroMinusTick,f0f3c619-dd21-5ea8-bdc5-ac97275c252f,1.0053540000000002e+10,3636,100.53540000000001
1658104604,ANKRUSDT,Sell,328,0.02765,ZeroMinusTick,34353756-35cf-557b-8323-b3bd421ee4ee,9.0692e+08,328,9.0692
1658104604,ANKRUSDT,Sell,328,0.02765,ZeroMinusTick,c6b95166-59cd-5e5b-a0b6-9bc47dba4b67,9.0692e+08,328,9.0692
1658104608,ANKRUSDT,Sell,3615,0.02765,ZeroMinusTick,7a085243-eb4b-542c-8717-2997e30f05e3,9.995475e+09,3615,99.95475
1658104619,ANKRUSDT,Sell,4,0.02760,MinusTick,23b2202a-4365-5c05-9df3-67b3cb14096e,1.104e+07,4,0.1104
1658104634,ANKRUSDT,Buy,8706,0.02760,ZeroMinusTick,db9068ce-9d28-57be-9ef1-397175efb7dc,2.402856e+10,8706,240.2856
1658104647,ANKRUSDT,Buy,3080,0.02760,ZeroMinusTick,fd1718eb-9930-5c42-a059-bae0b4fc5dd3,8.5008e+09,3080,85.008
1658104657,ANKRUSDT,Sell,18815,0.02755,MinusTick,f929ed13-c225-55f9-8d9c-f532a397cbad,5.1835325e+10,18815,518.35325
1658104657,ANKRUSDT,Sell,25191,0.02755,ZeroMinusTick,85fddb5a-056e-58da-9056-d8c5c62f86fc,6.9401205e+10,25191,694.01205
1658104658,ANKRUSDT,Buy,8222,0.02755,ZeroMinusTick,24764f97-b2ea-53e9-8a4b-8a06b82d799c,2.2651610000000004e+10,8222,226.51610000000002
1658104699,ANKRUSDT,Sell,1,0.02750,MinusTick,88edefdb-5af6-5f1b-9f0f-10eb852e8d46,2.75e+06,1,0.0275
1658104829,ANKRUSDT,Buy,1,0.02755,PlusTick,aaea0f73-3aed-5233-a281-98c70f701f6a,2.755e+06,1,0.02755
1658104969,ANKRUSDT,Buy,1,0.02755,ZeroMinusTick,aaf2b30e-6e49-5354-9bbd-db432783a639,2.755e+06,1,0.02755
1658105006,ANKRUSDT,Sell,3636,0.02750,MinusTick,b1986ae8-ae00-5486-b889-da28ecfc3352,9.999e+09,3636,99.99
1658105007,ANKRUSDT,Sell,3636,0.02750,ZeroMinusTick,1f7ab8c7-3a01-52bf-b899-8bdc99efc69a,9.999e+09,3636,99.99
1658105007,ANKRUSDT,Sell,3636,0.02750,ZeroMinusTick,06c2585d-bfb3-5839-84ff-0ec980362fea,9.999e+09,3636,99.99
1658105007,ANKRUSDT,Sell,3636,0.02750,ZeroMinusTick,0151b50e-993e-5d6f-9fe5-b1ce570a8e7d,9.999e+09,3636,99.99
1658105007,ANKRUSDT,Sell,3636,0.02750,ZeroMinusTick,82284c6a-a6a1-51a2-9b3e-5a18619759e2,9.999e+09,3636,99.99
1658105007,ANKRUSDT,Sell,615,0.02750,ZeroMinusTick,ecea630c-0049-56ee-a0a0-92d17679d089,1.6912500000000002e+09,615,16.9125
1658105032,ANKRUSDT,Sell,197,0.02745,MinusTick,adbd12d7-6aea-516d-a731-63262fbd8207,5.407649999999999e+08,197,5.407649999999999
1658105032,ANKRUSDT,Sell,197,0.02745,ZeroMinusTick,0d6a98c9-7536-5508-a1ac-a6940517b370,5.407649999999999e+08,197,5.407649999999999
1658105032,ANKRUSDT,Sell,389,0.02745,ZeroMinusTick,0ee526ac-dac5-59a4-8c4a-933725c8fcf2,1.0678049999999999e+09,389,10.678049999999999
1658105032,ANKRUSDT,Sell,389,0.02745,ZeroMinusTick,79fbdc1e-1de7-5928-926e-9a2be71a706a,1.0678049999999999e+09,389,10.678049999999999
1658105032,ANKRUSDT,Sell,389,0.02745,ZeroMinusTick,ec43e23b-a5ca-5a99-9164-299f9ebf6c6a,1.0678049999999999e+09,389,10.678049999999999
1658105032,ANKRUSDT,Sell,389,0.02745,ZeroMinusTick,2e342e2b-8a32-5f64-ae64-05db648cadf5,1.0678049999999999e+09,389,10.678049999999999
1658105032,ANKRUSDT,Sell,389,0.02745,ZeroMinusTick,a9dc75da-daa9-5918-a243-4b72d7480063,1.0678049999999999e+09,389,10.678049999999999
1658105032,ANKRUSDT,Sell,389,0.02745,ZeroMinusTick,cf53d529-b74f-5bd4-bb8c-9b5e81958951,1.0678049999999999e+09,389,10.678049999999999
1658105032,ANKRUSDT,Sell,192,0.02745,ZeroMinusTick,8563a254-0047-502c-9736-e6bc2dcf17c2,5.2703999999999994e+08,192,5.2703999999999995
1658105036,ANKRUSDT,Sell,3636,0.02745,ZeroMinusTick,79ddd24c-6e21-5d9d-afc4-bb13aedf659b,9.98082e+09,3636,99.8082
1658105036,ANKRUSDT,Sell,3636,0.02745,ZeroMinusTick,98623978-f2ea-5c05-8eb6-e88d6aca2faa,9.98082e+09,3636,99.8082
1658105036,ANKRUSDT,Sell,3636,0.02745,ZeroMinusTick,df8d375d-8d50-5c5d-ac1c-e72f1b00c940,9.98082e+09,3636,99.8082
1658105036,ANKRUSDT,Sell,3636,0.02745,ZeroMinusTick,c4f31288-df3a-595d-8194-6435ba443db3,9.98082e+09,3636,99.8082
1658105036,ANKRUSDT,Sell,3636,0.02745,ZeroMinusTick,03beb140-3f96-5113-b267-128f4d41a377,9.98082e+09,3636,99.8082
1658105036,ANKRUSDT,Sell,3636,0.02745,ZeroMinusTick,a4de6e47-f47d-5d25-904b-37b29be8d488,9.98082e+09,3636,99.8082
1658105036,ANKRUSDT,Sell,3636,0.02745,ZeroMinusTick,11f0974f-62e1-5860-a71f-534b1b9fb07a,9.98082e+09,3636,99.8082
1658105036,ANKRUSDT,Sell,3636,0.02745,ZeroMinusTick,403ab044-5bc5-57ea-9828-fc2bd5e949d6,9.98082e+09,3636,99.8082
1658105036,ANKRUSDT,Sell,3230,0.02745,ZeroMinusTick,7d39b84d-4090-5af3-b9d2-87998dff97d4,8.86635e+09,3230,88.6635
1658105037,ANKRUSDT,Sell,3636,0.02745,ZeroMinusTick,18441ac4-bb76-5f88-b196-03c4297281f8,9.98082e+09,3636,99.8082
1658105037,ANKRUSDT,Sell,3636,0.02745,ZeroMinusTick,2a73b2a3-5652-52e5-baa7-e978aa15f855,9.98082e+09,3636,99.8082
1658105038,ANKRUSDT,Sell,3636,0.02745,ZeroMinusTick,1ab707c1-f5f5-5b31-8583-ad50e99ebca5,9.98082e+09,3636,99.8082
1658105038,ANKRUSDT,Sell,3636,0.02745,ZeroMinusTick,8c4b6069-46a1-5073-9fa0-368252d7452d,9.98082e+09,3636,99.8082
1658105038,ANKRUSDT,Sell,3636,0.02745,ZeroMinusTick,433c3f18-f88d-5633-a56b-4b0c0cef98e1,9.98082e+09,3636,99.8082
1658105038,ANKRUSDT,Sell,1787,0.02745,ZeroMinusTick,c1361a60-4e52-5d71-adb9-083898c40cf7,4.905314999999999e+09,1787,49.053149999999995
1658105113,ANKRUSDT,Sell,536,0.02740,MinusTick,e1863635-3a63-5e60-9b4a-66842fd0dfbb,1.46864e+09,536,14.6864
1658105114,ANKRUSDT,Sell,17291,0.02740,ZeroMinusTick,adaecd04-2670-573d-95f9-c67001bac232,4.737734e+10,17291,473.77340000000004
1658105119,ANKRUSDT,Sell,15,0.02735,MinusTick,0dc93073-94a8-5c01-aa3b-bf6540a9f67a,4.1025e+07,15,0.41025
1658105218,ANKRUSDT,Buy,29223,0.02740,PlusTick,bed7abee-87c1-5a19-b242-cdcb90621d01,8.007102e+10,29223,800.7102
1658105242,ANKRUSDT,Sell,67137,0.02740,ZeroMinusTick,632632a7-6364-5ea6-8c08-1cd9fa2dd264,1.8395538e+11,67137,1839.5538000000001
1658105319,ANKRUSDT,Buy,1,0.02740,ZeroMinusTick,dcb2694e-4a35-561c-8594-0ec564758a01,2.74e+06,1,0.0274
1658105359,ANKRUSDT,Buy,14999,0.02740,ZeroMinusTick,b90c247c-31cc-562f-8e41-66bacc0b844d,4.109726e+10,14999,410.9726
1658105375,ANKRUSDT,Sell,3636,0.02740,ZeroMinusTick,649f5887-e0b1-5954-a5bd-5b280767e2f2,9.96264e+09,3636,99.6264
1658105375,ANKRUSDT,Sell,3636,0.02740,ZeroMinusTick,e60ff3df-63c1-5b9a-981e-af34e837a5ba,9.96264e+09,3636,99.6264
1658105375,ANKRUSDT,Sell,3636,0.02740,ZeroMinusTick,e3e2e530-7f8f-576f-a9b3-a966e8225afc,9.96264e+09,3636,99.6264
1658105375,ANKRUSDT,Sell,3636,0.02740,ZeroMinusTick,26eac737-4238-558f-8848-ff1fc457304b,9.96264e+09,3636,99.6264
1658105375,ANKRUSDT,Sell,3636,0.02740,ZeroMinusTick,0a3d7efc-36e4-507b-bbc0-caa971c48739,9.96264e+09,3636,99.6264
1658105375,ANKRUSDT,Sell,3636,0.02740,ZeroMinusTick,9ba0843e-8335-57e1-b6fb-3235b961b413,9.96264e+09,3636,99.6264
1658105375,ANKRUSDT,Sell,3636,0.02740,ZeroMinusTick,4c684289-3364-54f9-8a23-c474f4596854,9.96264e+09,3636,99.6264
1658105375,ANKRUSDT,Sell,3636,0.02740,ZeroMinusTick,31b130cc-19f7-51bf-8f52-8726c3c929ca,9.96264e+09,3636,99.6264
1658105375,ANKRUSDT,Sell,3636,0.02740,ZeroMinusTick,d5b4c973-c90b-5924-bcc6-b7747b5bd89d,9.96264e+09,3636,99.6264
1658105375,ANKRUSDT,Sell,3636,0.02740,ZeroMinusTick,33874688-fde4-5ac5-96fe-4501156d8ee9,9.96264e+09,3636,99.6264
1658105375,ANKRUSDT,Sell,3636,0.02740,ZeroMinusTick,396b5673-eb30-55d8-975c-207d0b52e153,9.96264e+09,3636,99.6264
1658105375,ANKRUSDT,Sell,3636,0.02740,ZeroMinusTick,bfb756e2-4e13-5136-b897-5099925ee819,9.96264e+09,3636,99.6264
1658105375,ANKRUSDT,Sell,3636,0.02740,ZeroMinusTick,c643d219-ca72-5199-b4b0-0656da8215b6,9.96264e+09,3636,99.6264
1658105375,ANKRUSDT,Sell,3636,0.02740,ZeroMinusTick,2891d921-1f63-543e-829e-3e43f3a14481,9.96264e+09,3636,99.6264
1658105375,ANKRUSDT,Sell,3230,0.02740,ZeroMinusTick,faf52f4f-1792-5da5-959e-586d8af4ef58,8.8502e+09,3230,88.502
1658105388,ANKRUSDT,Sell,303,0.02740,ZeroMinusTick,9fdb0942-96f8-53d9-8903-67782411a514,8.302200000000001e+08,303,8.302200000000001
1658105388,ANKRUSDT,Sell,303,0.02740,ZeroMinusTick,dd00524d-5adb-596c-8bdf-e56079c0ff51,8.302200000000001e+08,303,8.302200000000001
1658105388,ANKRUSDT,Sell,303,0.02740,ZeroMinusTick,13e942e8-8a55-5385-9d18-5eca0667684d,8.302200000000001e+08,303,8.302200000000001
1658105389,ANKRUSDT,Sell,3636,0.02740,ZeroMinusTick,139d393d-8454-5dd9-a10a-e3d6aafab26a,9.96264e+09,3636,99.6264
1658105389,ANKRUSDT,Sell,3636,0.02740,ZeroMinusTick,1a815fdc-25fe-5cbf-a064-2dd24fc38033,9.96264e+09,3636,99.6264
1658105389,ANKRUSDT,Sell,3636,0.02740,ZeroMinusTick,d3fa44cc-5d20-535b-bea9-10d99b78c41e,9.96264e+09,3636,99.6264
1658105389,ANKRUSDT,Sell,3636,0.02740,ZeroMinusTick,95f704d1-b5c6-5531-8741-59ae82628332,9.96264e+09,3636,99.6264
1658105389,ANKRUSDT,Sell,2730,0.02740,ZeroMinusTick,4ad4b4e4-8cf2-5895-8f08-c48d2931d9b7,7.480200000000001e+09,2730,74.802
1658105442,ANKRUSDT,Sell,246,0.02740,ZeroMinusTick,51790f1a-ecf8-5089-b88e-fea141aa876d,6.7404e+08,246,6.7404
1658105442,ANKRUSDT,Sell,438,0.02740,ZeroMinusTick,3b668562-bb90-5a35-8174-d8ea2e3ef948,1.20012e+09,438,12.0012
1658105442,ANKRUSDT,Sell,438,0.02740,ZeroMinusTick,6f8bc566-7aa6-597b-b6de-5e174c78e562,1.20012e+09,438,12.0012
1658105442,ANKRUSDT,Sell,438,0.02740,ZeroMinusTick,95585273-01e9-5121-bbd6-99639c681243,1.20012e+09,438,12.0012
1658105442,ANKRUSDT,Sell,438,0.02740,ZeroMinusTick,3d60fbbe-81da-57b3-af83-c38287587628,1.20012e+09,438,12.0012
1658105442,ANKRUSDT,Sell,192,0.02740,ZeroMinusTick,9a0d48eb-4385-56b4-9d76-d78afb95ffd1,5.2607999999999994e+08,192,5.2608
1658105443,ANKRUSDT,Sell,192,0.02740,ZeroMinusTick,4712c321-8ec2-5b4e-b357-aa53af71ab62,5.2607999999999994e+08,192,5.2608
1658105447,ANKRUSDT,Sell,3636,0.02740,ZeroMinusTick,930dad2e-f95e-56af-b11e-57eeb96a2414,9.96264e+09,3636,99.6264
1658105447,ANKRUSDT,Sell,3636,0.02740,ZeroMinusTick,6846d315-c057-5b18-a4e7-96d04def2f92,9.96264e+09,3636,99.6264
1658105447,ANKRUSDT,Sell,3636,0.02740,ZeroMinusTick,0cc73876-7b72-5f0b-9508-8521451f368e,9.96264e+09,3636,99.6264
1658105449,ANKRUSDT,Buy,19,0.02745,PlusTick,1eca95b2-fbcf-55cd-b91f-1429e3de28e0,5.215499999999999e+07,19,0.52155
1658105451,ANKRUSDT,Sell,3636,0.02740,MinusTick,b9dd85a4-8adb-53b6-8ff7-1ecdd567dfd0,9.96264e+09,3636,99.6264
1658105451,ANKRUSDT,Sell,3636,0.02740,ZeroMinusTick,8df16460-6aa0-5fd9-8a77-3ac6f1cc792f,9.96264e+09,3636,99.6264
1658105451,ANKRUSDT,Sell,3636,0.02740,ZeroMinusTick,0883b7c3-5b33-5f00-be55-a9bb39124750,9.96264e+09,3636,99.6264
1658105451,ANKRUSDT,Sell,3636,0.02740,ZeroMinusTick,bc691910-e37e-5032-ac3b-163d827fbe95,9.96264e+09,3636,99.6264
1658105451,ANKRUSDT,Sell,3636,0.02740,ZeroMinusTick,e7a7bf28-bf4a-5287-a73c-9839e16a614c,9.96264e+09,3636,99.6264
1658105451,ANKRUSDT,Sell,3230,0.02740,ZeroMinusTick,92da72b1-7999-5a80-bfed-76e29bd98d16,8.8502e+09,3230,88.502
1658105452,ANKRUSDT,Sell,3636,0.02740,ZeroMinusTick,abc5cfe7-4d72-5e62-be43-a67f8993d897,9.96264e+09,3636,99.6264
1658105452,ANKRUSDT,Sell,3636,0.02740,ZeroMinusTick,8e124225-3d27-535f-b881-4bcaf1f3b352,9.96264e+09,3636,99.6264
1658105452,ANKRUSDT,Sell,3636,0.02740,ZeroMinusTick,8357e1d8-8817-5d19-a6ac-e9d4307e6f70,9.96264e+09,3636,99.6264
1658105452,ANKRUSDT,Sell,3636,0.02740,ZeroMinusTick,85e99efe-e337-5e0b-a75f-feebe1f9f468,9.96264e+09,3636,99.6264
1658105452,ANKRUSDT,Sell,3636,0.02740,ZeroMinusTick,a480a364-88ae-53a1-b428-1e3cd60fcb76,9.96264e+09,3636,99.6264
1658105452,ANKRUSDT,Sell,3230,0.02740,ZeroMinusTick,a418c81b-f834-52af-b53a-e3c17ccc910a,8.8502e+09,3230,88.502
1658105452,ANKRUSDT,Sell,356,0.02740,ZeroMinusTick,51ed98dc-05b7-5c4f-888a-356aa6f6e18d,9.7544e+08,356,9.7544
1658105510,ANKRUSDT,Buy,20,0.02745,PlusTick,35597ced-6540-5398-ba98-7a226868e768,5.489999999999999e+07,20,0.5489999999999999
1658105600,ANKRUSDT,Buy,1,0.02745,ZeroMinusTick,aec0646b-cb69-5a8d-b077-9d8d2d769532,2.745e+06,1,0.02745
1658105740,ANKRUSDT,Buy,1,0.02750,PlusTick,deb11d5f-7c7f-51d9-8aa9-d7df06679b09,2.75e+06,1,0.0275
1658105843,ANKRUSDT,Buy,4084,0.02750,ZeroMinusTick,8cdc9c10-6ec5-5f21-8721-a1f3d8474ca6,1.1231e+10,4084,112.31
1658105900,ANKRUSDT,Buy,100,0.02745,MinusTick,eb8746fb-1301-5aba-8e2b-478bb61f0762,2.7449999999999994e+08,100,2.7449999999999997
1658105940,ANKRUSDT,Buy,14730,0.02750,PlusTick,daeb5c82-1ac2-5e5b-a024-ba099edfe2b4,4.05075e+10,14730,405.075
1658105940,ANKRUSDT,Buy,37,0.02750,ZeroMinusTick,b34d5013-064f-5d10-bb9d-814b7001b009,1.0175e+08,37,1.0175
1658105940,ANKRUSDT,Buy,13890,0.02750,ZeroMinusTick,c4bd8bf1-4e7d-50c9-8b74-10936f6e75b0,3.81975e+10,13890,381.975
1658106014,ANKRUSDT,Buy,738,0.02750,ZeroMinusTick,4c42dbbd-352e-5843-ae0a-8618860eab13,2.0295000000000002e+09,738,20.295
1658106014,ANKRUSDT,Buy,18815,0.02750,ZeroMinusTick,0098c475-3ca6-5b67-8100-e004119996f2,5.174125e+10,18815,517.4125
1658106128,ANKRUSDT,Buy,502,0.02755,PlusTick,4c76acd2-a45f-5c4f-b9e2-760379af2b7e,1.3830100000000002e+09,502,13.830100000000002
1658106140,ANKRUSDT,Sell,18,0.02750,MinusTick,272cccb4-7493-588d-b4b2-7bbf78365cd3,4.95e+07,18,0.495
1658106205,ANKRUSDT,Sell,18797,0.02750,ZeroMinusTick,e97f6958-ba6f-5ea3-87cf-45defb4576dc,5.169175e+10,18797,516.9175
1658106266,ANKRUSDT,Buy,18815,0.02750,ZeroMinusTick,2c9c438a-8851-53cb-9bae-cbc565b3d573,5.174125e+10,18815,517.4125
1658106370,ANKRUSDT,Buy,20,0.02755,PlusTick,1e0cf126-968e-553f-b7e3-9cc3d8aa4309,5.510000000000001e+07,20,0.551
1658106530,ANKRUSDT,Buy,1,0.02755,ZeroMinusTick,0acbe068-5081-5922-a772-bfbea04f2a1e,2.755e+06,1,0.02755
1658106668,ANKRUSDT,Sell,12675,0.02755,ZeroMinusTick,3edde83f-277d-5a93-87b0-2a1b790b598f,3.4919625e+10,12675,349.19625
1658106669,ANKRUSDT,Buy,28531,0.02755,ZeroMinusTick,304726f6-8d7c-5261-baed-2864f8ec9e80,7.860290500000002e+10,28531,786.0290500000001
1658106684,ANKRUSDT,Buy,7010,0.02760,PlusTick,67f139b1-f7f9-50fe-9d0f-f1000b888590,1.93476e+10,7010,193.476
1658106689,ANKRUSDT,Buy,17841,0.02765,PlusTick,0b5c8003-7fd4-56bd-ba2d-1e4bc4628492,4.9330365e+10,17841,493.30365
1658106689,ANKRUSDT,Buy,1104,0.02765,ZeroMinusTick,f2db6ac3-a518-5258-bfd7-05ae56eac9ee,3.05256e+09,1104,30.5256
1658106689,ANKRUSDT,Buy,20000,0.02765,ZeroMinusTick,f5f73012-9e9b-5b57-b55a-089c83a2198f,5.53e+10,20000,553
1658106689,ANKRUSDT,Buy,62458,0.02765,ZeroMinusTick,0f8c27c5-36fc-537e-b4d6-5b67457521b6,1.7269637e+11,62458,1726.9637
1658106710,ANKRUSDT,Sell,100,0.02765,ZeroMinusTick,1def8b3b-dc3a-5a21-8f6f-a6ba48bee7ec,2.765e+08,100,2.765
1658106720,ANKRUSDT,Sell,18815,0.02765,ZeroMinusTick,c8ae229a-054d-55f2-b22b-551a36c84f55,5.2023475e+10,18815,520.23475
1658106780,ANKRUSDT,Buy,100,0.02765,ZeroMinusTick,8612539d-50fe-5879-a6a0-180cd7255eaa,2.765e+08,100,2.765
1658106876,ANKRUSDT,Sell,15000,0.02765,ZeroMinusTick,e173b31f-ea2c-56b3-a766-8971c5eb6ac5,4.1475e+10,15000,414.75
1658106890,ANKRUSDT,Sell,1,0.02760,MinusTick,82ac0455-d975-5274-911e-09c6cecd9c62,2.76e+06,1,0.0276
1658107070,ANKRUSDT,Buy,4,0.02770,PlusTick,c8c5fa4c-d586-5c25-9c4e-f0e60202af72,1.108e+07,4,0.1108
1658107130,ANKRUSDT,Buy,3,0.02770,ZeroMinusTick,ef15c6e9-30ae-5706-9eac-23cb39e558b0,8.309999999999999e+06,3,0.0831
1658107149,ANKRUSDT,Sell,12432,0.02765,MinusTick,89aec6e1-eb2f-5117-9287-68071f9c7230,3.437448e+10,12432,343.7448
1658107149,ANKRUSDT,Sell,18815,0.02765,ZeroMinusTick,8df4bfee-0062-5f58-a463-ca5d4734a46f,5.2023475e+10,18815,520.23475
1658107149,ANKRUSDT,Sell,18082,0.02765,ZeroMinusTick,a4b53f95-b0dc-58aa-ab7d-f0471fe60a95,4.999673e+10,18082,499.9673
1658107200,ANKRUSDT,Sell,1,0.02765,ZeroMinusTick,81842cc1-ae43-55bd-b61b-3353ee1615ff,2.765e+06,1,0.02765
1658107380,ANKRUSDT,Buy,9,0.02770,PlusTick,6c7d8f1e-dc31-5645-aaa3-0250b43a4d0f,2.493e+07,9,0.2493
1658107550,ANKRUSDT,Sell,100,0.02765,MinusTick,3c5ac719-82ea-5f1e-957e-adb5a04b042c,2.765e+08,100,2.765
1658107630,ANKRUSDT,Buy,18780,0.02770,PlusTick,a2eb6ce0-e416-54ee-a14b-9444600ca23a,5.20206e+10,18780,520.206
1658107630,ANKRUSDT,Buy,17841,0.02770,ZeroMinusTick,bd3f203b-2f80-5a28-9b87-acad825f7997,4.941957e+10,17841,494.1957
1658107640,ANKRUSDT,Sell,14,0.02770,ZeroMinusTick,618e6493-134d-595b-a043-034ae62c4d21,3.878e+07,14,0.3878
1658107730,ANKRUSDT,Sell,2,0.02770,ZeroMinusTick,c53d906f-7cce-50b8-b094-f2f573c75abb,5.54e+06,2,0.0554
1658107907,ANKRUSDT,Sell,18798,0.02770,ZeroMinusTick,884dbe32-53b5-55b2-9cd7-a1fb89cf20ea,5.207046e+10,18798,520.7046
1658107907,ANKRUSDT,Sell,778,0.02770,ZeroMinusTick,cc58ea3b-6637-548a-a3aa-4fb81b3cbf06,2.15506e+09,778,21.5506
1658107920,ANKRUSDT,Sell,12,0.02765,MinusTick,bc65d193-369a-5b96-9ddf-ef1d491658a0,3.318e+07,12,0.3318
1658107954,ANKRUSDT,Sell,3582,0.02765,ZeroMinusTick,22657c50-1961-5082-8b89-7af416051ad1,9.90423e+09,3582,99.0423
1658108120,ANKRUSDT,Buy,5,0.02775,PlusTick,18d204fe-302c-561c-a9e8-4f2222516423,1.3875000000000002e+07,5,0.13875
1658108152,ANKRUSDT,Sell,15000,0.02770,MinusTick,f54f8509-aca0-511a-93a0-3d6d524ec1ec,4.155e+10,15000,415.5
1658108152,ANKRUSDT,Sell,77631,0.02770,ZeroMinusTick,03d51aee-c759-5a11-a412-ef30f697e4b8,2.1503786999999997e+11,77631,2150.3786999999998
1658108152,ANKRUSDT,Sell,28854,0.02770,ZeroMinusTick,e47b367f-2658-596e-b72d-b65dad8391c2,7.992558e+10,28854,799.2558
1658108152,ANKRUSDT,Sell,37,0.02770,ZeroMinusTick,7a240e1b-1eb6-5c9b-b445-ec3800812f27,1.0248999999999999e+08,37,1.0249
1658108152,ANKRUSDT,Sell,28854,0.02770,ZeroMinusTick,5555aaf5-a8c7-5fb4-b49e-d7992b13e222,7.992558e+10,28854,799.2558
1658108152,ANKRUSDT,Sell,25898,0.02770,ZeroMinusTick,72bb9856-4764-5d6c-82ba-7807cf0f7473,7.173746e+10,25898,717.3746
1658108234,ANKRUSDT,Sell,81561,0.02770,ZeroMinusTick,557c1146-eaf9-5f26-a34b-b6f1d143a637,2.2592397e+11,81561,2259.2397
1658108234,ANKRUSDT,Sell,15000,0.02770,ZeroMinusTick,b829600b-b28e-5a93-a9a3-7e68a201e564,4.155e+10,15000,415.5
1658108300,ANKRUSDT,Sell,7,0.02765,MinusTick,36593e27-dc31-5581-afb6-22bf363f1271,1.9355e+07,7,0.19355
1658108360,ANKRUSDT,Buy,4,0.02770,PlusTick,f6970cb4-ffbe-5cb9-bd4a-b51ad0dac3bb,1.108e+07,4,0.1108
1658108480,ANKRUSDT,Buy,5,0.02770,ZeroMinusTick,ed6ddb08-0bc2-52da-8e57-9129786de413,1.3849999999999998e+07,5,0.13849999999999998
1658108497,ANKRUSDT,Buy,2885,0.02770,ZeroMinusTick,f2b11e22-cf1f-5258-bac2-b63d1ffbc7e2,7.99145e+09,2885,79.9145
1658108497,ANKRUSDT,Buy,18815,0.02770,ZeroMinusTick,1778121d-3336-5b07-aa5f-27da05200951,5.211754999999999e+10,18815,521.1754999999999
1658108609,ANKRUSDT,Buy,18810,0.02775,PlusTick,f727b3d4-6d8f-5e9b-92e0-1510c17423b1,5.219775e+10,18810,521.9775
1658108609,ANKRUSDT,Buy,9639,0.02775,ZeroMinusTick,f2783327-bd31-5481-a2ab-48e7b74558ff,2.6748225000000004e+10,9639,267.48225
1658108609,ANKRUSDT,Buy,3636,0.02775,ZeroMinusTick,64572a1a-d09b-5920-997d-a19ede1955e4,1.00899e+10,3636,100.899
1658108609,ANKRUSDT,Buy,3636,0.02775,ZeroMinusTick,7b86ac2e-a578-59a0-bc60-1f2af93d4566,1.00899e+10,3636,100.899
1658108609,ANKRUSDT,Buy,930,0.02775,ZeroMinusTick,d054d18c-e7fe-5d3c-8e4d-c890f6bdf6eb,2.58075e+09,930,25.8075
1658108620,ANKRUSDT,Sell,1,0.02775,ZeroMinusTick,103f208d-ece3-5c19-a3af-b29c91a18d52,2.775e+06,1,0.02775
1658108710,ANKRUSDT,Sell,1,0.02775,ZeroMinusTick,7f1cbecb-2e54-58ca-9199-d0ea7eb46dd4,2.775e+06,1,0.02775
1658108870,ANKRUSDT,Sell,1,0.02775,ZeroMinusTick,8252aca6-8674-5854-95be-27e732b015de,2.775e+06,1,0.02775
1658109050,ANKRUSDT,Sell,1,0.02775,ZeroMinusTick,a9b549f6-c7eb-56f0-8409-ccfbe071b2b7,2.775e+06,1,0.02775
1658109250,ANKRUSDT,Buy,1,0.02775,ZeroMinusTick,28495011-a7cb-5d5f-85e4-2aee7419b326,2.775e+06,1,0.02775
1658109440,ANKRUSDT,Buy,9,0.02780,PlusTick,4321b975-bbd8-5425-a4a7-6bc7c6115d46,2.5019999999999996e+07,9,0.2502
1658109440,ANKRUSDT,Sell,2663,0.02770,MinusTick,9c7577e2-93e6-5d75-a880-de0c29202bac,7.37651e+09,2663,73.7651
1658109453,ANKRUSDT,Sell,16152,0.02770,ZeroMinusTick,aad2f3bc-aa7c-5c18-a18e-3f8eaa14bd0b,4.474104e+10,16152,447.4104
1658109461,ANKRUSDT,Buy,18815,0.02770,ZeroMinusTick,fb64d519-f1c3-536a-b6b6-0db23613a438,5.211754999999999e+10,18815,521.1754999999999
1658109530,ANKRUSDT,Buy,8,0.02775,PlusTick,58e5c60f-0fe5-5e26-a905-6e1eaef4443f,2.22e+07,8,0.222
1658109543,ANKRUSDT,Sell,18815,0.02770,MinusTick,6205e695-4649-5e6b-a256-e8ae310d3097,5.211754999999999e+10,18815,521.1754999999999
1658109604,ANKRUSDT,Buy,3636,0.02770,ZeroMinusTick,06636f70-6517-537e-9c98-96b3d004aa6a,1.007172e+10,3636,100.71719999999999
1658109604,ANKRUSDT,Buy,15179,0.02770,ZeroMinusTick,174ed007-4073-5ad6-9be0-3d794ea40bad,4.204583e+10,15179,420.4583
1658109720,ANKRUSDT,Buy,9,0.02780,PlusTick,19a16a37-b74e-54df-8c3d-f2bede82f2f4,2.5019999999999996e+07,9,0.2502
1658109736,ANKRUSDT,Buy,1,0.02780,ZeroMinusTick,fedc7f36-6e97-546a-8c1e-dfa6b9df9172,2.78e+06,1,0.0278
1658109778,ANKRUSDT,Sell,4610,0.02785,PlusTick,7e3fc0b8-f5ce-5144-b268-1553021a8be0,1.283885e+10,4610,128.3885
1658109840,ANKRUSDT,Sell,1,0.02780,MinusTick,d6ea8fab-786f-5ec8-a2bf-121f95970a05,2.78e+06,1,0.0278
1658109840,ANKRUSDT,Sell,9,0.02780,ZeroMinusTick,37f7b723-34eb-56ed-a444-b070d20e7945,2.5019999999999996e+07,9,0.2502
1658110020,ANKRUSDT,Sell,14,0.02775,MinusTick,957e3dfa-d883-5d14-9fdc-44270676d414,3.885e+07,14,0.3885
1658110126,ANKRUSDT,Buy,1,0.02780,PlusTick,a96a704b-91f4-5b48-93bc-ebc981f65ed1,2.78e+06,1,0.0278
1658110133,ANKRUSDT,Buy,1,0.02780,ZeroMinusTick,1d819a18-7166-5f97-8ae8-af040fc50a04,2.78e+06,1,0.0278
1658110180,ANKRUSDT,Buy,10,0.02785,PlusTick,a5c70818-1e0e-5ca7-9fe1-7f29673b70d4,2.7849999999999996e+07,10,0.27849999999999997
1658110199,ANKRUSDT,Buy,1,0.02785,ZeroMinusTick,e78c2d55-4f4a-5a23-ba06-468211d33705,2.785e+06,1,0.02785
1658110290,ANKRUSDT,Buy,1,0.02785,ZeroMinusTick,057c6c60-415d-5588-b377-eb70029085e0,2.785e+06,1,0.02785
1658110320,ANKRUSDT,Sell,100,0.02780,MinusTick,e1f5cd60-8ae6-5739-a3f2-3beeae6bb3fb,2.78e+08,100,2.78
1658110368,ANKRUSDT,Buy,1,0.02785,PlusTick,9da78955-6637-527b-9691-a97261498225,2.785e+06,1,0.02785
1658110380,ANKRUSDT,Buy,1,0.02785,ZeroMinusTick,dd8a4dbc-e002-5bf5-9105-9828d548b564,2.785e+06,1,0.02785
1658110511,ANKRUSDT,Buy,1,0.02785,ZeroMinusTick,9419e3d0-8bd2-5516-b5ed-5213b51c2868,2.785e+06,1,0.02785
1658110526,ANKRUSDT,Buy,10061,0.02785,ZeroMinusTick,59e8cf23-8909-55d0-ba80-079fa316dbe9,2.8019885e+10,10061,280.19885
1658110527,ANKRUSDT,Buy,1,0.02785,ZeroMinusTick,f02b59a9-4bea-53a8-a6a8-aa522849f00d,2.785e+06,1,0.02785
1658110580,ANKRUSDT,Sell,1,0.02785,ZeroMinusTick,d596dfdd-5ab3-50f4-b99d-c39ef3c67e04,2.785e+06,1,0.02785
1658110710,ANKRUSDT,Buy,1,0.02790,PlusTick,5b2b8b2b-9c4d-5163-a5da-c1d5e0706338,2.79e+06,1,0.0279
1658110710,ANKRUSDT,Buy,16,0.02790,ZeroMinusTick,9405acf1-ddc4-5408-8211-edc31a677878,4.464e+07,16,0.4464
1658110880,ANKRUSDT,Buy,16,0.02790,ZeroMinusTick,5d65a734-1c07-5d60-a65e-1058aeb93a68,4.464e+07,16,0.4464
1658111030,ANKRUSDT,Buy,1,0.02785,MinusTick,90b2a37e-81c1-50c1-a6fa-3133a5d866db,2.785e+06,1,0.02785
1658111150,ANKRUSDT,Buy,100,0.02785,ZeroMinusTick,ba1276a7-b32f-5128-a1d9-edc98b4f1be9,2.785e+08,100,2.785
1658111320,ANKRUSDT,Sell,100,0.02780,MinusTick,80a5bc8c-3260-516d-ab71-80aee7059dc8,2.78e+08,100,2.78
1658111420,ANKRUSDT,Sell,1,0.02780,ZeroMinusTick,a6e1bda0-0296-5a32-9cff-cda032bc6040,2.78e+06,1,0.0278
1658111453,ANKRUSDT,Buy,1,0.02785,PlusTick,784dbd12-225b-5576-a276-f2eb7780c67d,2.785e+06,1,0.02785
1658111560,ANKRUSDT,Buy,1,0.02795,PlusTick,52a5f3e5-0ac9-5ce4-879f-136feae9c21f,2.795e+06,1,0.02795
1658111560,ANKRUSDT,Buy,15,0.02795,ZeroMinusTick,d3036068-ccc2-521c-b2d0-a5b12e609ccc,4.1925e+07,15,0.41925
1658111760,ANKRUSDT,Buy,6,0.02790,MinusTick,fe25dfa1-d57d-549e-b1fe-0408e2a34e50,1.674e+07,6,0.1674
1658111790,ANKRUSDT,Buy,188,0.02790,ZeroMinusTick,544b4d95-f350-51da-8c95-0d5021768e77,5.2452000000000006e+08,188,5.2452000000000005
1658111790,ANKRUSDT,Buy,28391,0.02790,ZeroMinusTick,2d3a0c98-4212-5257-914c-2f515177329e,7.921089e+10,28391,792.1089000000001
1658111860,ANKRUSDT,Buy,11,0.02795,PlusTick,db95926b-7b8b-506f-ac02-0867354fdf7e,3.0745e+07,11,0.30745
1658112030,ANKRUSDT,Sell,1,0.02790,MinusTick,0dc31903-7b84-5806-8f4f-3b82f915f70c,2.79e+06,1,0.0279
1658112140,ANKRUSDT,Sell,100,0.02790,ZeroMinusTick,45295505-25af-59da-af9c-7572ca6dc735,2.79e+08,100,2.79
1658112200,ANKRUSDT,Buy,1,0.02800,PlusTick,58286045-0977-585b-9e36-e7350ebdb45b,2.8e+06,1,0.028
1658112200,ANKRUSDT,Buy,1,0.02800,ZeroMinusTick,771a46b3-6b50-547d-903e-d11d0aa57695,2.8e+06,1,0.028
1658112205,ANKRUSDT,Buy,1,0.02805,PlusTick,a40d6594-a096-59bb-8db7-4274f026ba45,2.805e+06,1,0.02805
1658112205,ANKRUSDT,Buy,15000,0.02805,ZeroMinusTick,2fc119c5-5143-5f23-ac36-e97447b07e48,4.2075e+10,15000,420.75
1658112219,ANKRUSDT,Sell,28491,0.02805,ZeroMinusTick,6d57f63f-b0f9-5abe-8371-444ea8d35ad8,7.9917255e+10,28491,799.17255
1658112239,ANKRUSDT,Buy,1,0.02810,PlusTick,307adf3b-0fda-5580-91ef-242325cd2c9a,2.81e+06,1,0.0281
1658112259,ANKRUSDT,Buy,8731,0.02810,ZeroMinusTick,9239f303-f71e-5b84-92a6-420ed726dd0b,2.453411e+10,8731,245.3411
1658112260,ANKRUSDT,Sell,1,0.02810,ZeroMinusTick,3a5982dd-4eb3-53dc-902f-037c0a3f5f39,2.81e+06,1,0.0281
1658112264,ANKRUSDT,Sell,9796,0.02810,ZeroMinusTick,64fab5e0-9961-5c28-a4e8-a8c4dfaf2a46,2.752676e+10,9796,275.2676
1658112269,ANKRUSDT,Sell,28439,0.02805,MinusTick,f87c7e14-c3f0-56a2-80df-dfc59548dc9c,7.9771395e+10,28439,797.71395
1658112290,ANKRUSDT,Buy,7926,0.02810,PlusTick,9388a91a-d8ef-5086-bcf6-87ebb1240b7c,2.227206e+10,7926,222.7206
1658112290,ANKRUSDT,Buy,3789,0.02810,ZeroMinusTick,e4b139d3-e1cc-55a8-a39a-28f0d34c6d89,1.064709e+10,3789,106.4709
1658112290,ANKRUSDT,Buy,17793,0.02810,ZeroMinusTick,55077e31-03eb-524e-a99e-a2dae0c8baf7,4.999833e+10,17793,499.9833
1658112311,ANKRUSDT,Sell,29508,0.02810,ZeroMinusTick,e92ce8d0-3075-586f-8454-75350f4d6693,8.291748e+10,29508,829.1748
1658112328,ANKRUSDT,Buy,850,0.02810,ZeroMinusTick,3891bf23-ab00-5360-81d9-a7a0a3446cf3,2.3885e+09,850,23.885
1658112328,ANKRUSDT,Buy,4814,0.02810,ZeroMinusTick,ea8b2a5d-faf7-5e15-8054-b4fa38fd8641,1.352734e+10,4814,135.2734
1658112373,ANKRUSDT,Sell,2875,0.02805,MinusTick,d5a038bc-e57a-5cf8-8a8b-524e9dd890dd,8.064375e+09,2875,80.64375
1658112382,ANKRUSDT,Buy,110,0.02810,PlusTick,fffcb0c0-b6f5-57d9-b8da-19da1948f18a,3.091e+08,110,3.091
1658112389,ANKRUSDT,Sell,2875,0.02810,ZeroMinusTick,a7ac31d8-4e53-53cd-9700-2bcbf0235557,8.078749999999999e+09,2875,80.7875
1658112400,ANKRUSDT,Buy,1,0.02815,PlusTick,d8745b68-0963-5836-8670-15721c451376,2.815e+06,1,0.02815
1658112400,ANKRUSDT,Buy,1,0.02815,ZeroMinusTick,275f7f87-02e4-5050-8af2-8bd937c9a1b3,2.815e+06,1,0.02815
1658112400,ANKRUSDT,Buy,18,0.02815,ZeroMinusTick,b3a53006-9542-5688-b404-a66b86387549,5.067000000000001e+07,18,0.5067
1658112436,ANKRUSDT,Sell,15940,0.02810,MinusTick,296914ea-d6b0-5abc-8469-829fd0660c73,4.47914e+10,15940,447.914
1658112480,ANKRUSDT,Sell,16,0.02805,MinusTick,4de6b900-2b4f-58d2-a921-2352bac50430,4.488e+07,16,0.4488
1658112536,ANKRUSDT,Sell,5664,0.02805,ZeroMinusTick,37072188-9757-54a1-bcce-8d1eb3fdadb1,1.5887519999999998e+10,5664,158.87519999999998
1658112540,ANKRUSDT,Sell,6,0.02805,ZeroMinusTick,4ded9cfc-c5f2-5d0f-88ff-ae16eff360f5,1.683e+07,6,0.1683
1658112582,ANKRUSDT,Buy,18815,0.02810,PlusTick,ef1364b8-50cb-582b-95f2-dceec54f3139,5.287015e+10,18815,528.7015
1658112582,ANKRUSDT,Buy,15000,0.02810,ZeroMinusTick,cf968033-8728-5294-b980-1c1078b312f2,4.215e+10,15000,421.5
1658112582,ANKRUSDT,Buy,17793,0.02810,ZeroMinusTick,4cb18d96-3723-59f4-bb83-41eb54db1cb2,4.999833e+10,17793,499.9833
1658112582,ANKRUSDT,Buy,28495,0.02810,ZeroMinusTick,0504b610-2edf-569c-bc1b-f0c7f4873e97,8.007095e+10,28495,800.7095
1658112582,ANKRUSDT,Buy,28495,0.02810,ZeroMinusTick,641da379-fc52-5c12-96c5-15d1e931875c,8.007095e+10,28495,800.7095
1658112582,ANKRUSDT,Buy,28495,0.02810,ZeroMinusTick,18f1b9cd-1236-5e0c-a95d-c37529bd049c,8.007095e+10,28495,800.7095
1658112582,ANKRUSDT,Buy,17841,0.02815,PlusTick,911a8f05-2d18-53c7-b787-67b33327f939,5.0222415e+10,17841,502.22415
1658112582,ANKRUSDT,Buy,76464,0.02815,ZeroMinusTick,524e8ada-eda0-5df7-9800-6a459cb291fa,2.1524616e+11,76464,2152.4616
1658112582,ANKRUSDT,Buy,77651,0.02815,ZeroMinusTick,ba6a594f-3668-5113-9e84-dc4839b68c22,2.18587565e+11,77651,2185.87565
1658112582,ANKRUSDT,Buy,36,0.02815,ZeroMinusTick,d90e4d76-532f-5981-9e87-43f52ecea83d,1.0134000000000001e+08,36,1.0134
1658112582,ANKRUSDT,Buy,74337,0.02815,ZeroMinusTick,624c0e7c-3ddb-566c-9fd7-4fda9397adbf,2.09258655e+11,74337,2092.58655
1658112582,ANKRUSDT,Buy,116578,0.02815,ZeroMinusTick,85b7c160-8369-5ab4-b272-22b7118a3cce,3.2816707e+11,116578,3281.6707
1658112582,ANKRUSDT,Sell,18815,0.02810,MinusTick,9186eb08-75e8-5abe-b4cb-f710c65a58dd,5.287015e+10,18815,528.7015
1658112584,ANKRUSDT,Buy,18815,0.02810,ZeroMinusTick,d53b2915-d5bd-5d09-98bd-7c25e049e8c1,5.287015e+10,18815,528.7015
1658112584,ANKRUSDT,Buy,979,0.02815,PlusTick,42faae65-8349-5107-82f8-a3795b5e365d,2.755885e+09,979,27.55885
1658112584,ANKRUSDT,Buy,2725,0.02815,ZeroMinusTick,3ac581be-d4c9-5169-8ee7-7821505a5aea,7.670875000000001e+09,2725,76.70875000000001
1658112584,ANKRUSDT,Buy,2244,0.02815,ZeroMinusTick,2c399fef-9d00-5ff9-835a-bbab6eede1c7,6.316860000000001e+09,2244,63.168600000000005
1658112584,ANKRUSDT,Buy,707,0.02815,ZeroMinusTick,e9a7975a-f796-5fa6-825d-5f50c1915023,1.9902050000000002e+09,707,19.902050000000003
1658112584,ANKRUSDT,Buy,28469,0.02815,ZeroMinusTick,20160491-19f6-5811-9036-f539c3f3ab6e,8.0140235e+10,28469,801.4023500000001
1658112584,ANKRUSDT,Buy,29592,0.02815,ZeroMinusTick,9b7175fe-58ab-516c-8cb2-cd93141fab52,8.330148e+10,29592,833.0148
1658112584,ANKRUSDT,Buy,28728,0.02815,ZeroMinusTick,709a41b5-1f4a-54c1-98f5-2984754b3ab0,8.086932e+10,28728,808.6932
1658112584,ANKRUSDT,Buy,36,0.02815,ZeroMinusTick,cfb0fd42-fa1b-5ccf-8e79-d92377ae6f1a,1.0134000000000001e+08,36,1.0134
1658112584,ANKRUSDT,Buy,19440,0.02815,ZeroMinusTick,ac9422da-33c2-5c4e-ba9c-9ae466cd971f,5.47236e+10,19440,547.236
1658112584,ANKRUSDT,Buy,76464,0.02815,ZeroMinusTick,56c3dfd5-6d7d-58f9-b588-d64b0967cbde,2.1524616e+11,76464,2152.4616
1658112584,ANKRUSDT,Buy,10547,0.02815,ZeroMinusTick,adcd1fe4-abfd-5cde-be3f-80706b864cbf,2.9689805e+10,10547,296.89805
1658112584,ANKRUSDT,Buy,1,0.02820,PlusTick,718ddc22-caf2-556d-afb4-95cc8aa820bb,2.82e+06,1,0.0282
1658112584,ANKRUSDT,Buy,157060,0.02820,ZeroMinusTick,58cc965c-d4b0-5591-993a-d54f4b148428,4.4290919999999994e+11,157060,4429.092
1658112584,ANKRUSDT,Buy,979,0.02820,ZeroMinusTick,758c38bc-dbd6-5d46-95c3-9fa2f4d057c9,2.76078e+09,979,27.6078
1658112584,ANKRUSDT,Buy,17778,0.02820,ZeroMinusTick,fc65aeaa-0dfd-5d74-bfcf-23c6bbd593e0,5.013395999999999e+10,17778,501.33959999999996
1658112584,ANKRUSDT,Buy,12167,0.02820,ZeroMinusTick,0669a4b0-2fdd-5374-8b0d-aefbcde6ae61,3.431094e+10,12167,343.1094
1658112584,ANKRUSDT,Buy,568,0.02820,ZeroMinusTick,dc2f61bd-e66a-51b4-a21c-447f01ea124c,1.6017599999999998e+09,568,16.017599999999998
1658112584,ANKRUSDT,Buy,60000,0.02820,ZeroMinusTick,1eb806cc-2f3b-54aa-947b-7faaa31985df,1.692e+11,60000,1692
1658112584,ANKRUSDT,Buy,20000,0.02820,ZeroMinusTick,dc14e316-7a32-5850-ac79-dfd66b5a53f7,5.64e+10,20000,564
1658112584,ANKRUSDT,Buy,12701,0.02820,ZeroMinusTick,f17ecd83-edf7-5d4b-b2ca-8c34b73f6766,3.581682e+10,12701,358.1682
1658112584,ANKRUSDT,Sell,10000,0.02805,MinusTick,b74b66bb-1616-5455-9ffa-b962ba3dd443,2.805e+10,10000,280.5
1658112584,ANKRUSDT,Buy,1000,0.02820,PlusTick,ab873a4d-8dab-5fd9-9f99-cb4971b06be4,2.82e+09,1000,28.2
1658112585,ANKRUSDT,Buy,17761,0.02815,MinusTick,75fd1b4b-1d44-5e01-9570-ef0f90fc4305,4.9997215e+10,17761,499.97215
1658112585,ANKRUSDT,Buy,28333,0.02815,ZeroMinusTick,275a8301-8650-56c7-9ddf-289f4bbeb2c7,7.975739500000002e+10,28333,797.5739500000001
1658112585,ANKRUSDT,Buy,15000,0.02815,ZeroMinusTick,ace52c04-ea34-5f05-ae1a-abcfadd12c2d,4.2225e+10,15000,422.25
1658112585,ANKRUSDT,Buy,9633,0.02815,ZeroMinusTick,d1cee7d5-0dd8-52c9-b79e-01d113b1151b,2.7116895e+10,9633,271.16895
1658112585,ANKRUSDT,Buy,28444,0.02815,ZeroMinusTick,3adcb8b6-999f-5e91-b7b3-96b7734a74d6,8.006986e+10,28444,800.6986
1658112585,ANKRUSDT,Buy,28444,0.02815,ZeroMinusTick,d453b3df-6c24-5a5c-ae0f-fd67e220d35d,8.006986e+10,28444,800.6986
1658112585,ANKRUSDT,Buy,28444,0.02815,ZeroMinusTick,342afb3f-e5f4-5aa9-9eff-d49b0eed6e17,8.006986e+10,28444,800.6986
1658112585,ANKRUSDT,Buy,19440,0.02815,ZeroMinusTick,5c7573e2-72cf-5400-8981-9d343969f1f0,5.47236e+10,19440,547.236
1658112585,ANKRUSDT,Buy,81112,0.02815,ZeroMinusTick,178a5b5e-bf33-5213-8fee-ddebe191b14c,2.2833028e+11,81112,2283.3028
1658112585,ANKRUSDT,Buy,36,0.02815,ZeroMinusTick,ec2615d8-83f0-5837-a74e-9b4abfe9da98,1.0134000000000001e+08,36,1.0134
1658112585,ANKRUSDT,Buy,7062,0.02815,ZeroMinusTick,76656fb0-dabc-5a00-a06a-26d55322cbf8,1.987953e+10,7062,198.7953
1658112585,ANKRUSDT,Buy,26459,0.02820,PlusTick,7ca0b1b2-1b74-5068-8d48-4079d6fa4ceb,7.461438e+10,26459,746.1437999999999
1658112585,ANKRUSDT,Buy,74308,0.02820,ZeroMinusTick,6f67a50e-4c54-529a-86ae-80d82aff9456,2.0954856e+11,74308,2095.4856
1658112585,ANKRUSDT,Buy,31428,0.02820,ZeroMinusTick,1352f6e4-58f1-58af-b7c1-68d7388ae54c,8.862696e+10,31428,886.2696
1658112585,ANKRUSDT,Buy,42438,0.02820,ZeroMinusTick,42593878-fa88-5614-ae6d-865c1ad3022d,1.1967516e+11,42438,1196.7516
1658112585,ANKRUSDT,Buy,34236,0.02820,ZeroMinusTick,071c1f28-2647-56a4-a6ca-9abea4fb4c46,9.654552e+10,34236,965.4552
1658112585,ANKRUSDT,Buy,27422,0.02820,ZeroMinusTick,dc7f6873-0e58-5924-9628-707f5cc1c71f,7.733004e+10,27422,773.3004
1658112588,ANKRUSDT,Buy,28419,0.02815,MinusTick,e61b4a36-4b3c-5289-bc1e-e21b40426c5c,7.9999485e+10,28419,799.99485
1658112588,ANKRUSDT,Buy,28308,0.02815,ZeroMinusTick,12f72a01-7ff7-5914-b349-5448b2721838,7.968702e+10,28308,796.8702000000001
1658112588,ANKRUSDT,Buy,17761,0.02815,ZeroMinusTick,9cf0ff12-9f2a-57fa-9ab5-2b1c447af3e4,4.9997215e+10,17761,499.97215
1658112588,ANKRUSDT,Buy,28444,0.02815,ZeroMinusTick,91098079-fc1d-5a5a-9260-126538c6c809,8.006986e+10,28444,800.6986
1658112588,ANKRUSDT,Buy,28444,0.02815,ZeroMinusTick,b611b8c2-01a4-5aa5-8948-6cd936428bba,8.006986e+10,28444,800.6986
1658112588,ANKRUSDT,Buy,28444,0.02815,ZeroMinusTick,59e24e08-0b2d-52e9-bd06-8aa9e711004d,8.006986e+10,28444,800.6986
1658112588,ANKRUSDT,Buy,57578,0.02820,PlusTick,50790c2c-c1f5-544c-8aa3-fab4fa67d246,1.6236996e+11,57578,1623.6996
1658112588,ANKRUSDT,Buy,17794,0.02820,ZeroMinusTick,9e7e5e45-a2a2-5542-af3f-ab8c6d3dd16e,5.017908e+10,17794,501.7908
1658112588,ANKRUSDT,Buy,74359,0.02820,ZeroMinusTick,4a69f841-4a54-5e0c-b4bc-f075ce505dfa,2.0969238e+11,74359,2096.9238
1658112588,ANKRUSDT,Buy,47100,0.02820,ZeroMinusTick,6d467271-9673-519d-86e9-3672cb6c395a,1.32822e+11,47100,1328.22
1658112588,ANKRUSDT,Buy,103722,0.02820,ZeroMinusTick,aa0e08fe-4d01-526f-b5b6-5192418e9b96,2.9249604e+11,103722,2924.9604
1658112588,ANKRUSDT,Buy,3338,0.02820,ZeroMinusTick,da75705d-200e-53bd-8fa1-57fa62d1d801,9.41316e+09,3338,94.13159999999999
1658112588,ANKRUSDT,Buy,36,0.02820,ZeroMinusTick,1a4c9aac-0a04-5191-bce6-7f9a33abca42,1.0151999999999999e+08,36,1.0151999999999999
1658112588,ANKRUSDT,Buy,36253,0.02820,ZeroMinusTick,abb842df-3cb7-5a2b-8e33-91cadd032a47,1.0223346e+11,36253,1022.3346
1658112624,ANKRUSDT,Sell,838,0.02810,MinusTick,5d4840ce-0595-5c97-886a-107e30527551,2.35478e+09,838,23.5478
1658112624,ANKRUSDT,Sell,3565,0.02810,ZeroMinusTick,1e820b08-e5f6-5a86-a7bc-6a5472eaa996,1.001765e+10,3565,100.1765
1658112624,ANKRUSDT,Sell,3565,0.02810,ZeroMinusTick,626e5388-e412-5cbe-aaa7-0d3b9da2134d,1.001765e+10,3565,100.1765
1658112624,ANKRUSDT,Sell,3565,0.02810,ZeroMinusTick,ce14b1d9-9813-5108-9a05-c8f4deb01507,1.001765e+10,3565,100.1765
1658112624,ANKRUSDT,Sell,3565,0.02810,ZeroMinusTick,2a9bf18c-f06f-533b-afc1-884b12f4a6c2,1.001765e+10,3565,100.1765
1658112624,ANKRUSDT,Sell,3565,0.02810,ZeroMinusTick,5f4f9411-5c42-5dc1-9a77-00f73d447276,1.001765e+10,3565,100.1765
1658112624,ANKRUSDT,Sell,152,0.02810,ZeroMinusTick,b9eab31e-2d19-57c5-9824-71f5f0ed3fc8,4.2712000000000006e+08,152,4.2712
1658112624,ANKRUSDT,Sell,36,0.02810,ZeroMinusTick,550fc529-0365-5fac-b5ad-790904049331,1.0116e+08,36,1.0116
1658112624,ANKRUSDT,Sell,3377,0.02810,ZeroMinusTick,ee54ff4c-4b00-5710-8d3b-1e71de70a9da,9.48937e+09,3377,94.8937
1658112624,ANKRUSDT,Sell,3565,0.02810,ZeroMinusTick,3464aa8a-ac16-5835-bbfd-481887a3d636,1.001765e+10,3565,100.1765
1658112624,ANKRUSDT,Sell,3565,0.02810,ZeroMinusTick,439390e9-00fd-55b4-a28b-4c1b3eb3e75c,1.001765e+10,3565,100.1765
1658112624,ANKRUSDT,Sell,3565,0.02810,ZeroMinusTick,1bbd235c-c96d-55e0-96d5-ddebf6e0d087,1.001765e+10,3565,100.1765
1658112624,ANKRUSDT,Sell,3565,0.02810,ZeroMinusTick,5fae8afa-def2-5c6f-9e1a-2b7590c7c2c0,1.001765e+10,3565,100.1765
1658112624,ANKRUSDT,Sell,3565,0.02810,ZeroMinusTick,2fb85eb3-5a7e-5ab6-a8c4-1e53497661a4,1.001765e+10,3565,100.1765
1658112624,ANKRUSDT,Sell,3565,0.02810,ZeroMinusTick,c6cbe432-bbfc-5ab0-b03c-425b88ad76c2,1.001765e+10,3565,100.1765
1658112624,ANKRUSDT,Sell,3565,0.02810,ZeroMinusTick,753b8076-ca0b-5275-b6f2-3a6cb24c1693,1.001765e+10,3565,100.1765
1658112624,ANKRUSDT,Sell,3565,0.02810,ZeroMinusTick,83b34d87-643d-56db-b74a-1c2ef39cff2e,1.001765e+10,3565,100.1765
1658112627,ANKRUSDT,Sell,3565,0.02810,ZeroMinusTick,81dc191b-70e4-5b33-9b12-3f971dffb5f2,1.001765e+10,3565,100.1765
1658112627,ANKRUSDT,Sell,3565,0.02810,ZeroMinusTick,62d6cc13-113f-5893-a3b3-df3a84d16455,1.001765e+10,3565,100.1765
1658112627,ANKRUSDT,Sell,3565,0.02810,ZeroMinusTick,8932a14e-d040-548a-8b05-c766510e197c,1.001765e+10,3565,100.1765
1658112627,ANKRUSDT,Sell,3565,0.02810,ZeroMinusTick,f2116a0c-c00a-56ec-a404-72d4aa66a7e7,1.001765e+10,3565,100.1765
1658112629,ANKRUSDT,Buy,11195,0.02810,ZeroMinusTick,d2af8a71-de29-54f1-9907-f83dfe7c20db,3.145795e+10,11195,314.5795
1658112629,ANKRUSDT,Buy,3805,0.02810,ZeroMinusTick,080e43d9-1722-5fb0-8737-bbd2cddddd7c,1.069205e+10,3805,106.9205
1658112629,ANKRUSDT,Buy,6768,0.02810,ZeroMinusTick,702a0cce-7b77-5ddd-8085-6a23249a4618,1.901808e+10,6768,190.1808
1658112629,ANKRUSDT,Buy,9985,0.02810,ZeroMinusTick,b39b1994-5afd-5c21-866e-c24a342e3482,2.8057850000000004e+10,9985,280.5785
1658112629,ANKRUSDT,Buy,2062,0.02810,ZeroMinusTick,611d8813-b0d6-5574-8286-2a5b28ad7e96,5.79422e+09,2062,57.9422
1658112641,ANKRUSDT,Sell,3565,0.02810,ZeroMinusTick,7b77ca24-8c31-518a-8c32-c3ac1014682d,1.001765e+10,3565,100.1765
1658112641,ANKRUSDT,Sell,3565,0.02810,ZeroMinusTick,48942212-6e81-50dc-8d09-63138139c6b1,1.001765e+10,3565,100.1765
1658112641,ANKRUSDT,Sell,3565,0.02810,ZeroMinusTick,f92bb093-f95e-58c2-bdb8-a9b757599b00,1.001765e+10,3565,100.1765
1658112641,ANKRUSDT,Sell,3565,0.02810,ZeroMinusTick,73bbd005-98a9-5ac4-bbda-96d64e0fbbae,1.001765e+10,3565,100.1765
1658112641,ANKRUSDT,Sell,3565,0.02810,ZeroMinusTick,00a332ca-fb43-51bf-8dfc-5dac753d62e7,1.001765e+10,3565,100.1765
1658112641,ANKRUSDT,Sell,990,0.02810,ZeroMinusTick,426aa003-9edc-5e79-9ca4-9c4ca4e8395f,2.7819e+09,990,27.819
1658112672,ANKRUSDT,Buy,14999,0.02810,ZeroMinusTick,2f1e845a-d016-5156-ad16-0a12bf1dc9df,4.214719e+10,14999,421.4719
1658112710,ANKRUSDT,Buy,4,0.02815,PlusTick,8143cc09-8403-5ba0-b1cf-4aba655121aa,1.126e+07,4,0.1126
1658112765,ANKRUSDT,Buy,15000,0.02815,ZeroMinusTick,2df97e4c-6654-5695-8238-61c911fc6320,4.2225e+10,15000,422.25
1658112765,ANKRUSDT,Buy,8799,0.02815,ZeroMinusTick,a74bc40a-f273-59f9-9a09-6be0935351c1,2.4769185e+10,8799,247.69185000000002
1658112765,ANKRUSDT,Buy,8310,0.02815,ZeroMinusTick,61c7c829-a2cf-5bed-9373-d8245392c3d8,2.339265e+10,8310,233.9265
1658112765,ANKRUSDT,Buy,1706,0.02815,ZeroMinusTick,47841f07-0f70-5a90-95ac-572384447a68,4.80239e+09,1706,48.023900000000005
1658112769,ANKRUSDT,Sell,1706,0.02815,ZeroMinusTick,07fcb46f-4ca6-5134-be69-545755a4c6c1,4.80239e+09,1706,48.023900000000005
1658112769,ANKRUSDT,Sell,1859,0.02815,ZeroMinusTick,f758ca3f-9968-595e-b907-002b7e306743,5.233085000000001e+09,1859,52.330850000000005
1658112769,ANKRUSDT,Sell,3565,0.02815,ZeroMinusTick,b7a18911-b67d-58ab-b247-1b13dc297725,1.0035475000000002e+10,3565,100.35475000000001
1658112769,ANKRUSDT,Sell,3565,0.02815,ZeroMinusTick,2cf24342-88cc-5fe8-b238-1e0109ce6eda,1.0035475000000002e+10,3565,100.35475000000001
1658112769,ANKRUSDT,Sell,3565,0.02815,ZeroMinusTick,807dca47-6ad7-5fb2-97ae-3fff8e0f0f4b,1.0035475000000002e+10,3565,100.35475000000001
1658112769,ANKRUSDT,Sell,3565,0.02815,ZeroMinusTick,bccd6e9b-5684-54a1-9ddd-d45a82a919bc,1.0035475000000002e+10,3565,100.35475000000001
1658112769,ANKRUSDT,Sell,2696,0.02815,ZeroMinusTick,35b0b05c-39f3-566d-a121-6892b4cec637,7.589240000000001e+09,2696,75.89240000000001
1658112777,ANKRUSDT,Buy,18815,0.02815,ZeroMinusTick,c7056faf-3024-5aa7-8261-911fa99e94c4,5.2964225e+10,18815,529.64225
1658112777,ANKRUSDT,Buy,9431,0.02815,ZeroMinusTick,5f5301f9-01e3-5956-99e6-40ed1f5b72ec,2.6548265000000004e+10,9431,265.48265000000004
1658112787,ANKRUSDT,Sell,2577,0.02815,ZeroMinusTick,663800e2-3b3b-5997-87ef-279d1519ead0,7.254255000000001e+09,2577,72.54255
1658112787,ANKRUSDT,Sell,229,0.02815,ZeroMinusTick,d09e2c45-2f5d-5ea3-a5ba-b7b3c27dfa1b,6.446350000000001e+08,229,6.446350000000001
1658112787,ANKRUSDT,Sell,2348,0.02815,ZeroMinusTick,60c9bcbd-312d-546c-b62b-f366f2132f05,6.609620000000001e+09,2348,66.09620000000001
1658112787,ANKRUSDT,Sell,3565,0.02815,ZeroMinusTick,5d246e11-d40f-5097-a594-51add6c7d7b3,1.0035475000000002e+10,3565,100.35475000000001
1658112787,ANKRUSDT,Sell,3565,0.02815,ZeroMinusTick,d086539d-588c-51cb-ac4c-5d814dc820f2,1.0035475000000002e+10,3565,100.35475000000001
1658112787,ANKRUSDT,Sell,3565,0.02815,ZeroMinusTick,4006b6d2-fb3f-5fda-9039-576e71d23181,1.0035475000000002e+10,3565,100.35475000000001
1658112787,ANKRUSDT,Sell,5772,0.02815,ZeroMinusTick,9995ecc5-a51c-532a-b5ef-247f194aa7fb,1.6248180000000002e+10,5772,162.48180000000002
1658112800,ANKRUSDT,Buy,8856,0.02815,ZeroMinusTick,07c04998-091a-509a-b83f-27efe7d6440b,2.492964e+10,8856,249.2964
1658112800,ANKRUSDT,Buy,8364,0.02815,ZeroMinusTick,b01c7705-7a54-59bc-a4fa-1420ef095d15,2.354466e+10,8364,235.44660000000002
1658112800,ANKRUSDT,Buy,1595,0.02815,ZeroMinusTick,cb7b6e29-18ae-5eea-b548-02f863466d13,4.489925e+09,1595,44.89925
1658112882,ANKRUSDT,Buy,15000,0.02815,ZeroMinusTick,40f7693b-8353-5780-8b1d-14ccd4c62904,4.2225e+10,15000,422.25
1658112916,ANKRUSDT,Sell,3565,0.02810,MinusTick,2d5ca22f-3205-562e-aa7d-4535384cba71,1.001765e+10,3565,100.1765
1658112916,ANKRUSDT,Sell,3565,0.02810,ZeroMinusTick,dc53b8ef-0ffd-534b-ad86-79f6ec0d2fab,1.001765e+10,3565,100.1765
1658112916,ANKRUSDT,Sell,11671,0.02810,ZeroMinusTick,2de8ef1e-c359-5551-a9ad-eaf1edabf464,3.279551e+10,11671,327.9551
1658112916,ANKRUSDT,Sell,16669,0.02810,ZeroMinusTick,88241805-7b92-5933-a5d9-00d0d2441725,4.683989e+10,16669,468.3989
1658112916,ANKRUSDT,Sell,3565,0.02810,ZeroMinusTick,a017c56f-ca93-5e40-ab98-50be04264131,1.001765e+10,3565,100.1765
1658112916,ANKRUSDT,Sell,3565,0.02810,ZeroMinusTick,5842dda1-3c50-531a-8de6-cc60cea0453c,1.001765e+10,3565,100.1765
1658112916,ANKRUSDT,Sell,3565,0.02810,ZeroMinusTick,26eb8e69-ca6e-5d97-8acf-adeaf77236a4,1.001765e+10,3565,100.1765
1658112916,ANKRUSDT,Sell,3565,0.02810,ZeroMinusTick,bc3d4df0-1f6f-5ed1-a967-e1b39dd7168f,1.001765e+10,3565,100.1765
1658112916,ANKRUSDT,Sell,3565,0.02810,ZeroMinusTick,99c91013-db88-5b03-97fe-637b4a6379fa,1.001765e+10,3565,100.1765
1658112916,ANKRUSDT,Sell,3565,0.02810,ZeroMinusTick,942c2c28-c6b9-5d5e-acd0-b5314aa37bdc,1.001765e+10,3565,100.1765
1658112916,ANKRUSDT,Sell,3565,0.02810,ZeroMinusTick,f89a67ca-ff6d-5646-9954-a61cab521642,1.001765e+10,3565,100.1765
1658112916,ANKRUSDT,Sell,3565,0.02810,ZeroMinusTick,e86a9197-59f5-5496-abbf-dfe610c54032,1.001765e+10,3565,100.1765
1658112916,ANKRUSDT,Sell,3565,0.02810,ZeroMinusTick,1bad4c3c-dc0b-53f6-8eea-49fdb4dc5504,1.001765e+10,3565,100.1765
1658112916,ANKRUSDT,Sell,3565,0.02810,ZeroMinusTick,3294cf4c-2ca9-572a-98f3-b13ae4967477,1.001765e+10,3565,100.1765
1658112916,ANKRUSDT,Sell,3565,0.02810,ZeroMinusTick,9143f430-0b1e-52a8-9a3e-e496c85e6f8e,1.001765e+10,3565,100.1765
1658112916,ANKRUSDT,Sell,3565,0.02810,ZeroMinusTick,32c95752-5e00-5dfc-9d01-88b72f85c853,1.001765e+10,3565,100.1765
1658112916,ANKRUSDT,Sell,3565,0.02810,ZeroMinusTick,4dc31830-c5e7-588c-81a4-a9041bacd814,1.001765e+10,3565,100.1765
1658112916,ANKRUSDT,Sell,3565,0.02810,ZeroMinusTick,8f620a9e-1f3b-5eeb-a5f8-d069152d7abd,1.001765e+10,3565,100.1765
1658112916,ANKRUSDT,Sell,3565,0.02810,ZeroMinusTick,c1743941-3e52-58ca-a234-3bf9c96c22a4,1.001765e+10,3565,100.1765
1658112917,ANKRUSDT,Sell,990,0.02810,ZeroMinusTick,8cfc0fa0-81f2-5c4e-b586-5bcd10af6b84,2.7819e+09,990,27.819
1658112921,ANKRUSDT,Buy,18815,0.02810,ZeroMinusTick,7c619221-61f6-5d97-a515-5830f9da467b,5.287015e+10,18815,528.7015
1658112921,ANKRUSDT,Buy,9591,0.02810,ZeroMinusTick,d7899250-e054-5c2a-bedb-d57a092898fa,2.6950709999999996e+10,9591,269.5071
1658112930,ANKRUSDT,Buy,13,0.02810,ZeroMinusTick,cfdb7f0a-502c-5aa6-9d47-32dcf456f6c1,3.653e+07,13,0.3653
1658112933,ANKRUSDT,Buy,18802,0.02810,ZeroMinusTick,7f409195-f8f1-5883-8b1b-b4290d95d78e,5.283362e+10,18802,528.3362
1658112974,ANKRUSDT,Buy,15000,0.02810,ZeroMinusTick,3e60db70-3959-5bd4-b268-cb6759edbcde,4.215e+10,15000,421.5
1658113032,ANKRUSDT,Sell,3565,0.02810,ZeroMinusTick,aeb0ff3b-5283-5a21-a4f1-2c52f20c2975,1.001765e+10,3565,100.1765
1658113032,ANKRUSDT,Sell,3565,0.02810,ZeroMinusTick,02b4d2f0-3214-532b-8b22-9cbcd0fa0544,1.001765e+10,3565,100.1765
1658113032,ANKRUSDT,Sell,3565,0.02810,ZeroMinusTick,448f00fe-869c-5663-beab-8bc18f8219d6,1.001765e+10,3565,100.1765
1658113032,ANKRUSDT,Sell,3565,0.02810,ZeroMinusTick,60456877-0382-5add-b20a-39a52b7a4f7a,1.001765e+10,3565,100.1765
1658113032,ANKRUSDT,Sell,3565,0.02810,ZeroMinusTick,593068f8-5e13-5945-9d7f-308cae001ffe,1.001765e+10,3565,100.1765
1658113032,ANKRUSDT,Sell,3565,0.02810,ZeroMinusTick,8e8d300b-10de-50fa-b556-14516ac510a0,1.001765e+10,3565,100.1765
1658113032,ANKRUSDT,Sell,4555,0.02810,ZeroMinusTick,be7601da-d6b3-5210-940a-52fc0461287e,1.279955e+10,4555,127.9955
1658113036,ANKRUSDT,Buy,14999,0.02810,ZeroMinusTick,12b63f3e-4da6-546f-868e-a1337017b94f,4.214719e+10,14999,421.4719
1658113045,ANKRUSDT,Buy,18815,0.02810,ZeroMinusTick,3431d362-88c3-51fe-8723-00614189ba20,5.287015e+10,18815,528.7015
1658113099,ANKRUSDT,Sell,42438,0.02810,ZeroMinusTick,46c5fa19-e717-5e10-b309-298d4e3dca0f,1.1925078000000002e+11,42438,1192.5078
1658113099,ANKRUSDT,Sell,18815,0.02810,ZeroMinusTick,f6c6e66f-296c-50b3-88a3-fd60a86d6d29,5.287015e+10,18815,528.7015
1658113099,ANKRUSDT,Sell,83524,0.02810,ZeroMinusTick,a16d615a-1abf-5654-948e-a3815f45cf6c,2.3470243999999997e+11,83524,2347.0244
1658113099,ANKRUSDT,Sell,17793,0.02810,ZeroMinusTick,255122df-145e-557e-9ff5-99945943e94c,4.999833e+10,17793,499.9833
1658113099,ANKRUSDT,Sell,10043,0.02810,ZeroMinusTick,fd3f8ffc-63b3-557e-b06c-c63d16e8f059,2.822083e+10,10043,282.2083
1658113099,ANKRUSDT,Sell,15000,0.02810,ZeroMinusTick,930a0050-6e3b-5c23-8119-e05f6ca3d66a,4.215e+10,15000,421.5
1658113099,ANKRUSDT,Sell,102921,0.02805,MinusTick,da45f86c-b814-5def-9439-fadad5349ff7,2.88693405e+11,102921,2886.93405
1658113099,ANKRUSDT,Sell,20000,0.02805,ZeroMinusTick,a62c9f16-0e14-586c-a4a3-378747aa8a75,5.61e+10,20000,561
1658113099,ANKRUSDT,Sell,80486,0.02805,ZeroMinusTick,3d0e44fd-ac72-5bf1-b5bb-e14a0d10f1af,2.2576322999999997e+11,80486,2257.6322999999998
1658113099,ANKRUSDT,Sell,108980,0.02805,ZeroMinusTick,cc569b70-0b7f-5e86-b0d8-e71bddc5c7c7,3.0568889999999994e+11,108980,3056.8889999999997
1658113099,ANKRUSDT,Sell,18815,0.02810,PlusTick,8306d383-1ce7-5280-b6fe-4b4747f583d9,5.287015e+10,18815,528.7015
1658113099,ANKRUSDT,Sell,12167,0.02805,MinusTick,f8016cf8-f18e-5723-ba20-9873b893a59f,3.4128434999999996e+10,12167,341.28434999999996
1658113099,ANKRUSDT,Sell,40160,0.02805,ZeroMinusTick,89f80659-57ea-5fcd-aebd-f2fbb7fd672a,1.1264879999999998e+11,40160,1126.4879999999998
1658113099,ANKRUSDT,Sell,33990,0.02805,ZeroMinusTick,28f1ca57-9068-567c-aa83-07c5f5bb5ad6,9.534195e+10,33990,953.4195
1658113099,ANKRUSDT,Sell,31428,0.02805,ZeroMinusTick,155a50d8-aafa-5d8b-b2d9-9e2b608ede7c,8.815554e+10,31428,881.5554
1658113099,ANKRUSDT,Sell,76464,0.02805,ZeroMinusTick,dca93f37-0d94-54e2-8d71-b3d1f7b9fff6,2.1448152e+11,76464,2144.8152
1658113099,ANKRUSDT,Sell,2852,0.02805,ZeroMinusTick,b4bf43af-478e-581f-ac38-640fc55d5978,7.99986e+09,2852,79.9986
1658113099,ANKRUSDT,Sell,28469,0.02805,ZeroMinusTick,599e7120-1260-5c64-86fe-1128955253d2,7.9855545e+10,28469,798.55545
1658113099,ANKRUSDT,Sell,28469,0.02805,ZeroMinusTick,489fabd3-4e09-5551-a808-c545dcfbd9fc,7.9855545e+10,28469,798.55545
1658113099,ANKRUSDT,Sell,28469,0.02805,ZeroMinusTick,48e54348-296e-5762-887d-f8ba220e087e,7.9855545e+10,28469,798.55545
1658113099,ANKRUSDT,Sell,28469,0.02805,ZeroMinusTick,92f1fbd6-7fc9-5837-bedf-97354d4d9352,7.9855545e+10,28469,798.55545
1658113099,ANKRUSDT,Sell,170248,0.02805,ZeroMinusTick,ad5e4b8c-21a7-5fd3-b63c-4d8b2a382e2c,4.7754564e+11,170248,4775.4564
1658113099,ANKRUSDT,Sell,15000,0.02805,ZeroMinusTick,e6933857-aecb-5f50-8d4a-1bfba5190bb3,4.2075e+10,15000,420.75
1658113099,ANKRUSDT,Sell,36138,0.02805,ZeroMinusTick,74dc4fa3-2bda-5f5e-8942-44502a9c57d9,1.0136709e+11,36138,1013.6709
1658113099,ANKRUSDT,Sell,17825,0.02805,ZeroMinusTick,27730e54-786a-5ceb-807a-4b94a11c76d3,4.9999125e+10,17825,499.99125
1658113099,ANKRUSDT,Sell,19368,0.02805,ZeroMinusTick,c1256739-ac86-5091-947f-6f1ac66e3767,5.432723999999999e+10,19368,543.2724
1658113099,ANKRUSDT,Sell,60000,0.02800,MinusTick,bbdd61c4-9351-5e96-8fd3-dba55cbdd4f9,1.68e+11,60000,1680
1658113099,ANKRUSDT,Sell,300000,0.02800,ZeroMinusTick,f20e6ec9-6416-546b-805e-ad6ba2bc2bdd,8.4e+11,300000,8400
1658113099,ANKRUSDT,Sell,51669,0.02800,ZeroMinusTick,dba669fc-4226-5231-84fc-5832bd4627ad,1.446732e+11,51669,1446.732
1658113099,ANKRUSDT,Sell,15000,0.02805,PlusTick,a55b7913-f5b1-5de2-8ce6-c21e7fff7301,4.2075e+10,15000,420.75
1658113099,ANKRUSDT,Sell,22757,0.02800,MinusTick,81f13fb3-3c52-583a-95f7-136006a7b976,6.37196e+10,22757,637.196
1658113099,ANKRUSDT,Sell,82288,0.02800,ZeroMinusTick,1d6d19b5-40a7-5ce9-9e33-7e425454ca14,2.304064e+11,82288,2304.064
1658113099,ANKRUSDT,Sell,102838,0.02800,ZeroMinusTick,8a7b5158-02ba-5df7-8e45-5592c3401cca,2.879464e+11,102838,2879.464
1658113099,ANKRUSDT,Sell,38030,0.02800,ZeroMinusTick,b7ae404f-6aac-5386-9276-90e0abceb7be,1.0648399999999998e+11,38030,1064.84
1658113099,ANKRUSDT,Sell,141669,0.02800,ZeroMinusTick,3b0f9d64-422f-5b93-97d4-a3770083438a,3.966732e+11,141669,3966.732
1658113099,ANKRUSDT,Sell,280,0.02800,ZeroMinusTick,17447eec-db8f-5bf6-81b2-a82027857014,7.84e+08,280,7.84
1658113099,ANKRUSDT,Sell,34236,0.02800,ZeroMinusTick,eb74dd2b-67f5-5719-9117-22d1a6718836,9.58608e+10,34236,958.6080000000001
1658113099,ANKRUSDT,Sell,1435,0.02800,ZeroMinusTick,08394fd9-28e6-5f3e-ab3f-606a47cf1342,4.018e+09,1435,40.18
1658113099,ANKRUSDT,Sell,9397,0.02800,ZeroMinusTick,8bc0068f-04db-5000-967f-e6549c474299,2.63116e+10,9397,263.116
1658113099,ANKRUSDT,Sell,29448,0.02800,ZeroMinusTick,7aaf2b25-201b-5d4d-8ed6-7e6cfb95d01f,8.24544e+10,29448,824.544
1658113099,ANKRUSDT,Sell,22622,0.02800,ZeroMinusTick,70c2488c-3142-5f0f-aa09-0bb1b632c3a8,6.334160000000001e+10,22622,633.416
1658113099,ANKRUSDT,Buy,18815,0.02810,PlusTick,eb0e4825-be7d-5a06-b25d-ebaa74ac5748,5.287015e+10,18815,528.7015
1658113099,ANKRUSDT,Buy,15000,0.02810,ZeroMinusTick,b9ed73f6-e583-569a-94b3-97961a59b385,4.215e+10,15000,421.5
1658113099,ANKRUSDT,Sell,2508,0.02810,ZeroMinusTick,8e530e51-6e11-5a09-91cc-c1f993e9c509,7.04748e+09,2508,70.4748
1658113099,ANKRUSDT,Sell,2508,0.02810,ZeroMinusTick,9e13b643-fc14-5478-9e17-287424022929,7.04748e+09,2508,70.4748
1658113110,ANKRUSDT,Sell,1,0.02810,ZeroMinusTick,627dd061-2dcc-5a56-b269-d13aa03812c2,2.81e+06,1,0.0281
1658113132,ANKRUSDT,Sell,3565,0.02810,ZeroMinusTick,c519d7c4-4749-5675-957a-e6e6a1f89319,1.001765e+10,3565,100.1765
1658113132,ANKRUSDT,Sell,1824,0.02810,ZeroMinusTick,79283533-875e-5b39-a089-5041ac960d5c,5.12544e+09,1824,51.2544
1658113132,ANKRUSDT,Sell,356,0.02810,ZeroMinusTick,24efcef6-8f7d-5949-b02d-7a8e4bafbcd6,1.00036e+09,356,10.0036
1658113132,ANKRUSDT,Sell,356,0.02810,ZeroMinusTick,7811dd63-234e-5c4a-bdeb-2b81dd6460a9,1.00036e+09,356,10.0036
1658113140,ANKRUSDT,Sell,3565,0.02810,ZeroMinusTick,6307ff00-631c-523e-a293-27e2e84ca566,1.001765e+10,3565,100.1765
1658113140,ANKRUSDT,Sell,3565,0.02810,ZeroMinusTick,36ddc5a2-c9d4-5267-ac7e-14813bd397eb,1.001765e+10,3565,100.1765
1658113140,ANKRUSDT,Sell,3565,0.02810,ZeroMinusTick,0ed4c7a2-d60e-56c4-9ee7-99bce8cb171b,1.001765e+10,3565,100.1765
1658113140,ANKRUSDT,Sell,1322,0.02810,ZeroMinusTick,8898b140-044f-5bc6-a7c4-c8484203d371,3.7148200000000005e+09,1322,37.1482
1658113140,ANKRUSDT,Sell,3565,0.02810,ZeroMinusTick,79e1d7d4-f9c9-5487-a823-362def4e8ea5,1.001765e+10,3565,100.1765
1658113141,ANKRUSDT,Sell,1322,0.02810,ZeroMinusTick,91ca6909-b386-5dc8-b375-7fbc02f55443,3.7148200000000005e+09,1322,37.1482
1658113141,ANKRUSDT,Sell,3565,0.02810,ZeroMinusTick,efc0f357-96bd-5f83-a78e-0d1c20f82e75,1.001765e+10,3565,100.1765
1658113141,ANKRUSDT,Sell,3565,0.02810,ZeroMinusTick,4287a788-f72a-5dee-9722-eda0ab7a515c,1.001765e+10,3565,100.1765
1658113141,ANKRUSDT,Sell,3565,0.02810,ZeroMinusTick,fc7d621b-1fe2-5a06-80b7-fd9b4bd7a211,1.001765e+10,3565,100.1765
1658113141,ANKRUSDT,Sell,3565,0.02810,ZeroMinusTick,08defaec-87b3-5ab1-8dd8-24aaf2ad86eb,1.001765e+10,3565,100.1765
1658113141,ANKRUSDT,Sell,3565,0.02810,ZeroMinusTick,c8f0fd01-2945-5bd1-a558-849cb1033cba,1.001765e+10,3565,100.1765
1658113141,ANKRUSDT,Sell,3565,0.02810,ZeroMinusTick,7e100b0d-a9b3-5d6a-9b72-446e7ccf2644,1.001765e+10,3565,100.1765
1658113141,ANKRUSDT,Sell,3565,0.02810,ZeroMinusTick,fb74e459-306d-55d7-8e04-bb3b1adcb68a,1.001765e+10,3565,100.1765
1658113141,ANKRUSDT,Sell,3565,0.02810,ZeroMinusTick,54b5e6df-ef47-57b3-a21e-02b2b7ebff63,1.001765e+10,3565,100.1765
1658113141,ANKRUSDT,Sell,3565,0.02810,ZeroMinusTick,5f2541c9-420e-5b14-a27c-35f327c85384,1.001765e+10,3565,100.1765
1658113141,ANKRUSDT,Sell,3565,0.02810,ZeroMinusTick,77f7e773-33a8-5ed9-ac9b-c01e296e10c0,1.001765e+10,3565,100.1765
1658113141,ANKRUSDT,Sell,3565,0.02810,ZeroMinusTick,4089663d-a2e3-5a7a-8d66-4703d758d57a,1.001765e+10,3565,100.1765
1658113141,ANKRUSDT,Sell,3565,0.02810,ZeroMinusTick,df6e9654-e50b-530a-9ef1-6835c8045ac4,1.001765e+10,3565,100.1765
1658113141,ANKRUSDT,Sell,3565,0.02810,ZeroMinusTick,2e9ea145-fab0-53bf-8df5-318c6b29db69,1.001765e+10,3565,100.1765
1658113145,ANKRUSDT,Sell,3565,0.02810,ZeroMinusTick,fa309594-b4f4-5dee-ab61-74929b9892e8,1.001765e+10,3565,100.1765
1658113146,ANKRUSDT,Sell,3565,0.02810,ZeroMinusTick,b08bfb7e-906d-5d83-b9d8-9003376568e4,1.001765e+10,3565,100.1765
1658113146,ANKRUSDT,Sell,3565,0.02810,ZeroMinusTick,2609cc37-94f9-51bd-9140-b82d0f910170,1.001765e+10,3565,100.1765
1658113146,ANKRUSDT,Sell,3565,0.02810,ZeroMinusTick,caa8a3a4-7efa-540e-8801-321f274db393,1.001765e+10,3565,100.1765
1658113146,ANKRUSDT,Sell,3565,0.02810,ZeroMinusTick,9a0a41d6-a649-53a4-98a1-c7a267309769,1.001765e+10,3565,100.1765
1658113146,ANKRUSDT,Sell,3565,0.02810,ZeroMinusTick,719359d4-9e74-5e97-8742-17b1560a3a44,1.001765e+10,3565,100.1765
1658113146,ANKRUSDT,Sell,3565,0.02810,ZeroMinusTick,bbbe5610-fdec-5fd7-a714-ff949c0e19ea,1.001765e+10,3565,100.1765
1658113146,ANKRUSDT,Sell,3565,0.02810,ZeroMinusTick,1bafcac1-e796-53a1-9fcb-1dee353bb8c4,1.001765e+10,3565,100.1765
1658113146,ANKRUSDT,Sell,3565,0.02810,ZeroMinusTick,a8a37fbe-2fda-5e05-aa8f-9b0a1b6a2a15,1.001765e+10,3565,100.1765
1658113146,ANKRUSDT,Sell,3370,0.02810,ZeroMinusTick,e968eccc-4efa-54f7-b05d-3fcd16f07395,9.4697e+09,3370,94.697
1658113146,ANKRUSDT,Sell,3370,0.02810,ZeroMinusTick,de934ec1-1add-568d-b861-e78d03c872a2,9.4697e+09,3370,94.697
1658113152,ANKRUSDT,Sell,3565,0.02810,ZeroMinusTick,f02035e4-89d4-53cf-ac6a-ec0f1b52f427,1.001765e+10,3565,100.1765
1658113152,ANKRUSDT,Sell,3565,0.02810,ZeroMinusTick,dfbc8119-a1df-5147-90cc-9d8bb74ce4ad,1.001765e+10,3565,100.1765
1658113152,ANKRUSDT,Sell,3565,0.02810,ZeroMinusTick,7e87ec80-58b7-5da0-879b-9563fecea5bd,1.001765e+10,3565,100.1765
1658113152,ANKRUSDT,Sell,3565,0.02810,ZeroMinusTick,025c9b4a-d0c3-588e-bc4c-ea5611c718ae,1.001765e+10,3565,100.1765
1658113152,ANKRUSDT,Sell,3565,0.02810,ZeroMinusTick,550c75c4-332f-5ac8-85e4-b53ba76b8f98,1.001765e+10,3565,100.1765
1658113153,ANKRUSDT,Sell,3565,0.02810,ZeroMinusTick,cc14cb9b-8763-5c4c-bd1a-2c7b4ccc0ee2,1.001765e+10,3565,100.1765
1658113153,ANKRUSDT,Sell,3565,0.02810,ZeroMinusTick,0770b21a-db8f-502f-8163-1e87f61a34a8,1.001765e+10,3565,100.1765
1658113153,ANKRUSDT,Sell,3565,0.02810,ZeroMinusTick,085f7df8-5985-57a3-afd7-7d2b147b37ff,1.001765e+10,3565,100.1765
1658113153,ANKRUSDT,Sell,2885,0.02810,ZeroMinusTick,9bb5bb93-10ca-5bbe-8174-e688e55bb2a1,8.10685e+09,2885,81.0685
1658113153,ANKRUSDT,Sell,680,0.02810,ZeroMinusTick,0b9a876e-6114-527e-98bd-2f5c8fc8dfef,1.9108e+09,680,19.108
1658113158,ANKRUSDT,Sell,18135,0.02810,ZeroMinusTick,5a0f7217-4ac2-56fa-a6c7-2c41e18ddc30,5.095935e+10,18135,509.5935
1658113160,ANKRUSDT,Sell,18815,0.02805,MinusTick,634ab911-b8ae-5257-903f-bf4bf3215e1f,5.277607499999999e+10,18815,527.7607499999999
1658113180,ANKRUSDT,Sell,18,0.02800,MinusTick,57941497-6595-5d84-80da-6b6b660faa3a,5.04e+07,18,0.504
1658113189,ANKRUSDT,Buy,15000,0.02805,PlusTick,9f549fd1-9155-5ead-b291-ae4fdf976f78,4.2075e+10,15000,420.75
1658113189,ANKRUSDT,Buy,17825,0.02805,ZeroMinusTick,41d6f70a-d02f-59db-830a-3f32566f6249,4.9999125e+10,17825,499.99125
1658113261,ANKRUSDT,Buy,2043,0.02810,PlusTick,0a2c237c-3721-5b21-81b3-ac3ecea11fd9,5.74083e+09,2043,57.4083
1658113380,ANKRUSDT,Sell,1,0.02805,MinusTick,3b51e398-dab0-57eb-bc57-035821e11b7c,2.805e+06,1,0.02805
1658113520,ANKRUSDT,Buy,9,0.02810,PlusTick,bcc7f307-1446-57db-a029-3ad192ec0cee,2.529e+07,9,0.2529
1658113585,ANKRUSDT,Buy,16763,0.02810,ZeroMinusTick,91543f26-c1a6-5ef1-abbe-a4c1d8060e19,4.710403e+10,16763,471.0403
1658113585,ANKRUSDT,Buy,11601,0.02810,ZeroMinusTick,c620ba9a-ea63-5d31-9d34-34c098f6370b,3.2598809999999996e+10,11601,325.9881
1658113627,ANKRUSDT,Buy,18815,0.02810,ZeroMinusTick,411e35f9-4e73-5faa-9117-3a704e7bb12b,5.287015e+10,18815,528.7015
1658113670,ANKRUSDT,Buy,9,0.02815,PlusTick,a2ec54df-6c91-5edd-bdd2-f719f8fb183e,2.5335000000000004e+07,9,0.25335
1658113687,ANKRUSDT,Sell,18815,0.02810,MinusTick,b3700e2c-9d69-5b1f-a042-9ae36d6272a3,5.287015e+10,18815,528.7015
1658113687,ANKRUSDT,Sell,1718,0.02810,ZeroMinusTick,a9f47e55-8ef5-588e-b26b-09fc03c0e384,4.82758e+09,1718,48.2758
1658113800,ANKRUSDT,Sell,1,0.02810,ZeroMinusTick,080aa1a2-9d85-5df0-ba86-d16a58958733,2.81e+06,1,0.0281
1658113890,ANKRUSDT,Buy,18,0.02810,ZeroMinusTick,c98b5d11-68f3-5a43-bf82-029114a5163c,5.058e+07,18,0.5058
1658114007,ANKRUSDT,Sell,36,0.02805,MinusTick,748f934c-0fd4-5fa0-9c9a-e1fd8bb1db81,1.0098e+08,36,1.0098
1658114090,ANKRUSDT,Buy,10,0.02800,MinusTick,7ac110b8-19cd-5502-9a50-1605f9c6fb53,2.8000000000000004e+07,10,0.28
1658114113,ANKRUSDT,Buy,18805,0.02800,ZeroMinusTick,b08e42a6-7a1e-525a-9799-cb7e3dd5c317,5.2654e+10,18805,526.54
1658114180,ANKRUSDT,Buy,6,0.02805,PlusTick,5422451b-db9a-5230-8221-f01b671e5ea5,1.683e+07,6,0.1683
1658114300,ANKRUSDT,Sell,2,0.02800,MinusTick,61ed1936-4738-5d66-8078-2d7e97996618,5.6e+06,2,0.056
1658114374,ANKRUSDT,Buy,28473,0.02805,PlusTick,75a816a1-13ad-52c0-b6d3-d746176031eb,7.9866765e+10,28473,798.66765
1658114431,ANKRUSDT,Buy,3565,0.02805,ZeroMinusTick,0ca43fb9-dc03-5fab-8230-f1b0c00dd6a7,9.999825e+09,3565,99.99825
1658114431,ANKRUSDT,Buy,28498,0.02805,ZeroMinusTick,6601d48d-058d-5094-ae29-2878e0a7be3f,7.993689e+10,28498,799.3688999999999
1658114431,ANKRUSDT,Buy,3565,0.02805,ZeroMinusTick,8ebc3360-bd31-5db8-b87a-198b6e60bb0d,9.999825e+09,3565,99.99825
1658114431,ANKRUSDT,Buy,3565,0.02805,ZeroMinusTick,7e196879-5b6b-5d5d-b1e8-0a9b6bc74322,9.999825e+09,3565,99.99825
1658114431,ANKRUSDT,Buy,3565,0.02805,ZeroMinusTick,be84b7c5-21fc-5fe7-a900-a25f06392549,9.999825e+09,3565,99.99825
1658114431,ANKRUSDT,Buy,3565,0.02805,ZeroMinusTick,47f802d9-a723-5e1a-9c11-d70ef8200c45,9.999825e+09,3565,99.99825
1658114431,ANKRUSDT,Buy,3565,0.02805,ZeroMinusTick,f2df7575-a36f-5021-8ec2-b189f0763ca7,9.999825e+09,3565,99.99825
1658114431,ANKRUSDT,Buy,3565,0.02805,ZeroMinusTick,1dee218e-6109-5754-8504-bf307028b9d8,9.999825e+09,3565,99.99825
1658114431,ANKRUSDT,Buy,3565,0.02805,ZeroMinusTick,743bd2f7-074a-5036-9a9e-b325d8f433d9,9.999825e+09,3565,99.99825
1658114431,ANKRUSDT,Buy,3565,0.02805,ZeroMinusTick,790c7bcf-59aa-5ea3-8227-3c6a12392b55,9.999825e+09,3565,99.99825
1658114432,ANKRUSDT,Buy,3565,0.02805,ZeroMinusTick,ff935c9a-55e6-51f1-9a48-ee331ad58fe4,9.999825e+09,3565,99.99825
1658114432,ANKRUSDT,Buy,3565,0.02805,ZeroMinusTick,b2c092f9-32da-5880-867b-7e847d285eff,9.999825e+09,3565,99.99825
1658114432,ANKRUSDT,Buy,3565,0.02805,ZeroMinusTick,d0b580f0-be03-5a26-8417-32600412b6ea,9.999825e+09,3565,99.99825
1658114432,ANKRUSDT,Buy,3565,0.02805,ZeroMinusTick,e0213567-82e6-5900-ac70-c69ae9176149,9.999825e+09,3565,99.99825
1658114432,ANKRUSDT,Buy,3565,0.02805,ZeroMinusTick,25d29405-27e2-56d5-97fc-b47fa60c59c6,9.999825e+09,3565,99.99825
1658114436,ANKRUSDT,Buy,3565,0.02805,ZeroMinusTick,4189697d-199c-584c-bfb6-a2e08939fd6e,9.999825e+09,3565,99.99825
1658114436,ANKRUSDT,Buy,3565,0.02805,ZeroMinusTick,ccfffa6f-63da-5481-87e5-55e45ff2fc84,9.999825e+09,3565,99.99825
1658114436,ANKRUSDT,Buy,1019,0.02805,ZeroMinusTick,7895eca1-bb4e-5653-8068-185256534f67,2.8582949999999995e+09,1019,28.582949999999997
1658114440,ANKRUSDT,Sell,5,0.02800,MinusTick,c0308eef-6002-53ae-919f-284de44c7c33,1.4000000000000002e+07,5,0.14
1658114443,ANKRUSDT,Buy,63340,0.02805,PlusTick,df220302-f870-5d64-9697-4816ce03ef98,1.776687e+11,63340,1776.687
1658114515,ANKRUSDT,Buy,431,0.02810,PlusTick,fa2cd0d8-2949-5fe8-b36a-d429a2c7a708,1.21111e+09,431,12.1111
1658114634,ANKRUSDT,Buy,3565,0.02810,ZeroMinusTick,24b49723-f197-5a3e-84f5-e95ed693c44a,1.001765e+10,3565,100.1765
1658114634,ANKRUSDT,Buy,3565,0.02810,ZeroMinusTick,faf49571-dae5-5f69-80b1-48789061d40a,1.001765e+10,3565,100.1765
1658114634,ANKRUSDT,Buy,3565,0.02810,ZeroMinusTick,f113ca8a-a2d9-5c2d-b4f1-3e3bdff1e2ca,1.001765e+10,3565,100.1765
1658114634,ANKRUSDT,Buy,7671,0.02810,ZeroMinusTick,d6209ebe-9769-585a-ba42-9d3ff6fe2a65,2.155551e+10,7671,215.5551
1658114640,ANKRUSDT,Buy,18,0.02815,PlusTick,8dadb69e-37ef-532f-8921-89efed56f193,5.067000000000001e+07,18,0.5067
1658114720,ANKRUSDT,Buy,11,0.02815,ZeroMinusTick,9543bb81-b6e7-555a-9fd0-1fd58f33b4e3,3.0965000000000004e+07,11,0.30965000000000004
1658114833,ANKRUSDT,Sell,15000,0.02815,ZeroMinusTick,894f4880-6970-58ca-adca-a13b75181874,4.2225e+10,15000,422.25
1658114833,ANKRUSDT,Sell,13513,0.02815,ZeroMinusTick,436b533f-aa4c-5365-a669-52eded8f07f1,3.8039095e+10,13513,380.39095000000003
1658114870,ANKRUSDT,Buy,10,0.02815,ZeroMinusTick,469bb487-0741-5548-842b-ae4529a67653,2.8150000000000004e+07,10,0.28150000000000003
1658114913,ANKRUSDT,Sell,18815,0.02810,MinusTick,34b9dfba-1cd8-572c-8f7f-a11b5b511727,5.287015e+10,18815,528.7015
1658114940,ANKRUSDT,Sell,8,0.02810,ZeroMinusTick,67d5fadd-0b8d-5945-ae60-4a499b5db7e5,2.248e+07,8,0.2248
1658115160,ANKRUSDT,Buy,17,0.02815,PlusTick,701be362-2938-504a-835d-2e42c7d38061,4.7855e+07,17,0.47855000000000003
1658115215,ANKRUSDT,Sell,18800,0.02810,MinusTick,010ebef1-cc4b-5aa7-ab5e-a446950fd097,5.2828e+10,18800,528.28
1658115297,ANKRUSDT,Buy,4655,0.02810,ZeroMinusTick,41010894-ef48-5efb-a1d5-09840d2d54cb,1.308055e+10,4655,130.8055
1658115297,ANKRUSDT,Buy,18815,0.02810,ZeroMinusTick,a60c6b52-8423-5a29-9c30-ba8e64672794,5.287015e+10,18815,528.7015
1658115297,ANKRUSDT,Buy,17841,0.02810,ZeroMinusTick,fbc66f48-4283-5ffc-806a-ec93de4d1ef3,5.013321e+10,17841,501.3321
1658115360,ANKRUSDT,Buy,8,0.02810,ZeroMinusTick,8445f364-d135-59c3-b5dd-c1bd1fc5fc8a,2.248e+07,8,0.2248
1658115510,ANKRUSDT,Buy,9,0.02810,ZeroMinusTick,c9a4f5e2-c495-576a-9141-55804a7d3293,2.529e+07,9,0.2529
1658115730,ANKRUSDT,Buy,6,0.02810,ZeroMinusTick,ab1ef4a1-4c06-5834-a3fe-7e5243adc11f,1.686e+07,6,0.1686
1658115870,ANKRUSDT,Buy,8,0.02810,ZeroMinusTick,db51fd77-b598-5370-a9bd-c451212c7d9b,2.248e+07,8,0.2248
1658116030,ANKRUSDT,Buy,18,0.02810,ZeroMinusTick,7c213fbc-8517-5d2f-bb6a-5cae5c79a939,5.058e+07,18,0.5058
1658116150,ANKRUSDT,Sell,13,0.02805,MinusTick,868a333f-e0e7-5c9b-991b-75f9caf255a6,3.6465e+07,13,0.36465
1658116240,ANKRUSDT,Sell,9,0.02805,ZeroMinusTick,71d5429c-48d0-51a2-99ec-66a981e8367c,2.5245e+07,9,0.25245
1658116390,ANKRUSDT,Sell,7,0.02805,ZeroMinusTick,aeb42b56-084a-5174-ab25-1e6112c81c17,1.9635e+07,7,0.19635
1658116442,ANKRUSDT,Sell,14364,0.02805,ZeroMinusTick,478f446f-3ffb-5033-9c85-b59124f9bc72,4.029102e+10,14364,402.9102
1658116570,ANKRUSDT,Sell,19,0.02805,ZeroMinusTick,b3162d43-58ba-5137-959a-e5920a082d74,5.329499999999999e+07,19,0.5329499999999999
1658116700,ANKRUSDT,Sell,20,0.02805,ZeroMinusTick,328f95a4-ea2b-59bf-8b16-53f013cf837e,5.609999999999999e+07,20,0.5609999999999999
1658116780,ANKRUSDT,Buy,15,0.02810,PlusTick,d89134d7-df23-5ff4-86c6-81388196eebb,4.215e+07,15,0.4215
1658116804,ANKRUSDT,Buy,18751,0.02810,ZeroMinusTick,f8405ef7-256e-5895-9331-986bc39c1e0d,5.269031e+10,18751,526.9031
1658116960,ANKRUSDT,Buy,1,0.02815,PlusTick,ddd29a73-76d8-5400-98dd-b2fb1b406e05,2.815e+06,1,0.02815
1658117034,ANKRUSDT,Sell,1603,0.02810,MinusTick,dc4a15b6-8032-5eae-94f8-5f3d8bee2af3,4.50443e+09,1603,45.0443
1658117034,ANKRUSDT,Sell,424,0.02810,ZeroMinusTick,ad521797-e4e2-58e0-8d0b-8fe3cbaf72ea,1.19144e+09,424,11.9144
1658117034,ANKRUSDT,Sell,18815,0.02810,ZeroMinusTick,3beef036-fba8-5f42-b261-ec35fa9f326f,5.287015e+10,18815,528.7015
1658117070,ANKRUSDT,Sell,4,0.02805,MinusTick,f61001a2-16a2-51de-be8c-b0d790392189,1.122e+07,4,0.1122
1658117180,ANKRUSDT,Buy,5,0.02810,PlusTick,ac2111e8-bb08-5d4d-a51a-c8e3b3455608,1.4050000000000002e+07,5,0.1405
1658117218,ANKRUSDT,Buy,18810,0.02810,ZeroMinusTick,20847dce-28e2-5995-b946-9f375f4115a1,5.28561e+10,18810,528.561
1658117218,ANKRUSDT,Buy,9713,0.02810,ZeroMinusTick,76c44287-7ef7-5324-8c19-98b17ba7f3cd,2.729353e+10,9713,272.9353
1658117380,ANKRUSDT,Buy,19,0.02815,PlusTick,0fc07949-c512-5b63-9235-74dbac962101,5.348500000000001e+07,19,0.53485
1658117580,ANKRUSDT,Buy,12,0.02815,ZeroMinusTick,4acde61f-2734-5989-ac0f-d9ef82ee45f2,3.378e+07,12,0.3378
1658117683,ANKRUSDT,Sell,28486,0.02810,MinusTick,283ca3ba-7754-5fe7-a916-9a4dde737090,8.004566e+10,28486,800.4566
1658117745,ANKRUSDT,Sell,18815,0.02810,ZeroMinusTick,cb3df329-09c1-59d7-8642-7c3d8dd5d902,5.287015e+10,18815,528.7015
1658117750,ANKRUSDT,Buy,1,0.02810,ZeroMinusTick,18247f46-3618-50ad-8b93-49a441217698,2.81e+06,1,0.0281
1658117929,ANKRUSDT,Sell,4054,0.02810,ZeroMinusTick,9cd40997-72d6-56a8-92e1-a1ea6e542f1a,1.139174e+10,4054,113.9174
1658117929,ANKRUSDT,Sell,2862,0.02810,ZeroMinusTick,e80a445f-90bc-5ed4-88fe-b1f1a3d9e37e,8.04222e+09,2862,80.4222
1658117929,ANKRUSDT,Sell,18815,0.02810,ZeroMinusTick,b4ea507b-0e58-5d76-8fc2-728e89bc7d0c,5.287015e+10,18815,528.7015
1658117940,ANKRUSDT,Sell,16,0.02800,MinusTick,f690d217-98b3-530d-92d1-3ebe7cb89129,4.48e+07,16,0.448
1658117970,ANKRUSDT,Buy,100,0.02810,PlusTick,687fb790-b6f5-5a50-a9ad-c589fc062143,2.81e+08,100,2.81
1658117990,ANKRUSDT,Sell,100,0.02805,MinusTick,ae59d86f-d145-5a5b-a941-a9b4b780b5ed,2.805e+08,100,2.8049999999999997
1658118140,ANKRUSDT,Sell,11,0.02800,MinusTick,098b02ca-f0b3-5ee3-a178-bb22fa56f676,3.08e+07,11,0.308
1658118224,ANKRUSDT,Sell,18781,0.02800,ZeroMinusTick,00d225ef-ac9c-5bf7-abbc-eebf7fa75cc9,5.258680000000001e+10,18781,525.868
1658118224,ANKRUSDT,Sell,212,0.02800,ZeroMinusTick,038021f1-1c70-595d-a0ab-798d0bf65752,5.936e+08,212,5.936
1658118224,ANKRUSDT,Sell,1605,0.02800,ZeroMinusTick,3bafc3b0-af2a-5247-9e82-6c1ab18cbd42,4.494e+09,1605,44.94
1658118260,ANKRUSDT,Sell,1,0.02795,MinusTick,6d186313-3342-5ce5-bff5-bbfa7d99710d,2.795e+06,1,0.02795
1658118400,ANKRUSDT,Sell,100,0.02795,ZeroMinusTick,0b37d517-89c8-58a5-b73d-118491ffe52d,2.795e+08,100,2.795
1658118413,ANKRUSDT,Buy,18815,0.02800,PlusTick,7471bc8f-796d-526c-98af-0fde7083225c,5.268200000000001e+10,18815,526.82
1658118413,ANKRUSDT,Buy,77235,0.02800,ZeroMinusTick,70c73916-fb26-59dd-a8fb-09e35d2c5175,2.16258e+11,77235,2162.58
1658118439,ANKRUSDT,Buy,18815,0.02810,PlusTick,c1aa04e3-6b99-5de2-a1ae-3cec74887422,5.287015e+10,18815,528.7015
1658118439,ANKRUSDT,Buy,642,0.02810,ZeroMinusTick,8349072d-5454-5d8c-8823-af1103b50be1,1.8040199999999998e+09,642,18.0402
1658118439,ANKRUSDT,Buy,642,0.02810,ZeroMinusTick,69d8142e-2e72-5b80-9448-a85ed0635751,1.8040199999999998e+09,642,18.0402
1658118439,ANKRUSDT,Buy,254,0.02810,ZeroMinusTick,133b5922-4c73-572d-8be2-424beddab9ab,7.1374e+08,254,7.1374
1658118440,ANKRUSDT,Sell,1924,0.02810,ZeroMinusTick,88672180-d726-5c8d-a68e-697346d5de57,5.40644e+09,1924,54.0644
1658118470,ANKRUSDT,Sell,17,0.02810,ZeroMinusTick,4ad698b7-3d48-5109-92f1-487d30d52943,4.777e+07,17,0.4777
1658118484,ANKRUSDT,Buy,95,0.02815,PlusTick,470074e7-0663-5f6a-adfe-81549850303e,2.6742500000000003e+08,95,2.6742500000000002
1658118485,ANKRUSDT,Sell,95,0.02815,ZeroMinusTick,3e824478-793b-5d9e-824f-6b669ef7bb34,2.6742500000000003e+08,95,2.6742500000000002
1658118485,ANKRUSDT,Sell,192,0.02815,ZeroMinusTick,dd736655-971b-5908-98cc-2ac8e733faa1,5.4048e+08,192,5.4048
1658118502,ANKRUSDT,Buy,18814,0.02815,ZeroMinusTick,686ac26a-9883-52cc-bcb2-6faa69398e7c,5.296141e+10,18814,529.6141
1658118502,ANKRUSDT,Buy,1,0.02815,ZeroMinusTick,ca4ea031-c2a6-5cff-ac4b-224237956676,2.815e+06,1,0.02815
1658118534,ANKRUSDT,Buy,28229,0.02815,ZeroMinusTick,06f054d7-e877-514a-a777-5b3b93aeaab1,7.9464635e+10,28229,794.64635
1658118540,ANKRUSDT,Sell,1,0.02815,ZeroMinusTick,8c32f450-a265-5337-9e8b-2bd60697c3e4,2.815e+06,1,0.02815
1658118574,ANKRUSDT,Buy,701,0.02820,PlusTick,206f4a7f-60ec-5630-8a9a-390a86caa02d,1.97682e+09,701,19.7682
1658118602,ANKRUSDT,Buy,1722,0.02820,ZeroMinusTick,bf4bd25c-2c5a-57b9-bdad-60a783fa9b83,4.85604e+09,1722,48.5604
1658118640,ANKRUSDT,Sell,1,0.02815,MinusTick,67c8ec45-53d1-5a5e-8d64-0fb2ad84718c,2.815e+06,1,0.02815
1658118683,ANKRUSDT,Sell,14998,0.02815,ZeroMinusTick,ea9d8d0c-1eb9-54a2-93f7-d1607b905bfc,4.221937e+10,14998,422.19370000000004
1658118683,ANKRUSDT,Sell,17761,0.02815,ZeroMinusTick,7b70de91-114a-5312-be66-798cc10e9f0f,4.9997215e+10,17761,499.97215
1658118683,ANKRUSDT,Buy,28225,0.02815,ZeroMinusTick,9ea90975-8c9b-5eae-9576-503745fd965d,7.9453375e+10,28225,794.53375
1658118693,ANKRUSDT,Sell,215,0.02810,MinusTick,9508d287-dc6d-5668-a0f6-3b1af0a10ac5,6.0415e+08,215,6.0415
1658118722,ANKRUSDT,Sell,8556,0.02815,PlusTick,65b99f34-085a-529c-9d85-d4f481b649be,2.408514e+10,8556,240.8514
1658118760,ANKRUSDT,Buy,12,0.02820,PlusTick,aa0fda0b-d2b1-5d93-9b2c-f0b767ab15a6,3.384e+07,12,0.3384
1658118850,ANKRUSDT,Buy,7,0.02820,ZeroMinusTick,2d776c16-507b-5593-92b8-ea080c3ca1bd,1.974e+07,7,0.1974
1658118900,ANKRUSDT,Sell,1,0.02815,MinusTick,78bb5130-ecd6-5313-a02a-c55bc25d397c,2.815e+06,1,0.02815
1658118904,ANKRUSDT,Sell,216,0.02815,ZeroMinusTick,692815db-fdf1-5df6-9de9-8166ed70cf32,6.0804e+08,216,6.0804
1658119110,ANKRUSDT,Sell,1,0.02815,ZeroMinusTick,6dc3d548-60c4-5569-b4e7-a9fd7e39ed3e,2.815e+06,1,0.02815
1658119122,ANKRUSDT,Buy,1,0.02825,PlusTick,d958af40-41bf-5bd7-9c94-724470261547,2.825e+06,1,0.02825
1658119122,ANKRUSDT,Buy,13200,0.02825,ZeroMinusTick,9800dab9-6c47-592c-b56d-f682fa04dead,3.729e+10,13200,372.90000000000003
1658119122,ANKRUSDT,Buy,25160,0.02825,ZeroMinusTick,e936bd07-6d53-5ac5-a4ed-b265a5aa4b0b,7.1077e+10,25160,710.77
1658119122,ANKRUSDT,Buy,15000,0.02825,ZeroMinusTick,d4d179d8-781b-5a94-af31-ad7565140873,4.2375e+10,15000,423.75
1658119122,ANKRUSDT,Buy,17841,0.02825,ZeroMinusTick,a54c0962-da30-5a6e-8912-f3c28688b107,5.0400825e+10,17841,504.00825000000003
1658119122,ANKRUSDT,Buy,11999,0.02825,ZeroMinusTick,3873302a-de03-5401-95e3-2ceaa4e6c8cd,3.3897175e+10,11999,338.97175
1658119122,ANKRUSDT,Buy,69964,0.02825,ZeroMinusTick,a380db72-3f16-59d4-aba1-3a1db8a714e0,1.976483e+11,69964,1976.483
1658119123,ANKRUSDT,Buy,1,0.02830,PlusTick,803d0e40-260b-5ea5-a1ea-61a6a14bae5a,2.83e+06,1,0.0283
1658119123,ANKRUSDT,Buy,17841,0.02830,ZeroMinusTick,7658f8f1-87db-50ae-917b-aa7c58f710bf,5.049002999999999e+10,17841,504.90029999999996
1658119123,ANKRUSDT,Buy,15000,0.02830,ZeroMinusTick,af6e860c-e0b6-5b5f-8679-121b1914f7f5,4.245e+10,15000,424.5
1658119162,ANKRUSDT,Sell,17841,0.02830,ZeroMinusTick,dc6890c7-8a84-5734-9877-b09773eac7cb,5.049002999999999e+10,17841,504.90029999999996
1658119190,ANKRUSDT,Buy,11,0.02830,ZeroMinusTick,a8cad2fd-f184-537a-845c-02fdb9cc0993,3.1129999999999996e+07,11,0.31129999999999997
1658119211,ANKRUSDT,Buy,20725,0.02830,ZeroMinusTick,af6206bd-e034-5591-a84d-712be277231c,5.865174999999999e+10,20725,586.5174999999999
1658119270,ANKRUSDT,Sell,10,0.02825,MinusTick,8c8c3565-b64e-5504-abfe-255c015dc8f0,2.8250000000000004e+07,10,0.28250000000000003
1658119334,ANKRUSDT,Sell,18815,0.02825,ZeroMinusTick,ea488536-ea2a-59c8-ac41-feeabfbf3466,5.315237500000001e+10,18815,531.5237500000001
1658119350,ANKRUSDT,Buy,18,0.02820,MinusTick,9a7ff7fe-b8db-5e92-a815-b07233866bd3,5.075999999999999e+07,18,0.5075999999999999
1658119372,ANKRUSDT,Buy,18797,0.02820,ZeroMinusTick,bf050374-f9c9-5e84-b296-48707f1ec336,5.300753999999999e+10,18797,530.0754
1658119529,ANKRUSDT,Sell,18815,0.02825,PlusTick,27c96ba8-5ae5-53cb-b226-f46ed5dfbd0f,5.315237500000001e+10,18815,531.5237500000001
1658119540,ANKRUSDT,Buy,13,0.02825,ZeroMinusTick,c39149e2-1f13-5419-925e-3e7d4f5ea3b2,3.6725e+07,13,0.36725
1658119697,ANKRUSDT,Buy,18802,0.02825,ZeroMinusTick,77d2eeae-77ec-5218-b6f1-740e876b5b92,5.311565000000001e+10,18802,531.1565
1658119697,ANKRUSDT,Buy,5736,0.02825,ZeroMinusTick,8f8f4f24-8d78-5513-9d79-9d5f461537d4,1.62042e+10,5736,162.042
1658119710,ANKRUSDT,Sell,20,0.02820,MinusTick,333cbea8-43e4-5ae2-bf59-16d27e195989,5.639999999999999e+07,20,0.564
1658119808,ANKRUSDT,Sell,13860,0.02820,ZeroMinusTick,a99d0ca1-72e7-57e6-a3e3-276395bbc5dd,3.90852e+10,13860,390.852
1658119808,ANKRUSDT,Sell,10678,0.02815,MinusTick,8bf8cd82-8372-50f1-8db2-2c4eb2545a7f,3.0058570000000004e+10,10678,300.58570000000003
1658119860,ANKRUSDT,Sell,9,0.02815,ZeroMinusTick,08c03c5a-3994-5d61-ba4d-4e163622e9ce,2.5335000000000004e+07,9,0.25335
1658120060,ANKRUSDT,Sell,14,0.02815,ZeroMinusTick,84a4354c-0397-5800-adad-1f6eaec29ce1,3.941e+07,14,0.3941
1658120140,ANKRUSDT,Buy,17,0.02820,PlusTick,c5d917aa-4014-5879-a150-a9998f036fa3,4.794e+07,17,0.4794
1658120224,ANKRUSDT,Buy,12810,0.02820,ZeroMinusTick,be2b6280-16e8-52b7-a9ea-54e3f908d162,3.61242e+10,12810,361.242
1658120224,ANKRUSDT,Buy,15397,0.02820,ZeroMinusTick,137ded12-a94d-5c34-be71-47ab61a64a0e,4.341954e+10,15397,434.1954
1658120225,ANKRUSDT,Buy,20684,0.02820,ZeroMinusTick,e0f32105-b4e9-5baa-a898-3ac534734501,5.832888e+10,20684,583.2888
1658120300,ANKRUSDT,Buy,5,0.02825,PlusTick,b54d598f-4446-531d-81ad-57d3b3964791,1.4125000000000002e+07,5,0.14125000000000001
1658120326,ANKRUSDT,Sell,18815,0.02820,MinusTick,8dcdb4d3-2615-5805-9604-549b87c5ad8a,5.30583e+10,18815,530.583
1658120326,ANKRUSDT,Sell,4696,0.02820,ZeroMinusTick,a30ea838-995c-5b1b-8d5d-57a5e84089ec,1.324272e+10,4696,132.4272
1658120380,ANKRUSDT,Buy,16,0.02820,ZeroMinusTick,5c99c8fc-8a9f-5bc5-b06a-70f10b515ba3,4.512e+07,16,0.4512
1658120391,ANKRUSDT,Buy,18799,0.02820,ZeroMinusTick,472ac0d5-d4dc-56ff-b663-088775e6b683,5.301318e+10,18799,530.1318
1658120409,ANKRUSDT,Buy,8374,0.02830,PlusTick,815723e4-d6e5-586d-bf4d-3e6bb34153ed,2.369842e+10,8374,236.9842
1658120494,ANKRUSDT,Sell,18815,0.02825,MinusTick,098f29ee-573b-5c60-84ff-57732e4e92b4,5.315237500000001e+10,18815,531.5237500000001
1658120494,ANKRUSDT,Sell,5765,0.02825,ZeroMinusTick,d7b933ea-9315-5678-b312-c3a37fcd943f,1.6286125000000002e+10,5765,162.86125
1658120530,ANKRUSDT,Buy,15,0.02825,ZeroMinusTick,5b4793ae-d7f4-5359-8988-8fa6ca3dacef,4.2375e+07,15,0.42375
1658120677,ANKRUSDT,Buy,18800,0.02825,ZeroMinusTick,4aa5dfcc-0862-5bfc-8646-d4c80dfc3f11,5.311e+10,18800,531.1
1658120683,ANKRUSDT,Sell,2216,0.02830,PlusTick,a7c614f1-d984-5755-bba1-82404ee81648,6.271279999999999e+09,2216,62.712799999999994
1658120690,ANKRUSDT,Sell,9,0.02825,MinusTick,05c2811e-88e3-5825-af69-27174f9011a5,2.5425000000000004e+07,9,0.25425000000000003
1658120750,ANKRUSDT,Sell,20,0.02825,ZeroMinusTick,fa4674a0-a768-5474-9783-2886c378a06a,5.650000000000001e+07,20,0.5650000000000001
1658120850,ANKRUSDT,Buy,1,0.02835,PlusTick,fd84ded4-6d9a-5b1b-bb08-a77b206a5e91,2.835e+06,1,0.02835
1658120850,ANKRUSDT,Buy,5,0.02835,ZeroMinusTick,94d74b63-4484-5425-b0c2-7a859de576a4,1.4174999999999998e+07,5,0.14175
1658120856,ANKRUSDT,Buy,9720,0.02835,ZeroMinusTick,84117bdc-1ff9-56de-90f8-1d483ebeb38b,2.75562e+10,9720,275.562
1658120880,ANKRUSDT,Sell,1,0.02830,MinusTick,3e723ddb-d265-5e9e-ac49-fefb5eb6f762,2.83e+06,1,0.0283
1658120980,ANKRUSDT,Buy,1,0.02835,PlusTick,0810c3f8-ae2d-511c-9c46-0e933b1f6d0a,2.835e+06,1,0.02835
1658120980,ANKRUSDT,Sell,111,0.02830,MinusTick,d84278a2-579a-55f0-9871-ec91a21a142a,3.1413e+08,111,3.1412999999999998
1658121170,ANKRUSDT,Sell,1,0.02830,ZeroMinusTick,b30a2c96-3a91-5978-b59c-2ddc498c451e,2.83e+06,1,0.0283
1658121265,ANKRUSDT,Sell,15000,0.02835,PlusTick,e8fe63ff-bf14-50b6-b029-d8415a5c3d0e,4.2525e+10,15000,425.25
1658121310,ANKRUSDT,Buy,7,0.02835,ZeroMinusTick,a944142f-213b-594d-90bc-cf31c2f3f0d4,1.9845e+07,7,0.19845000000000002
1658121401,ANKRUSDT,Buy,27882,0.02835,ZeroMinusTick,73b6ff38-7e2a-5b0e-bb34-db662916e101,7.904547e+10,27882,790.4547
1658121405,ANKRUSDT,Buy,27889,0.02835,ZeroMinusTick,c073e355-62e1-5306-a1a4-01838775f770,7.9065315e+10,27889,790.65315
1658121408,ANKRUSDT,Buy,3487,0.02835,ZeroMinusTick,6af66f44-05b8-5e7a-aae5-d74ec8ac4c70,9.885645e+09,3487,98.85645
1658121460,ANKRUSDT,Buy,13,0.02840,PlusTick,4b990621-7296-5930-93dd-792e5fc23823,3.692e+07,13,0.36920000000000003
1658121460,ANKRUSDT,Buy,1,0.02840,ZeroMinusTick,0f776049-6187-534e-835c-c1796794389d,2.84e+06,1,0.0284
1658121460,ANKRUSDT,Buy,1,0.02840,ZeroMinusTick,39e26917-5a08-5b4c-bea8-4a234a67b0e7,2.84e+06,1,0.0284
1658121464,ANKRUSDT,Sell,15000,0.02840,ZeroMinusTick,f244e859-a176-51a2-91cc-52fdc85f0303,4.26e+10,15000,426
1658121482,ANKRUSDT,Buy,1,0.02845,PlusTick,b61cc648-76cb-5b75-b822-3bed074718d5,2.845e+06,1,0.02845
1658121482,ANKRUSDT,Buy,122,0.02845,ZeroMinusTick,b2163afe-4aae-5b1f-bd27-ad2f2c19a649,3.4709e+08,122,3.4709
1658121482,ANKRUSDT,Sell,3717,0.02840,MinusTick,c516d15d-33bc-5eb9-afbe-14d878d35ea9,1.0556280000000002e+10,3717,105.56280000000001
1658121482,ANKRUSDT,Sell,6142,0.02840,ZeroMinusTick,33c9371f-4d9d-572f-937f-359f3ae10026,1.744328e+10,6142,174.43280000000001
1658121490,ANKRUSDT,Buy,1,0.02850,PlusTick,3d1dfae2-4b8c-5dd1-8fc8-88f01fd1cbe1,2.85e+06,1,0.0285
1658121490,ANKRUSDT,Buy,25,0.02850,ZeroMinusTick,49d931fd-cc66-5600-bf3e-86ab0535e4c0,7.125e+07,25,0.7125
1658121490,ANKRUSDT,Buy,3717,0.02850,ZeroMinusTick,d8416782-43a0-5b65-a5c4-f258e8c613ac,1.059345e+10,3717,105.9345
1658121500,ANKRUSDT,Buy,1,0.02850,ZeroMinusTick,e49affd2-adb3-56cc-a664-85188e72b66b,2.85e+06,1,0.0285
1658121508,ANKRUSDT,Sell,36,0.02845,MinusTick,2188e041-6352-5c54-8f88-d2fec6b9e55e,1.0242e+08,36,1.0242
1658121508,ANKRUSDT,Sell,7742,0.02845,ZeroMinusTick,dc0835cf-ec2d-55e1-8585-b7d64de27168,2.202599e+10,7742,220.2599
1658121540,ANKRUSDT,Buy,1,0.02850,PlusTick,5d80f93f-675d-5ded-b771-ccbec092e3fc,2.85e+06,1,0.0285
1658121558,ANKRUSDT,Buy,113,0.02850,ZeroMinusTick,3723efed-fc40-56e2-90de-d34d37b12b93,3.2205e+08,113,3.2205
1658121640,ANKRUSDT,Sell,8,0.02845,MinusTick,6dac3905-3fcc-5355-9ac6-95a1e420035a,2.276e+07,8,0.2276
1658121686,ANKRUSDT,Sell,17833,0.02845,ZeroMinusTick,78005c53-6682-5045-9d6c-aaf64f204752,5.0734885e+10,17833,507.34884999999997
1658121700,ANKRUSDT,Sell,20,0.02840,MinusTick,65c8354e-1313-5d31-b2a9-3bafc84e1587,5.680000000000001e+07,20,0.5680000000000001
1658121773,ANKRUSDT,Sell,43,0.02840,ZeroMinusTick,cff3ae91-5b86-5df0-865e-fa46280e7878,1.2212e+08,43,1.2212
1658121890,ANKRUSDT,Buy,20,0.02840,ZeroMinusTick,00eeebcf-5df5-58e5-9641-d3af2745b288,5.680000000000001e+07,20,0.5680000000000001
1658122070,ANKRUSDT,Sell,16,0.02835,MinusTick,ac144f30-776c-5c58-8404-d281dbf6e17d,4.536e+07,16,0.4536
1658122188,ANKRUSDT,Buy,17841,0.02845,PlusTick,83980aa2-8062-5b1a-b805-b1d6d3c33933,5.0757645e+10,17841,507.57644999999997
1658122188,ANKRUSDT,Sell,8817,0.02845,ZeroMinusTick,2d94d431-29c9-5209-bf80-4ddabb341778,2.5084365e+10,8817,250.84365
1658122188,ANKRUSDT,Buy,9507,0.02850,PlusTick,880bf7b6-5a31-5b6a-ba57-4359bf8ad1bf,2.709495e+10,9507,270.9495
1658122200,ANKRUSDT,Sell,3,0.02845,MinusTick,10fb2afd-d740-52f3-945b-7a65250ad063,8.535e+06,3,0.08535
1658122214,ANKRUSDT,Buy,1,0.02855,PlusTick,745e7dbe-3709-55b7-927f-940706303efe,2.855e+06,1,0.02855
1658122214,ANKRUSDT,Buy,1,0.02855,ZeroMinusTick,74b33b94-5584-539a-a506-996b953ef47b,2.855e+06,1,0.02855
1658122270,ANKRUSDT,Sell,617,0.02850,MinusTick,09a5d6b5-2675-5ebe-8a10-3d42bc7a35eb,1.7584500000000002e+09,617,17.584500000000002
1658122280,ANKRUSDT,Sell,4,0.02845,MinusTick,b91f9768-7603-527e-bed7-d6fd7ee537fc,1.138e+07,4,0.1138
1658122365,ANKRUSDT,Sell,27812,0.02845,ZeroMinusTick,5b144bae-6c10-560a-8b07-40677de70aae,7.912514e+10,27812,791.2514
1658122470,ANKRUSDT,Buy,8,0.02850,PlusTick,72cbca30-1a5a-5aee-8853-0235130bb972,2.28e+07,8,0.228
1658122600,ANKRUSDT,Sell,100,0.02845,MinusTick,bdd6d4a2-9650-59bd-bad1-574aaaa5216d,2.845e+08,100,2.8449999999999998
1658122767,ANKRUSDT,Sell,2100,0.02855,PlusTick,5596d4f4-eb8d-5d9e-9c70-ae43a568637f,5.9955e+09,2100,59.955
1658122778,ANKRUSDT,Sell,8,0.02855,ZeroMinusTick,0b26a803-2274-5d2b-8e0f-0dcde9ad7f49,2.284e+07,8,0.2284
1658122780,ANKRUSDT,Sell,1,0.02855,ZeroMinusTick,7c9c3d0f-549c-5ef8-b4a1-77770cefe200,2.855e+06,1,0.02855
1658122785,ANKRUSDT,Buy,1,0.02860,PlusTick,c3e28cbf-3e1d-57c6-b175-226d738c1b5b,2.86e+06,1,0.0286
1658122785,ANKRUSDT,Buy,196,0.02860,ZeroMinusTick,72fecad7-8dba-5659-8583-1fc2ead93370,5.6056e+08,196,5.6056
1658122785,ANKRUSDT,Buy,1,0.02865,PlusTick,1151c53f-713a-51c2-947e-a38f087adaf8,2.865e+06,1,0.02865
1658122785,ANKRUSDT,Buy,59999,0.02865,ZeroMinusTick,dd0fe264-bb41-550d-8a6d-40b5eecf9999,1.7189713499999997e+11,59999,1718.9713499999998
1658122787,ANKRUSDT,Buy,15000,0.02865,ZeroMinusTick,f43818fa-4bbd-5909-b582-1c4d2bdd91ce,4.2975e+10,15000,429.75
1658122787,ANKRUSDT,Sell,8793,0.02865,ZeroMinusTick,4df4346e-da8a-552e-b064-794a01e4681d,2.5191945e+10,8793,251.91944999999998
1658122787,ANKRUSDT,Sell,8304,0.02865,ZeroMinusTick,72cb2790-cfec-5751-a37e-258f2c168878,2.379096e+10,8304,237.90959999999998
1658122788,ANKRUSDT,Sell,32097,0.02865,ZeroMinusTick,758663ab-4b32-5210-824f-ca43a718739c,9.1957905e+10,32097,919.5790499999999
1658122788,ANKRUSDT,Sell,7843,0.02865,ZeroMinusTick,1501b596-420f-5eda-a7cc-08502df166f9,2.2470195e+10,7843,224.70194999999998
1658122790,ANKRUSDT,Sell,39940,0.02865,ZeroMinusTick,13ab1a89-bfe3-52db-b333-6d4926b4993c,1.144281e+11,39940,1144.281
1658122807,ANKRUSDT,Sell,197,0.02860,MinusTick,8d82ada7-d516-5bf1-b800-b181b3a3fb0c,5.6342e+08,197,5.6342
1658122807,ANKRUSDT,Sell,3290,0.02860,ZeroMinusTick,dc404b88-6adb-56c5-ac29-831c4206d2df,9.4094e+09,3290,94.09400000000001
1658122815,ANKRUSDT,Buy,17841,0.02865,PlusTick,abff8866-c927-5c48-b1c3-2eb236935f15,5.111446499999999e+10,17841,511.14464999999996
1658122816,ANKRUSDT,Sell,11333,0.02865,ZeroMinusTick,afa98238-80ab-5b7f-ac2c-d1eeb83ce5bd,3.2469045e+10,11333,324.69045
1658122825,ANKRUSDT,Sell,51273,0.02865,ZeroMinusTick,27230600-13b5-5319-bcaa-99c4c789a86e,1.46897145e+11,51273,1468.97145
1658122841,ANKRUSDT,Buy,17513,0.02855,MinusTick,b1c622eb-90b5-56b3-9f58-8bcd8c51d513,4.9999615e+10,17513,499.99615
1658122847,ANKRUSDT,Sell,17513,0.02855,ZeroMinusTick,4937360c-9986-5b0b-8133-e0dcc2267cd8,4.9999615e+10,17513,499.99615
1658122847,ANKRUSDT,Sell,15000,0.02855,ZeroMinusTick,1e924d5f-9086-532a-aa66-69b909132dc4,4.2825e+10,15000,428.25
1658122854,ANKRUSDT,Buy,18760,0.02855,ZeroMinusTick,1cf9c40a-a1ce-5ed2-b8fa-615ca1a2b284,5.355979999999999e+10,18760,535.598
1658122870,ANKRUSDT,Sell,2,0.02855,ZeroMinusTick,99e3df0e-9e01-5d57-bb0f-effa9666885b,5.71e+06,2,0.0571
1658122927,ANKRUSDT,Buy,18762,0.02855,ZeroMinusTick,77c50030-f3c5-54d1-a1ae-133500235a46,5.356550999999999e+10,18762,535.6551
1658122936,ANKRUSDT,Buy,36,0.02860,PlusTick,2be36142-baf3-5b8a-a8a2-5c5ecafd508b,1.0296e+08,36,1.0296
1658122936,ANKRUSDT,Buy,8872,0.02860,ZeroMinusTick,70b3b9f4-c2bc-50fa-af39-95a8664f3435,2.537392e+10,8872,253.7392
1658122936,ANKRUSDT,Buy,6128,0.02860,ZeroMinusTick,13810113-7afd-5bd8-8d0c-cc58a0f46b38,1.752608e+10,6128,175.2608
1658122936,ANKRUSDT,Buy,2285,0.02860,ZeroMinusTick,8091ec25-4cc8-5bdb-b723-01e450045cb9,6.5351e+09,2285,65.351
1658122970,ANKRUSDT,Buy,15000,0.02860,ZeroMinusTick,789365ba-2731-5a69-a470-fdeeac0891a8,4.29e+10,15000,429
1658122970,ANKRUSDT,Buy,15000,0.02860,ZeroMinusTick,fd3dc7c1-3f24-54f1-a5aa-27067ab0692d,4.29e+10,15000,429
1658123000,ANKRUSDT,Buy,18762,0.02860,ZeroMinusTick,a5794a4a-81fe-53d1-b175-658326631943,5.365932e+10,18762,536.5932
1658123030,ANKRUSDT,Sell,20,0.02855,MinusTick,ce4fa721-4960-59a9-80ba-1a74d35685b5,5.709999999999999e+07,20,0.571
1658123112,ANKRUSDT,Sell,282,0.02860,PlusTick,57d6fa5c-3367-5894-bb4c-81afd9f898cb,8.065200000000001e+08,282,8.0652
1658123137,ANKRUSDT,Sell,27574,0.02855,MinusTick,200a0cbb-57ec-5f9c-ac38-63c94e376dfb,7.872377e+10,27574,787.2377
1658123140,ANKRUSDT,Sell,6,0.02855,ZeroMinusTick,8eaffcbc-d9be-5a0f-bb81-7a969f1bd4ee,1.713e+07,6,0.1713
1658123280,ANKRUSDT,Buy,18,0.02855,ZeroMinusTick,4e557a14-38fe-559d-ae90-228dc594882d,5.139e+07,18,0.5139
1658123326,ANKRUSDT,Buy,15000,0.02850,MinusTick,638519b3-e34b-5138-92bd-7ddc76248424,4.275e+10,15000,427.5
1658123346,ANKRUSDT,Buy,17538,0.02850,ZeroMinusTick,017cc7cb-9f9d-5883-9ecd-b30bf4bc2501,4.99833e+10,17538,499.833
1658123390,ANKRUSDT,Buy,1,0.02850,ZeroMinusTick,4fcec1d5-8eb6-5244-9121-65168ad3cfa6,2.85e+06,1,0.0285
1658123465,ANKRUSDT,Sell,1200,0.02850,ZeroMinusTick,351f7aa8-7670-5184-8be6-f363c9061ee3,3.4200000000000005e+09,1200,34.2
1658123475,ANKRUSDT,Sell,3200,0.02850,ZeroMinusTick,bdac82df-1838-5c52-86cd-1462cb643e14,9.12e+09,3200,91.2
1658123479,ANKRUSDT,Sell,27,0.02850,ZeroMinusTick,a9e42ad1-288b-5252-9e9c-ab60a2bd7fe1,7.695e+07,27,0.7695000000000001
1658123493,ANKRUSDT,Buy,27582,0.02855,PlusTick,44dbf51d-720b-5899-8739-11645167c726,7.874661e+10,27582,787.4661
1658123560,ANKRUSDT,Sell,8,0.02850,MinusTick,2c6e3998-a5ac-5f00-993b-09b12f06f513,2.28e+07,8,0.228
1658123618,ANKRUSDT,Sell,287,0.02855,PlusTick,ca5b53a3-7653-5508-9702-40e4ebd2dd09,8.19385e+08,287,8.19385
1658123634,ANKRUSDT,Sell,23,0.02855,ZeroMinusTick,e47f744c-5dad-5905-a0e4-4c4df515a0e2,6.566499999999999e+07,23,0.65665
1658123640,ANKRUSDT,Buy,10,0.02860,PlusTick,0420052e-66b5-5a53-b7b9-76c4de731970,2.8600000000000004e+07,10,0.28600000000000003
1658123650,ANKRUSDT,Sell,210,0.02855,MinusTick,df5039bb-6e21-5314-8e36-3ce80ed742f4,5.9955e+08,210,5.9955
1658123667,ANKRUSDT,Sell,700,0.02860,PlusTick,737ba7bc-71df-585d-833f-100252e8275f,2.002e+09,700,20.02
1658123709,ANKRUSDT,Sell,20,0.02860,ZeroMinusTick,92358a5e-bd62-5cf5-b458-79ae5b957e24,5.720000000000001e+07,20,0.5720000000000001
1658123715,ANKRUSDT,Sell,49,0.02860,ZeroMinusTick,8060593f-5bb5-51e7-9d2d-c0f9b99bc9dc,1.4014e+08,49,1.4014
1658123726,ANKRUSDT,Sell,6,0.02860,ZeroMinusTick,2a237a87-cda5-5f31-8145-7822e974ac29,1.716e+07,6,0.1716
1658123734,ANKRUSDT,Sell,37,0.02860,ZeroMinusTick,0e8d1ec3-a2cc-5b13-b3e3-8e709fa3d002,1.0582e+08,37,1.0582
1658123779,ANKRUSDT,Sell,47,0.02860,ZeroMinusTick,5c44ea35-f119-5bc9-b77c-f372bdb0a53f,1.3442e+08,47,1.3442
1658123788,ANKRUSDT,Sell,69,0.02860,ZeroMinusTick,e4e185a7-ede1-54a6-9f15-0c5976867477,1.9734e+08,69,1.9734
1658123798,ANKRUSDT,Sell,3500,0.02860,ZeroMinusTick,438c7620-7a5d-5a17-aa45-2512d3af5b39,1.001e+10,3500,100.10000000000001
1658123815,ANKRUSDT,Sell,359,0.02860,ZeroMinusTick,11f4295b-8feb-5d0e-b2a8-bd2ae6f72cd9,1.02674e+09,359,10.2674
1658123820,ANKRUSDT,Sell,1,0.02860,ZeroMinusTick,a6b30761-16af-5e0e-8fed-c29f066417c0,2.86e+06,1,0.0286
1658123826,ANKRUSDT,Sell,10,0.02860,ZeroMinusTick,5cfcfeb9-0bd9-551d-8b86-52a5ddcb279d,2.8600000000000004e+07,10,0.28600000000000003
1658123837,ANKRUSDT,Sell,1100,0.02860,ZeroMinusTick,99981420-6a2c-5e66-9d3e-5cf0940aa34a,3.146e+09,1100,31.46
1658123841,ANKRUSDT,Sell,36,0.02860,ZeroMinusTick,ede4b44c-51e0-5e49-80be-ed1bd8be5acb,1.0296e+08,36,1.0296
1658123843,ANKRUSDT,Sell,11,0.02860,ZeroMinusTick,96210f9f-d03b-58d8-b0e5-f7f80444987e,3.146e+07,11,0.3146
1658123851,ANKRUSDT,Sell,1500,0.02860,ZeroMinusTick,94ab373d-3640-5f41-af38-43210ca36afd,4.29e+09,1500,42.9
1658123869,ANKRUSDT,Sell,2500,0.02860,ZeroMinusTick,5cba9237-5195-5cf9-98b0-a4b84f1e3198,7.15e+09,2500,71.5
1658123872,ANKRUSDT,Sell,38,0.02860,ZeroMinusTick,093e9cf3-a19d-5f2a-ad86-b672c835f640,1.0868e+08,38,1.0868
1658123882,ANKRUSDT,Buy,17841,0.02865,PlusTick,23e82d7d-d63f-5fa1-9b22-2b6bba864c35,5.111446499999999e+10,17841,511.14464999999996
1658123896,ANKRUSDT,Sell,324,0.02865,ZeroMinusTick,1a515195-fc44-53e0-8edc-44c995c6701d,9.282599999999999e+08,324,9.282599999999999
1658123914,ANKRUSDT,Sell,43,0.02865,ZeroMinusTick,d0bd7052-94c3-5e54-88ae-8679ffa42340,1.2319499999999999e+08,43,1.2319499999999999
1658123920,ANKRUSDT,Sell,1,0.02865,ZeroMinusTick,9b9cec19-d48c-504a-ad5b-79c5c1f30482,2.865e+06,1,0.02865
1658123954,ANKRUSDT,Sell,22,0.02865,ZeroMinusTick,3b490224-1820-531d-b266-ba0faca6a453,6.303e+07,22,0.6303
1658123957,ANKRUSDT,Buy,7500,0.02870,PlusTick,3acd1aad-f4c0-5b5f-8b09-726349e09068,2.1525e+10,7500,215.25
1658123957,ANKRUSDT,Buy,1,0.02870,ZeroMinusTick,b5d27b81-0e8e-50b7-8773-03395e31afd8,2.87e+06,1,0.0287
1658123957,ANKRUSDT,Buy,16,0.02870,ZeroMinusTick,8d8ceeb9-aa88-5f8d-bfb1-81cba410c1ba,4.592e+07,16,0.4592
1658123957,ANKRUSDT,Buy,14697,0.02870,ZeroMinusTick,a3a56a73-a06e-5aaa-9178-2a59c1dc728e,4.218039e+10,14697,421.8039
1658123957,ANKRUSDT,Buy,11917,0.02870,ZeroMinusTick,4fbeab12-bd13-5d53-96fc-1797a956bda8,3.420179e+10,11917,342.0179
1658123957,ANKRUSDT,Sell,113,0.02870,ZeroMinusTick,0b1c819e-2499-5ba6-8e1a-5a1345a41083,3.2431e+08,113,3.2431
1658124020,ANKRUSDT,Sell,6,0.02870,ZeroMinusTick,282ef8c2-1314-52a2-9a2b-2719ec7ed3e7,1.722e+07,6,0.1722
1658124041,ANKRUSDT,Sell,17424,0.02870,ZeroMinusTick,4d84068c-6c65-5045-92f9-9beb57c3253f,5.000688e+10,17424,500.0688
1658124041,ANKRUSDT,Sell,17494,0.02870,ZeroMinusTick,c037f64d-1a4b-5eda-8163-ef239eb41f29,5.020778e+10,17494,502.0778
1658124041,ANKRUSDT,Sell,5020,0.02870,ZeroMinusTick,9c87da9c-cb65-5219-b510-6354ee011908,1.4407400000000002e+10,5020,144.074
1658124172,ANKRUSDT,Buy,64148,0.02870,ZeroMinusTick,49e7fd31-2b17-5797-be16-c5263ea424d1,1.8410476e+11,64148,1841.0475999999999
1658124172,ANKRUSDT,Buy,15000,0.02870,ZeroMinusTick,7f0c3a24-905c-595c-ba83-3ac69d9708e3,4.305e+10,15000,430.5
1658124172,ANKRUSDT,Buy,35,0.02870,ZeroMinusTick,84fad40f-2e60-5e6a-809a-8b10ffa8c7cd,1.0045e+08,35,1.0045
1658124172,ANKRUSDT,Buy,17421,0.02870,ZeroMinusTick,e3b9e910-d27d-5a95-9e82-4f2ab5e446a2,4.999827e+10,17421,499.9827
1658124172,ANKRUSDT,Buy,38441,0.02870,ZeroMinusTick,30dc549f-afda-5656-925e-3b3fdf397943,1.1032566999999998e+11,38441,1103.2567
1658124172,ANKRUSDT,Buy,27898,0.02870,ZeroMinusTick,5142c844-15ea-5d26-85e6-1e180e960d9f,8.006726e+10,27898,800.6726
1658124172,ANKRUSDT,Buy,27898,0.02870,ZeroMinusTick,83f25950-0cad-5569-91c0-1903b3ae94ef,8.006726e+10,27898,800.6726
1658124172,ANKRUSDT,Buy,12753,0.02870,ZeroMinusTick,595c2295-ab42-574d-9db0-e2acfca4705a,3.660111e+10,12753,366.0111
1658124172,ANKRUSDT,Buy,17421,0.02870,ZeroMinusTick,ed02c8a7-0364-5b86-a5b8-8e1323554e22,4.999827e+10,17421,499.9827
1658124172,ANKRUSDT,Buy,82549,0.02870,ZeroMinusTick,33727069-e839-54f3-9555-3c5f2cab0bf8,2.3691563e+11,82549,2369.1563
1658124172,ANKRUSDT,Buy,3691,0.02875,PlusTick,3471c368-0bcd-50f9-9f41-69da037d670c,1.0611625e+10,3691,106.11625000000001
1658124172,ANKRUSDT,Buy,13,0.02875,ZeroMinusTick,ab63061d-5b24-58f2-83f0-ebcda92a8784,3.7375e+07,13,0.37375
1658124172,ANKRUSDT,Buy,222,0.02875,ZeroMinusTick,ff7e91af-d12f-58a2-92b8-691a7b71c458,6.3825e+08,222,6.3825
1658124172,ANKRUSDT,Buy,1,0.02875,ZeroMinusTick,22fba395-402b-5ca6-b811-3e99701ae013,2.875e+06,1,0.02875
1658124172,ANKRUSDT,Buy,196,0.02875,ZeroMinusTick,056a1b21-8397-55e1-a40c-dd4e8b7edbb6,5.635000000000001e+08,196,5.635000000000001
1658124172,ANKRUSDT,Buy,17841,0.02875,ZeroMinusTick,a110df21-cdb0-5d15-98f2-c26099db3127,5.1292875e+10,17841,512.92875
1658124172,ANKRUSDT,Buy,24261,0.02875,ZeroMinusTick,9345d452-23a9-529f-8efd-49fbb8c0f148,6.975037500000002e+10,24261,697.5037500000001
1658124172,ANKRUSDT,Buy,2689,0.02875,ZeroMinusTick,9851c7bc-4330-5b97-af10-9813b617be09,7.730875e+09,2689,77.30875
1658124180,ANKRUSDT,Buy,11,0.02870,MinusTick,42546141-e6c4-5c3d-b51c-8a8d1e30130f,3.1569999999999996e+07,11,0.3157
1658124229,ANKRUSDT,Buy,113,0.02875,PlusTick,e93ffe7f-5c54-5ef6-98a7-c64ca015effc,3.24875e+08,113,3.2487500000000002
1658124250,ANKRUSDT,Buy,4,0.02875,ZeroMinusTick,e442c4ec-55b8-5e8a-9538-62174539eac1,1.15e+07,4,0.115
1658124320,ANKRUSDT,Sell,12,0.02865,MinusTick,fc7e4ceb-0f03-527c-81ca-5403320a662f,3.438e+07,12,0.3438
1658124338,ANKRUSDT,Sell,27354,0.02870,PlusTick,22591014-e4cc-5645-9c85-d2a443677fa9,7.850598e+10,27354,785.0598
1658124430,ANKRUSDT,Sell,27517,0.02860,MinusTick,46167273-8e0e-54a3-9721-241d23e0cdb5,7.869862e+10,27517,786.9862
1658124431,ANKRUSDT,Buy,7397,0.02860,ZeroMinusTick,22030ab9-981a-5c80-bb1e-9a4e3c631cf9,2.115542e+10,7397,211.5542
1658124450,ANKRUSDT,Buy,16,0.02865,PlusTick,6ac64f7e-29a6-56ee-b17c-23f4dc7bed20,4.584e+07,16,0.4584
1658124650,ANKRUSDT,Buy,1,0.02860,MinusTick,7d33e682-5f62-5ec7-8a25-03925c315a7c,2.86e+06,1,0.0286
1658124699,ANKRUSDT,Buy,15000,0.02860,ZeroMinusTick,5c2e2d88-cafa-545b-9280-17042e8560b6,4.29e+10,15000,429
1658124710,ANKRUSDT,Buy,1,0.02865,PlusTick,2f9cc7e6-1c60-5101-8c3e-5115ec79164b,2.865e+06,1,0.02865
1658124771,ANKRUSDT,Sell,6,0.02860,MinusTick,f992969d-08bd-5d22-a767-980f6e5513a0,1.716e+07,6,0.1716
1658124778,ANKRUSDT,Sell,35,0.02860,ZeroMinusTick,d36d308c-17a9-5cfe-87d6-11036833ece4,1.0010000000000001e+08,35,1.0010000000000001
1658124831,ANKRUSDT,Sell,5,0.02855,MinusTick,5562dd02-d49c-5efb-a702-6876d14fcf7c,1.4274999999999998e+07,5,0.14275
1658124961,ANKRUSDT,Buy,2,0.02865,PlusTick,254d25ad-3bf0-50ad-ba7c-b902c47d1456,5.73e+06,2,0.0573
1658125041,ANKRUSDT,Buy,1,0.02865,ZeroMinusTick,321998ac-51a1-57c7-8195-d9ff6a4a025a,2.865e+06,1,0.02865
1658125191,ANKRUSDT,Buy,1,0.02865,ZeroMinusTick,f68adc1e-545a-5842-be1e-b63c4d7c6221,2.865e+06,1,0.02865
1658125291,ANKRUSDT,Buy,1,0.02865,ZeroMinusTick,adfb5751-84de-5429-bece-2ebe03725456,2.865e+06,1,0.02865
1658125351,ANKRUSDT,Sell,3,0.02860,MinusTick,b97f62f2-c856-5eab-a273-643829dcc617,8.58e+06,3,0.0858
