timestamp,symbol,side,size,price,tickDirection,trdMatchID,grossValue,homeNotional,foreignNotional
1658275288,ANTUSDT,Sell,10,1.885,MinusTick,b49e130b-1bba-5a5a-ad7c-741125e97a49,1.8850000000000002e+09,10,18.85
1658275323,ANTUSDT,Buy,29,1.890,PlusTick,814d8209-c53d-588b-824b-ea0c88677d5d,5.480999999999999e+09,29,54.809999999999995
1658275333,ANTUSDT,Sell,113.8,1.880,MinusTick,13736075-c7a3-5658-ba27-17286dc983bb,2.13944e+10,113.8,213.944
1658275358,ANTUSDT,Sell,0.2,1.875,MinusTick,69afb24c-b4f5-5681-9222-c7ed8e242341,3.75e+07,0.2,0.375
1658275358,ANTUSDT,Sell,1.8,1.875,ZeroMinusTick,01ee3798-cb43-5c16-bf10-91bd1f22ae60,3.375e+08,1.8,3.375
1658275376,ANTUSDT,Buy,12.8,1.885,PlusTick,4bdba236-713e-5738-afbc-7e4346e25516,2.4128e+09,12.8,24.128
1658275398,ANTUSDT,Sell,0.1,1.885,ZeroMinusTick,fefcfd45-d23d-5ad7-8900-7ac507228c90,1.885e+07,0.1,0.1885
1658275488,ANTUSDT,Sell,1.7,1.880,MinusTick,1aa10724-1c8b-50c0-9c6c-0f1844feb51c,3.196e+08,1.7,3.1959999999999997
1658275572,ANTUSDT,Buy,25.5,1.885,PlusTick,288cd826-36fe-5767-b640-6b7f9959965d,4.80675e+09,25.5,48.0675
1658275572,ANTUSDT,Buy,25.5,1.885,ZeroMinusTick,010b663c-b543-5c22-bb74-88cb2abbcffa,4.80675e+09,25.5,48.0675
1658275572,ANTUSDT,Buy,25.5,1.885,ZeroMinusTick,24a39f18-3898-501d-8a1f-33e0e086e964,4.80675e+09,25.5,48.0675
1658275572,ANTUSDT,Buy,25.5,1.885,ZeroMinusTick,e05397dc-5130-5607-96f6-ee40f7d15d73,4.80675e+09,25.5,48.0675
1658275572,ANTUSDT,Buy,25.5,1.885,ZeroMinusTick,edf251b7-0c82-58e1-ae2f-a95a470bc24f,4.80675e+09,25.5,48.0675
1658275572,ANTUSDT,Buy,25.5,1.885,ZeroMinusTick,934182e2-d934-5381-bf8b-d0e1bc44bcb9,4.80675e+09,25.5,48.0675
1658275572,ANTUSDT,Buy,12.8,1.885,ZeroMinusTick,3b9340f0-676a-5497-8a1f-f93e92d5a4f9,2.4128e+09,12.8,24.128
1658275572,ANTUSDT,Buy,12.7,1.885,ZeroMinusTick,fd0bfd5f-9f58-52c7-b1af-0f77f8b7da6d,2.39395e+09,12.7,23.9395
1658275572,ANTUSDT,Buy,25.5,1.885,ZeroMinusTick,6092b6fb-da6b-53bf-b656-bc54a97624b4,4.80675e+09,25.5,48.0675
1658275572,ANTUSDT,Buy,25.5,1.885,ZeroMinusTick,909ac049-d22f-5b08-a432-c42ac7f3f3dd,4.80675e+09,25.5,48.0675
1658275572,ANTUSDT,Buy,20.2,1.885,ZeroMinusTick,1c915e7d-fb00-5585-b353-4f2c93f7a876,3.8077e+09,20.2,38.077
1658275572,ANTUSDT,Buy,5.3,1.885,ZeroMinusTick,d3d5821d-ff30-5110-b850-421c3adc5ae9,9.990499999999999e+08,5.3,9.990499999999999
1658275587,ANTUSDT,Buy,25.5,1.885,ZeroMinusTick,f7ec325e-d37a-5698-bb47-f372ed392bbc,4.80675e+09,25.5,48.0675
1658275587,ANTUSDT,Buy,12.9,1.885,ZeroMinusTick,60cda5fa-7e4c-587e-bc17-86d8d0b1a4ce,2.43165e+09,12.9,24.3165
1658275598,ANTUSDT,Buy,0.2,1.890,PlusTick,453d4f64-3219-5b67-a183-49e275f48298,3.78e+07,0.2,0.378
1658275618,ANTUSDT,Sell,0.1,1.885,MinusTick,650dc6e3-d85d-58d8-8dd9-5831c606261b,1.885e+07,0.1,0.1885
1658275808,ANTUSDT,Sell,10,1.885,ZeroMinusTick,7ebb8f13-a8f3-5e87-a056-93e0142acc20,1.8850000000000002e+09,10,18.85
1658275827,ANTUSDT,Buy,0.2,1.890,PlusTick,df15667a-0669-5cb7-b5a0-0656f4df53c1,3.78e+07,0.2,0.378
1658275837,ANTUSDT,Sell,288.3,1.890,ZeroMinusTick,545b1fbc-f3e6-5789-a676-6c2884a22f65,5.448869999999999e+10,288.3,544.887
1658275837,ANTUSDT,Sell,161.7,1.890,ZeroMinusTick,5617fbbe-9a8b-5c10-bd8d-94bb04fed35e,3.0561299999999992e+10,161.7,305.61299999999994
1658275879,ANTUSDT,Sell,288.3,1.885,MinusTick,27eaf8fe-bba0-5876-909a-c9ce091a205e,5.434455000000001e+10,288.3,543.4455
1658275968,ANTUSDT,Sell,0.2,1.875,MinusTick,c9974927-3703-588f-be8e-dc90c2380d70,3.75e+07,0.2,0.375
1658275968,ANTUSDT,Sell,0.2,1.875,ZeroMinusTick,799c4d6a-61c9-5897-91bc-0ef112ba553b,3.75e+07,0.2,0.375
1658276008,ANTUSDT,Buy,10,1.880,PlusTick,09ad4c3d-342c-593c-aca9-5a9e2e5b7c51,1.8799999999999998e+09,10,18.799999999999997
1658276042,ANTUSDT,Buy,102.6,1.875,MinusTick,b83ce680-ad46-5bbe-ad7f-de44a7a493a4,1.92375e+10,102.6,192.375
1658276042,ANTUSDT,Buy,185.7,1.875,ZeroMinusTick,9cdfd53a-b6a3-54f7-b9f8-2e2a120a3846,3.481875e+10,185.7,348.1875
1658276042,ANTUSDT,Buy,30.4,1.875,ZeroMinusTick,fe921c13-b605-5f50-b1c9-1d14853eb232,5.7e+09,30.4,57
1658276042,ANTUSDT,Buy,37.7,1.875,ZeroMinusTick,425df75b-af46-5635-9767-3e4ba9063672,7.06875e+09,37.7,70.6875
1658276043,ANTUSDT,Buy,241.9,1.875,ZeroMinusTick,effc287d-c4de-5467-bf87-ae2462c912d3,4.535625e+10,241.9,453.5625
1658276043,ANTUSDT,Buy,46.4,1.875,ZeroMinusTick,c2f9ac01-b006-56f6-bb21-6d1503b2b9a6,8.7e+09,46.4,87
1658276048,ANTUSDT,Sell,0.1,1.870,MinusTick,a26ca4d5-6f1f-5602-b2dd-d9f9f67840b6,1.8700000000000004e+07,0.1,0.18700000000000003
1658276048,ANTUSDT,Sell,13.8,1.870,ZeroMinusTick,81cca5ed-5905-5de2-8cfd-6d52fc5ef6a7,2.5806000000000005e+09,13.8,25.806000000000004
1658276048,ANTUSDT,Sell,4.2,1.870,ZeroMinusTick,ce038f9f-3205-5c6a-b14f-77b40720f915,7.854000000000001e+08,4.2,7.854000000000001
1658276048,ANTUSDT,Sell,86,1.870,ZeroMinusTick,c720e1f9-b3a1-5fab-abe1-f77b526c2214,1.6082000000000002e+10,86,160.82000000000002
1658276065,ANTUSDT,Buy,25.5,1.875,PlusTick,a3ef923f-01cd-5658-b7be-e9838ea9d128,4.78125e+09,25.5,47.8125
1658276065,ANTUSDT,Buy,25.5,1.875,ZeroMinusTick,ff1fd7a2-3dfe-5cf9-9efd-92d6e7d0a74e,4.78125e+09,25.5,47.8125
1658276065,ANTUSDT,Buy,25.5,1.875,ZeroMinusTick,b0cb6574-be1c-5ed9-9a8d-b6fa77947867,4.78125e+09,25.5,47.8125
1658276065,ANTUSDT,Buy,25.5,1.875,ZeroMinusTick,54c54612-ce9b-58a4-b336-8425df99bcc5,4.78125e+09,25.5,47.8125
1658276065,ANTUSDT,Buy,25.5,1.875,ZeroMinusTick,7e761887-1a81-5a2d-831e-bf8389c74582,4.78125e+09,25.5,47.8125
1658276065,ANTUSDT,Buy,25.5,1.875,ZeroMinusTick,5eecbe16-008f-5036-b746-caa65632d3ef,4.78125e+09,25.5,47.8125
1658276065,ANTUSDT,Buy,25.5,1.875,ZeroMinusTick,81aa1cbb-bc6f-5401-a4fd-eca444a2631d,4.78125e+09,25.5,47.8125
1658276065,ANTUSDT,Buy,25.5,1.875,ZeroMinusTick,ea17b9f1-d4cc-5297-9922-f1fe6564337f,4.78125e+09,25.5,47.8125
1658276065,ANTUSDT,Buy,25.5,1.875,ZeroMinusTick,0688e1b4-a2f8-5cbe-892d-85467da5af0c,4.78125e+09,25.5,47.8125
1658276065,ANTUSDT,Buy,25.5,1.875,ZeroMinusTick,9284e2f2-811d-57ac-8e8f-bfa742d73dc7,4.78125e+09,25.5,47.8125
1658276065,ANTUSDT,Buy,25.5,1.875,ZeroMinusTick,2a949d74-8f5c-5802-a4b1-771c6d1296db,4.78125e+09,25.5,47.8125
1658276065,ANTUSDT,Buy,25.5,1.875,ZeroMinusTick,d6bfcb9c-662c-53f0-8953-d1da5745770a,4.78125e+09,25.5,47.8125
1658276065,ANTUSDT,Buy,25.5,1.875,ZeroMinusTick,a832c599-9405-528a-87f4-08e5f2a37365,4.78125e+09,25.5,47.8125
1658276065,ANTUSDT,Buy,25.5,1.875,ZeroMinusTick,dfec0e25-d036-502d-bb50-3bade9078aec,4.78125e+09,25.5,47.8125
1658276065,ANTUSDT,Buy,25.5,1.875,ZeroMinusTick,7c72ed6b-c8ea-5773-9816-22f3b80c459f,4.78125e+09,25.5,47.8125
1658276065,ANTUSDT,Buy,25.5,1.875,ZeroMinusTick,b15bef08-b4c9-57d5-87af-3ac4ada0585b,4.78125e+09,25.5,47.8125
1658276065,ANTUSDT,Buy,25.5,1.875,ZeroMinusTick,33f369a9-b5e1-5264-8391-803fef58625a,4.78125e+09,25.5,47.8125
1658276065,ANTUSDT,Buy,25.5,1.875,ZeroMinusTick,3c21a002-d4e2-5b8b-bc9c-1c9f35bc3d3e,4.78125e+09,25.5,47.8125
1658276065,ANTUSDT,Buy,3.7,1.875,ZeroMinusTick,1b0cefbc-99b7-58c7-a21e-91bd60df5ba7,6.9375e+08,3.7,6.9375
1658276065,ANTUSDT,Buy,21.8,1.875,ZeroMinusTick,0a4b7602-6902-5931-8ce4-d9a902c9b132,4.0875e+09,21.8,40.875
1658276066,ANTUSDT,Buy,25.5,1.875,ZeroMinusTick,29f00e0c-f2a3-56dc-a09b-60b7e3c9e624,4.78125e+09,25.5,47.8125
1658276066,ANTUSDT,Buy,25.5,1.875,ZeroMinusTick,4a221fe0-3655-5b4e-8324-e93b83c2048e,4.78125e+09,25.5,47.8125
1658276066,ANTUSDT,Buy,19.7,1.875,ZeroMinusTick,87740ad3-dc27-5749-abb3-932c36c8229d,3.69375e+09,19.7,36.9375
1658276066,ANTUSDT,Buy,5.8,1.875,ZeroMinusTick,c67e91e9-cd4e-537a-9bf1-8a6317e390bc,1.0875e+09,5.8,10.875
1658276066,ANTUSDT,Buy,25.5,1.875,ZeroMinusTick,7a541524-fdbb-5ab7-b52f-e1618f715570,4.78125e+09,25.5,47.8125
1658276066,ANTUSDT,Buy,25.5,1.875,ZeroMinusTick,cb87e7f2-930c-58df-9a6b-2accc2993d4d,4.78125e+09,25.5,47.8125
1658276066,ANTUSDT,Buy,25.5,1.875,ZeroMinusTick,f8672fde-cbdd-59da-ab0a-08dd35193000,4.78125e+09,25.5,47.8125
1658276066,ANTUSDT,Buy,25.5,1.875,ZeroMinusTick,df539e72-d903-5010-a3eb-37c138c545a6,4.78125e+09,25.5,47.8125
1658276066,ANTUSDT,Buy,25.5,1.875,ZeroMinusTick,a4d6054f-72ba-5538-a5b6-a76b485e9e97,4.78125e+09,25.5,47.8125
1658276066,ANTUSDT,Buy,25.5,1.875,ZeroMinusTick,0ffa6c13-7479-5ef4-818d-16295305389e,4.78125e+09,25.5,47.8125
1658276066,ANTUSDT,Buy,25.5,1.875,ZeroMinusTick,63c85327-e025-5aa1-b684-63f608ca68d6,4.78125e+09,25.5,47.8125
1658276066,ANTUSDT,Buy,25.5,1.875,ZeroMinusTick,3b8aa451-0d79-5ed5-bf40-b1ddba0b8cd4,4.78125e+09,25.5,47.8125
1658276066,ANTUSDT,Buy,25.5,1.875,ZeroMinusTick,453b970f-18c3-5a74-9b26-c11b9813a34e,4.78125e+09,25.5,47.8125
1658276066,ANTUSDT,Buy,25.5,1.875,ZeroMinusTick,89d5acd1-b0b0-5262-a8b4-9e4f32b13c4b,4.78125e+09,25.5,47.8125
1658276066,ANTUSDT,Buy,25.5,1.875,ZeroMinusTick,0ac28762-fb12-5df7-894b-d73b7797646a,4.78125e+09,25.5,47.8125
1658276070,ANTUSDT,Buy,2.8,1.875,ZeroMinusTick,60ed246c-3f93-5b50-97c4-ac54bc90a553,5.25e+08,2.8,5.25
1658276070,ANTUSDT,Buy,20.8,1.875,ZeroMinusTick,bb311522-dc02-58c1-aea5-a99907d4c12b,3.9e+09,20.8,39
1658276070,ANTUSDT,Buy,4.7,1.875,ZeroMinusTick,06342f67-b043-5674-b0d7-e7ec896b3889,8.8125e+08,4.7,8.8125
1658276070,ANTUSDT,Buy,25.5,1.875,ZeroMinusTick,ae16c0b8-1259-5ce2-9246-7103c9e643ed,4.78125e+09,25.5,47.8125
1658276070,ANTUSDT,Buy,25.5,1.875,ZeroMinusTick,313a5ebb-3fda-5d33-9602-a91418d191a6,4.78125e+09,25.5,47.8125
1658276070,ANTUSDT,Buy,13.6,1.875,ZeroMinusTick,80fc3487-070f-5868-959f-43af03fc3730,2.55e+09,13.6,25.5
1658276070,ANTUSDT,Buy,11.9,1.875,ZeroMinusTick,aa7f551a-a44f-574e-a305-7cc51245a2d7,2.23125e+09,11.9,22.3125
1658276070,ANTUSDT,Buy,25.5,1.875,ZeroMinusTick,6da46220-213d-5917-995e-04e3b42a855e,4.78125e+09,25.5,47.8125
1658276098,ANTUSDT,Buy,0.1,1.875,ZeroMinusTick,6985b864-28c2-54a2-ae4a-e794c456d5e6,1.875e+07,0.1,0.1875
1658276318,ANTUSDT,Sell,1.1,1.875,ZeroMinusTick,4cab563e-6164-52d7-8316-3d20040fdb5f,2.0625e+08,1.1,2.0625
1658276349,ANTUSDT,Buy,2.8,1.880,PlusTick,d4fb88a9-2a4e-5d41-a015-03c5927b2ce0,5.2639999999999994e+08,2.8,5.263999999999999
1658276349,ANTUSDT,Buy,19.5,1.880,ZeroMinusTick,d68e0454-17ec-5048-8816-84d290e9a171,3.6659999999999995e+09,19.5,36.66
1658276349,ANTUSDT,Buy,25.5,1.880,ZeroMinusTick,aba3656f-3535-5e9c-a09d-f073972e2a61,4.794e+09,25.5,47.94
1658276350,ANTUSDT,Buy,25.5,1.880,ZeroMinusTick,63b3c58a-9dc8-5c41-ac78-39a31464f126,4.794e+09,25.5,47.94
1658276350,ANTUSDT,Buy,25.5,1.880,ZeroMinusTick,0414f762-ca52-5aca-b82a-14b5472d097a,4.794e+09,25.5,47.94
1658276350,ANTUSDT,Buy,13.5,1.880,ZeroMinusTick,dff08688-8e57-547c-be03-625ca790216a,2.538e+09,13.5,25.38
1658276350,ANTUSDT,Sell,288.3,1.880,ZeroMinusTick,fcaac117-add8-5286-a894-cbb2b49a16ed,5.42004e+10,288.3,542.004
1658276350,ANTUSDT,Sell,161.7,1.880,ZeroMinusTick,55a64318-4b47-56e2-8caa-e44884050c9d,3.0399599999999996e+10,161.7,303.996
1658276397,ANTUSDT,Sell,87,1.880,ZeroMinusTick,0f9cd4e6-6ff5-5112-8f50-7202fbe9e3ec,1.6356e+10,87,163.56
1658276398,ANTUSDT,Sell,1.4,1.880,ZeroMinusTick,baff036f-c34e-5d7f-b4bc-e0878a46a8e9,2.6319999999999997e+08,1.4,2.6319999999999997
1658276407,ANTUSDT,Sell,143,1.880,ZeroMinusTick,c73f01b8-f0cc-5164-ba47-a218444be577,2.6883999999999996e+10,143,268.84
1658276407,ANTUSDT,Sell,143,1.880,ZeroMinusTick,7da43cfd-0096-55fd-82a4-fad34dfd87aa,2.6883999999999996e+10,143,268.84
1658276408,ANTUSDT,Sell,144,1.880,ZeroMinusTick,ebd289ef-ee0c-535d-902c-48d67a3e538e,2.7071999999999996e+10,144,270.71999999999997
1658276478,ANTUSDT,Buy,0.6,1.880,ZeroMinusTick,91a90e82-fd09-528e-bd5b-a6e09fe8cac1,1.1279999999999999e+08,0.6,1.128
1658276594,ANTUSDT,Sell,4,1.875,MinusTick,dddcc545-c559-51c6-9db1-1ffefd76a1b4,7.5e+08,4,7.5
1658276628,ANTUSDT,Buy,1.4,1.885,PlusTick,18ef7396-7d2b-5f43-b8ec-8a70eee90a9d,2.6389999999999997e+08,1.4,2.639
1658276731,ANTUSDT,Buy,39.6,1.885,ZeroMinusTick,dec696f8-4196-5824-8eaf-a1ace16957a3,7.4646e+09,39.6,74.646
1658276731,ANTUSDT,Buy,32.3,1.885,ZeroMinusTick,0d5a21fb-e551-5545-9ad1-7da3a795d48d,6.088549999999999e+09,32.3,60.88549999999999
1658276731,ANTUSDT,Buy,216.4,1.885,ZeroMinusTick,fa553135-baa8-50f5-8133-ac41e03e3adb,4.07914e+10,216.4,407.914
1658276731,ANTUSDT,Buy,233.6,1.885,ZeroMinusTick,8e26551f-0b54-5857-a2cc-85c67f1e6ca5,4.40336e+10,233.6,440.336
1658276731,ANTUSDT,Buy,54.7,1.885,ZeroMinusTick,bc2b8163-5aa0-524a-bdaf-3793ba33a40e,1.0310950000000002e+10,54.7,103.10950000000001
1658276733,ANTUSDT,Buy,29.6,1.885,ZeroMinusTick,0b11dd23-9da3-5bf1-9cd6-43994e56745b,5.579600000000001e+09,29.6,55.79600000000001
1658276733,ANTUSDT,Buy,30.2,1.885,ZeroMinusTick,12218f04-8a49-51c7-9bba-b2d73b9de1f8,5.6927e+09,30.2,56.927
1658276739,ANTUSDT,Sell,29.5,1.885,ZeroMinusTick,c12848d8-f029-5667-becc-574d738d9b88,5.56075e+09,29.5,55.6075
1658276778,ANTUSDT,Buy,0.2,1.890,PlusTick,3df73539-9f88-5314-b15c-2c1c2cb9b001,3.78e+07,0.2,0.378
1658276778,ANTUSDT,Buy,1,1.890,ZeroMinusTick,5fb359a9-f0ce-5ae5-a1ce-eb7eff2b3ebb,1.89e+08,1,1.89
1658276938,ANTUSDT,Buy,2,1.895,PlusTick,aca2f319-bcbe-5f8c-9a5f-cb29c383a1cf,3.79e+08,2,3.79
1658276998,ANTUSDT,Buy,10,1.890,MinusTick,27a8eb32-bd40-5602-b71d-569139d01421,1.8899999999999998e+09,10,18.9
1658277098,ANTUSDT,Buy,0.4,1.895,PlusTick,3c331b0c-1c32-5e87-9afe-949485752d8a,7.58e+07,0.4,0.758
1658277188,ANTUSDT,Sell,0.2,1.885,MinusTick,7184844c-179a-532e-a331-b9627c4149b7,3.77e+07,0.2,0.377
1658277378,ANTUSDT,Sell,1.8,1.880,MinusTick,c714cf6a-b1cd-585e-acd2-8daf04fbeb7c,3.384e+08,1.8,3.384
1658277468,ANTUSDT,Buy,1.7,1.885,PlusTick,d241ef6d-e814-539a-a388-022d7ba9732a,3.2045e+08,1.7,3.2045
1658277568,ANTUSDT,Sell,0.1,1.880,MinusTick,5e7ffc16-ad14-5b78-a1a1-125b1a0e0d58,1.88e+07,0.1,0.188
1658277573,ANTUSDT,Buy,288.3,1.880,ZeroMinusTick,d662783a-6d79-50fe-9816-446733a271fa,5.42004e+10,288.3,542.004
1658277574,ANTUSDT,Sell,8,1.875,MinusTick,798286bc-3ac9-5c66-abd7-20b28e739b78,1.5e+09,8,15
1658277618,ANTUSDT,Sell,0.2,1.875,ZeroMinusTick,e8aac08b-7881-5c28-9c8a-2f4ca1fa49f8,3.75e+07,0.2,0.375
1658277618,ANTUSDT,Sell,288.1,1.875,ZeroMinusTick,19b66b47-f338-5f7f-b043-dad257c38f14,5.401875e+10,288.1,540.1875
1658277618,ANTUSDT,Sell,106.2,1.875,ZeroMinusTick,2649e290-2ea3-585f-9ed6-e76c8a02f8e8,1.99125e+10,106.2,199.125
1658277618,ANTUSDT,Sell,182.1,1.875,ZeroMinusTick,9e6b111b-20d2-560d-9ec0-d250dd1d4d4b,3.414375e+10,182.1,341.4375
1658277620,ANTUSDT,Buy,288.3,1.875,ZeroMinusTick,a997c43f-5996-5b5f-869c-375e6d380404,5.405625e+10,288.3,540.5625
1658277620,ANTUSDT,Buy,231.3,1.875,ZeroMinusTick,9de64ccd-095f-58c3-8609-8fbf649332a9,4.336875e+10,231.3,433.6875
1658277669,ANTUSDT,Sell,288.3,1.865,MinusTick,62c78370-e605-5303-97e2-f19a5b0a68ff,5.376794999999999e+10,288.3,537.6795
1658277669,ANTUSDT,Sell,161.7,1.865,ZeroMinusTick,497f4dd0-0ca4-5277-bf60-ab8ec10e23d5,3.015705e+10,161.7,301.5705
1658277674,ANTUSDT,Buy,150,1.865,ZeroMinusTick,9ce40eff-e41b-5828-9098-56b09732f159,2.7975e+10,150,279.75
1658277677,ANTUSDT,Buy,275.4,1.865,ZeroMinusTick,9ab7f0b7-cac8-5236-865c-535d244c9c50,5.13621e+10,275.4,513.621
1658277677,ANTUSDT,Buy,12.9,1.865,ZeroMinusTick,602d7b35-71e7-5aca-83b3-0aa168199081,2.40585e+09,12.9,24.058500000000002
1658277677,ANTUSDT,Buy,114.4,1.865,ZeroMinusTick,769566b6-a325-58a1-9dfc-16256e2bc2d9,2.1335600000000004e+10,114.4,213.35600000000002
1658277708,ANTUSDT,Buy,1.5,1.870,PlusTick,a78914ae-e835-5185-b0a0-b78e3d3e03be,2.805e+08,1.5,2.805
1658277731,ANTUSDT,Buy,288.3,1.870,ZeroMinusTick,eff4522f-ef23-5614-893a-f211401a345b,5.391210000000001e+10,288.3,539.1210000000001
1658277731,ANTUSDT,Buy,43,1.870,ZeroMinusTick,97021dc6-396b-5cbe-bf94-3daa7784a2a3,8.041000000000001e+09,43,80.41000000000001
1658277731,ANTUSDT,Buy,88.1,1.870,ZeroMinusTick,19e0bd59-c49c-569d-9897-af1a9f9408d7,1.6474699999999998e+10,88.1,164.74699999999999
1658277731,ANTUSDT,Buy,235.1,1.870,ZeroMinusTick,897f01d6-a3c7-5e86-8a6f-248764f84938,4.39637e+10,235.1,439.637
1658277731,ANTUSDT,Buy,23.9,1.870,ZeroMinusTick,d9f80602-b8bd-547b-a4e2-bd323e9d3269,4.4693e+09,23.9,44.693
1658277734,ANTUSDT,Buy,25.5,1.870,ZeroMinusTick,f2a326b2-c40e-580e-995b-bfed287c9490,4.7685e+09,25.5,47.685
1658277734,ANTUSDT,Buy,17.5,1.870,ZeroMinusTick,1a8300b1-3acf-55c2-b7f2-3d4dd991c77f,3.2725e+09,17.5,32.725
1658277808,ANTUSDT,Sell,1.1,1.870,ZeroMinusTick,b54d2917-3920-5888-9db7-3ed8bf11369d,2.0570000000000003e+08,1.1,2.0570000000000004
1658277850,ANTUSDT,Sell,29,1.870,ZeroMinusTick,2aa3a723-d1d5-5f92-9bce-40e6237a895d,5.423e+09,29,54.230000000000004
1658277883,ANTUSDT,Sell,288.3,1.865,MinusTick,26baa53b-0384-5b10-a611-d3e15cc3034e,5.376794999999999e+10,288.3,537.6795
1658277883,ANTUSDT,Sell,161.7,1.865,ZeroMinusTick,f37af6c5-4daf-532e-b8e0-6cc35ba8cf98,3.015705e+10,161.7,301.5705
1658277887,ANTUSDT,Buy,288.3,1.865,ZeroMinusTick,5ee3696d-338d-5dfe-909e-a81e8c821559,5.376794999999999e+10,288.3,537.6795
1658277887,ANTUSDT,Buy,161.7,1.865,ZeroMinusTick,1d509428-3f39-56b3-bf6b-55e34e216816,3.015705e+10,161.7,301.5705
1658277887,ANTUSDT,Buy,56.1,1.865,ZeroMinusTick,24b03348-3b73-5ebe-8f17-7c6ec5beeff5,1.046265e+10,56.1,104.62650000000001
1658277887,ANTUSDT,Buy,70.5,1.865,ZeroMinusTick,4251755b-f1ee-58b3-b8b6-d200c53b1483,1.3148249999999998e+10,70.5,131.4825
1658277938,ANTUSDT,Buy,0.8,1.875,PlusTick,f8256105-84d5-52e7-98d0-cc154afcbd40,1.5e+08,0.8,1.5
1658278098,ANTUSDT,Buy,0.2,1.880,PlusTick,3a380ee8-6603-5542-9b95-d5f310366dd4,3.76e+07,0.2,0.376
1658278198,ANTUSDT,Buy,0.5,1.880,ZeroMinusTick,98760a6f-fd74-5391-9f12-120e5c5ec3e3,9.4e+07,0.5,0.94
1658278243,ANTUSDT,Sell,5.1,1.875,MinusTick,1f64cb07-56b3-5323-89e4-cc6ea979cff6,9.5625e+08,5.1,9.5625
1658278298,ANTUSDT,Buy,0.8,1.880,PlusTick,3061f7ff-32e9-5bc2-934b-8bd55675e9f4,1.504e+08,0.8,1.504
1658278326,ANTUSDT,Sell,10,1.875,MinusTick,f7484332-8567-5e48-ab39-99e38a695047,1.875e+09,10,18.75
1658278368,ANTUSDT,Buy,0.1,1.875,ZeroMinusTick,b5d86efe-2446-5985-8568-b801df180d3e,1.875e+07,0.1,0.1875
1658278498,ANTUSDT,Sell,1.1,1.870,MinusTick,fb781db1-0d2a-5962-897a-dc9eccf53c64,2.0570000000000003e+08,1.1,2.0570000000000004
1658278688,ANTUSDT,Sell,0.2,1.860,MinusTick,27e74952-c4a5-5ff1-9c63-3fb67ff4f344,3.720000000000001e+07,0.2,0.37200000000000005
1658278688,ANTUSDT,Sell,0.8,1.860,ZeroMinusTick,811096f0-da58-546a-bff3-8a9655c90009,1.4880000000000003e+08,0.8,1.4880000000000002
1658278768,ANTUSDT,Sell,1.4,1.870,PlusTick,16bcdd15-262e-5c46-8d6a-8007725b0eac,2.618e+08,1.4,2.618
1658278860,ANTUSDT,Buy,450,1.870,ZeroMinusTick,a8fe2335-f250-57f4-b044-5c4aaaa548bc,8.415e+10,450,841.5
1658278860,ANTUSDT,Buy,267.3,1.870,ZeroMinusTick,d0701ca9-ef6a-584b-8d8a-417f00538fd0,4.998510000000001e+10,267.3,499.85100000000006
1658278868,ANTUSDT,Buy,0.1,1.870,ZeroMinusTick,62638fcf-e62c-5445-b3a6-83db5edb1829,1.8700000000000004e+07,0.1,0.18700000000000003
1658278968,ANTUSDT,Buy,0.2,1.875,PlusTick,b1a8e67c-1aff-5fae-aa41-f89e918a6269,3.75e+07,0.2,0.375
1658278968,ANTUSDT,Buy,0.8,1.875,ZeroMinusTick,5cffdba7-27d7-5f67-8d32-8185c22cef27,1.5e+08,0.8,1.5
1658279158,ANTUSDT,Buy,1.2,1.875,ZeroMinusTick,9dc27fe9-4bb5-5178-b588-bae21802ec70,2.25e+08,1.2,2.25
1658279368,ANTUSDT,Sell,1.9,1.860,MinusTick,6ce87696-5ed5-5673-84bf-1add521772df,3.534e+08,1.9,3.534
1658279458,ANTUSDT,Buy,1.2,1.870,PlusTick,f9141c03-4784-540b-b9ed-c6470c9a34c8,2.2440000000000003e+08,1.2,2.244
1658279528,ANTUSDT,Sell,1,1.865,MinusTick,d4e170ae-cc31-5c86-a61f-4bec7b8d7fa5,1.865e+08,1,1.865
1658279598,ANTUSDT,Sell,0.2,1.865,ZeroMinusTick,70afe204-de3b-52b6-a968-0e2d099e4a9b,3.73e+07,0.2,0.373
1658279688,ANTUSDT,Buy,0.9,1.875,PlusTick,f5e92c21-937b-5c0c-bd3e-814056167b0d,1.6875e+08,0.9,1.6875
1658279701,ANTUSDT,Sell,30,1.870,MinusTick,252576a4-7800-5c1a-8438-56da8491069a,5.61e+09,30,56.1
1658279888,ANTUSDT,Sell,0.8,1.875,PlusTick,1aa74af0-e165-5026-92b2-71dbdc1a1249,1.5e+08,0.8,1.5
1658279968,ANTUSDT,Buy,0.6,1.880,PlusTick,556b197f-5957-5220-84a4-99ddeedf8364,1.1279999999999999e+08,0.6,1.128
1658280027,ANTUSDT,Sell,757.7,1.875,MinusTick,bd97f12f-5219-5cb0-9fc8-c052d6af8385,1.4206875e+11,757.7,1420.6875
1658280138,ANTUSDT,Sell,10,1.875,ZeroMinusTick,57bf3b07-1bca-5b08-a2f4-cbf6fabb4984,1.875e+09,10,18.75
1658280288,ANTUSDT,Buy,1.4,1.880,PlusTick,dca467bb-901c-5a0e-9139-72494e1bfd55,2.6319999999999997e+08,1.4,2.6319999999999997
1658280375,ANTUSDT,Buy,450,1.880,ZeroMinusTick,0827c4b9-2de4-5ad6-ac6d-ca02f10dd49a,8.46e+10,450,846
1658280399,ANTUSDT,Buy,10,1.880,ZeroMinusTick,0a7d5fb2-29dc-50b7-8991-147475c91d9f,1.8799999999999998e+09,10,18.799999999999997
1658280488,ANTUSDT,Buy,1.6,1.885,PlusTick,5b652bf4-8b38-5392-aaf9-9d30077e1893,3.016e+08,1.6,3.016
1658280558,ANTUSDT,Sell,10,1.880,MinusTick,b06a983e-86b6-5e77-834d-fe26ee8cfba6,1.8799999999999998e+09,10,18.799999999999997
1658280628,ANTUSDT,Buy,0.2,1.890,PlusTick,cc69740d-26b5-52bc-a810-58634fad029e,3.78e+07,0.2,0.378
1658280628,ANTUSDT,Buy,1.2,1.890,ZeroMinusTick,a6d35323-ac2a-5440-8cbd-23765630d7d6,2.2679999999999997e+08,1.2,2.268
1658280768,ANTUSDT,Buy,1.2,1.885,MinusTick,88bf6f47-48c6-5528-a4da-dcb9cc0de712,2.262e+08,1.2,2.262
1658280848,ANTUSDT,Sell,0.4,1.880,MinusTick,65adc1b4-66e1-5e08-a516-fe2846d52e96,7.52e+07,0.4,0.752
1658280986,ANTUSDT,Sell,288.3,1.880,ZeroMinusTick,af6bf001-6687-5302-9513-873d4b897ab2,5.42004e+10,288.3,542.004
1658280986,ANTUSDT,Sell,288.3,1.880,ZeroMinusTick,60a6dc92-8394-5028-a58c-583f96d2b597,5.42004e+10,288.3,542.004
1658280993,ANTUSDT,Buy,288.3,1.880,ZeroMinusTick,c87bad71-3398-554b-9777-e6e06c961e1e,5.42004e+10,288.3,542.004
1658280993,ANTUSDT,Buy,161.7,1.880,ZeroMinusTick,5a299a7c-681a-5668-a6de-c8c491b17b5f,3.0399599999999996e+10,161.7,303.996
1658281028,ANTUSDT,Sell,1,1.875,MinusTick,8ddb9e24-43f9-59ca-a4fa-86975ce525c5,1.875e+08,1,1.875
1658281228,ANTUSDT,Sell,0.6,1.880,PlusTick,df7629c4-1bd7-5f3d-b4b8-e1a34d6b8804,1.1279999999999999e+08,0.6,1.128
1658281288,ANTUSDT,Sell,0.1,1.880,ZeroMinusTick,593a0036-d85c-5fd0-becf-2ab9e0f541fb,1.88e+07,0.1,0.188
1658281398,ANTUSDT,Buy,1.7,1.890,PlusTick,262d1d03-1993-5a99-bb03-7c3e318308c0,3.2129999999999994e+08,1.7,3.2129999999999996
1658281476,ANTUSDT,Sell,288.3,1.890,ZeroMinusTick,5ea38c8b-ee93-5a22-aac8-5ffc4a181969,5.448869999999999e+10,288.3,544.887
1658281476,ANTUSDT,Sell,232.9,1.890,ZeroMinusTick,eb5e651b-a47d-5024-a1bf-620e0505e8a6,4.40181e+10,232.9,440.181
1658281498,ANTUSDT,Buy,0.2,1.890,ZeroMinusTick,fccb4dcc-473d-502b-be35-0db7bef6825d,3.78e+07,0.2,0.378
1658281609,ANTUSDT,Buy,288.3,1.890,ZeroMinusTick,885a8183-f18f-5884-97a7-62e1dcbc6fb0,5.448869999999999e+10,288.3,544.887
1658281609,ANTUSDT,Buy,288.3,1.890,ZeroMinusTick,a233dc2d-1189-5af3-94b5-17a4df9dbe3c,5.448869999999999e+10,288.3,544.887
1658281648,ANTUSDT,Buy,0.3,1.895,PlusTick,2e3a51bb-daae-51ef-afbf-2835b0d0d743,5.685e+07,0.3,0.5685
1658281768,ANTUSDT,Sell,0.9,1.890,MinusTick,96ebbd2a-2137-590b-908b-dc26a774989d,1.7009999999999997e+08,0.9,1.7009999999999998
1658281828,ANTUSDT,Buy,1.8,1.895,PlusTick,f381aaa6-508a-5d8b-a741-5b5882be27f7,3.411e+08,1.8,3.411
1658281918,ANTUSDT,Buy,0.4,1.895,ZeroMinusTick,05dd1faf-30e6-5f08-ac9b-c7b624e46012,7.58e+07,0.4,0.758
1658282138,ANTUSDT,Sell,0.1,1.895,ZeroMinusTick,e47ab6ec-9edc-53f2-b4d9-20df0bf2cba2,1.895e+07,0.1,0.1895
1658282278,ANTUSDT,Sell,0.3,1.890,MinusTick,c77d8012-ffc9-5813-99ea-09d0bf08d9e7,5.669999999999999e+07,0.3,0.567
1658282508,ANTUSDT,Buy,0.4,1.895,PlusTick,0830bfbe-f158-5726-afe6-c8ff336afe84,7.58e+07,0.4,0.758
1658282648,ANTUSDT,Buy,1.8,1.895,ZeroMinusTick,e9feb919-242a-515f-b889-06bdc18f0cb3,3.411e+08,1.8,3.411
1658282686,ANTUSDT,Buy,325.1,1.895,ZeroMinusTick,103a9cdc-38f1-556b-8721-ee24b5f91a9c,6.160645000000001e+10,325.1,616.0645000000001
1658282808,ANTUSDT,Buy,1.7,1.900,PlusTick,4bb8f4f7-a167-5911-a099-6ffacb18071d,3.23e+08,1.7,3.23
1658282868,ANTUSDT,Buy,0.3,1.895,MinusTick,2430ef1e-fbf2-5556-9a2a-5b95e3c88a64,5.685e+07,0.3,0.5685
1658282978,ANTUSDT,Buy,0.1,1.900,PlusTick,5969b693-def9-5587-add3-29976b6df216,1.9e+07,0.1,0.19
1658283108,ANTUSDT,Sell,1.3,1.900,ZeroMinusTick,33cd02de-dd59-515a-b920-de80ff7b8851,2.4699999999999997e+08,1.3,2.4699999999999998
1658283215,ANTUSDT,Buy,0.2,1.905,PlusTick,0b50d0da-4e65-5068-a87c-40b984300562,3.81e+07,0.2,0.381
1658283278,ANTUSDT,Buy,0.3,1.910,PlusTick,e31ae05c-7c80-518c-9a41-9e1ca1175608,5.729999999999999e+07,0.3,0.573
1658283378,ANTUSDT,Sell,0.3,1.905,MinusTick,f3286f46-6737-5fd4-b31c-454bb2f86695,5.715e+07,0.3,0.5715
1658283438,ANTUSDT,Sell,0.8,1.905,ZeroMinusTick,681b5ba8-53a8-56f6-b734-b4f947ac6860,1.524e+08,0.8,1.524
1658283518,ANTUSDT,Sell,1,1.900,MinusTick,c0875446-7877-5fa3-b602-9a7b596b2892,1.9e+08,1,1.9
1658283598,ANTUSDT,Buy,0.1,1.905,PlusTick,f842861d-2df7-593b-b0a1-61ddb91b1312,1.905e+07,0.1,0.1905
1658283778,ANTUSDT,Buy,1.4,1.910,PlusTick,37e5b07e-4f77-5d21-88b3-4eeb3bb70efc,2.674e+08,1.4,2.674
1658283782,ANTUSDT,Sell,288.3,1.905,MinusTick,c4993fd9-25e5-5cb8-a507-5cf5010a0e54,5.492115e+10,288.3,549.2115
1658283782,ANTUSDT,Sell,288.3,1.905,ZeroMinusTick,97edca7e-b4e1-5988-bae2-c2ef334c627a,5.492115e+10,288.3,549.2115
1658283836,ANTUSDT,Buy,288.3,1.905,ZeroMinusTick,bbb24d40-daaa-57bb-af76-700afc394bc4,5.492115e+10,288.3,549.2115
1658283836,ANTUSDT,Buy,161.7,1.905,ZeroMinusTick,83eab8d4-fbd4-51e5-a852-e2c2d890336e,3.080385e+10,161.7,308.0385
1658283837,ANTUSDT,Sell,288.3,1.905,ZeroMinusTick,30d0d8ba-a15b-5c18-8ae4-a4c1d54b3d38,5.492115e+10,288.3,549.2115
1658283837,ANTUSDT,Sell,35.2,1.905,ZeroMinusTick,58516878-c19a-554e-bde8-26b4b13dee4a,6.705600000000001e+09,35.2,67.05600000000001
1658283838,ANTUSDT,Buy,0.1,1.905,ZeroMinusTick,81d7c74f-90a9-5c2b-a641-d2b8445d2cda,1.905e+07,0.1,0.1905
1658283841,ANTUSDT,Buy,288.3,1.905,ZeroMinusTick,8222943d-aa1d-51ef-8941-e822978c68a6,5.492115e+10,288.3,549.2115
1658283841,ANTUSDT,Buy,161.6,1.905,ZeroMinusTick,d46bab03-67f2-5b9a-8f36-06dce256e29a,3.07848e+10,161.6,307.848
1658283988,ANTUSDT,Buy,2,1.910,PlusTick,853d0ca2-51ec-57f0-b90e-90acf911f2a3,3.82e+08,2,3.82
1658284029,ANTUSDT,Sell,25.3,1.900,MinusTick,c46c3ea0-098e-5da3-8de5-956cd934de7b,4.807e+09,25.3,48.07
1658284118,ANTUSDT,Sell,0.1,1.900,ZeroMinusTick,5b91c9d2-653a-5b29-bd78-bbedeef844e3,1.9e+07,0.1,0.19
1658284278,ANTUSDT,Buy,1.7,1.910,PlusTick,37bcd860-0a39-5b52-bb5c-c3adccf5a186,3.247e+08,1.7,3.247
1658284388,ANTUSDT,Buy,1.9,1.915,PlusTick,24002b8f-b5a5-5555-b3d0-dda39c31afc6,3.6385e+08,1.9,3.6385
1658284388,ANTUSDT,Buy,6.6,1.915,ZeroMinusTick,a8de1a6f-3ec5-5e77-baa1-58df02536ef9,1.2639e+09,6.6,12.639
1658284388,ANTUSDT,Buy,1.5,1.915,ZeroMinusTick,a5d9e2bb-239f-59b3-8930-d8646e70e2e0,2.8725e+08,1.5,2.8725
1658284418,ANTUSDT,Sell,0.1,1.910,MinusTick,092a6362-bb95-5cd1-8a9e-efc1f122f146,1.91e+07,0.1,0.191
1658284495,ANTUSDT,Buy,50,1.915,PlusTick,51dff6ba-fd3d-523c-94b9-54151206fab2,9.575e+09,50,95.75
1658284498,ANTUSDT,Buy,0.6,1.915,ZeroMinusTick,0e06e1e7-3fb0-500e-9af1-f5f08dc3cebb,1.149e+08,0.6,1.149
1658284540,ANTUSDT,Buy,174,1.915,ZeroMinusTick,904a398a-4e6f-55df-90c8-91452beba02b,3.3320999999999996e+10,174,333.21
1658284540,ANTUSDT,Buy,58,1.915,ZeroMinusTick,787485a5-6fc3-5e11-a845-919d26dcf043,1.1107e+10,58,111.07000000000001
1658284541,ANTUSDT,Buy,58,1.915,ZeroMinusTick,97745e32-54b4-5c87-ad24-ca7dbe270fda,1.1107e+10,58,111.07000000000001
1658284728,ANTUSDT,Buy,0.2,1.920,PlusTick,583c6d6a-810c-5dca-a2e5-2f1d914b6658,3.84e+07,0.2,0.384
1658284728,ANTUSDT,Buy,1.4,1.920,ZeroMinusTick,6ef3c502-01eb-571a-b15d-74f19db4431c,2.688e+08,1.4,2.6879999999999997
1658284728,ANTUSDT,Buy,5.1,1.920,ZeroMinusTick,0388fd3f-9801-5e7f-a3b9-c8175cc9b932,9.792e+08,5.1,9.792
1658284888,ANTUSDT,Buy,0.6,1.920,ZeroMinusTick,b4f4dab3-6f80-518d-8c77-4d83fbd2854d,1.1519999999999999e+08,0.6,1.152
1658285008,ANTUSDT,Sell,1.9,1.915,MinusTick,8b805cdc-8b93-53ef-bf24-7949290b88b2,3.6385e+08,1.9,3.6385
1658285188,ANTUSDT,Buy,0.8,1.930,PlusTick,d588a5d7-9be2-596a-b8c5-90052fe7997b,1.544e+08,0.8,1.544
1658285228,ANTUSDT,Sell,0.1,1.925,MinusTick,8755d140-8d0f-5f57-a918-f667e4a22afb,1.925e+07,0.1,0.1925
1658285265,ANTUSDT,Buy,18,1.925,ZeroMinusTick,18631646-5b77-56d8-b9b7-bcfa3dd92fb9,3.465e+09,18,34.65
1658285277,ANTUSDT,Buy,38,1.925,ZeroMinusTick,eef4e055-c897-56c8-a5c0-d1719cf32ed6,7.315000000000001e+09,38,73.15
1658285348,ANTUSDT,Sell,0.1,1.920,MinusTick,e807bd2f-b59a-5c13-a835-b6b604adde47,1.92e+07,0.1,0.192
1658285388,ANTUSDT,Buy,341,1.925,PlusTick,d172c41a-d77d-554a-8e90-87608d79e954,6.564250000000001e+10,341,656.4250000000001
1658285411,ANTUSDT,Buy,12,1.925,ZeroMinusTick,8a71bbf5-868a-5c12-8616-896e445d3119,2.31e+09,12,23.1
1658285427,ANTUSDT,Buy,42,1.925,ZeroMinusTick,4418fab6-b1bb-591c-9191-8506e0149519,8.085000000000001e+09,42,80.85000000000001
1658285429,ANTUSDT,Buy,17,1.925,ZeroMinusTick,ccd58b4f-cfd5-5a5f-ac6e-36641630e6fc,3.2725e+09,17,32.725
1658285429,ANTUSDT,Buy,160,1.925,ZeroMinusTick,be5ea070-0e1f-5fff-b775-51f5eb743d1a,3.08e+10,160,308
1658285498,ANTUSDT,Sell,0.1,1.920,MinusTick,4ec713ce-6dab-5fec-a4a1-d2a9f39185b2,1.92e+07,0.1,0.192
1658285588,ANTUSDT,Sell,0.1,1.920,ZeroMinusTick,0a8b3ce6-5daf-51ee-afb0-7774906c2a21,1.92e+07,0.1,0.192
1658285634,ANTUSDT,Buy,77,1.925,PlusTick,05c4e942-9078-581f-87ad-846851fb3280,1.48225e+10,77,148.225
1658285642,ANTUSDT,Sell,1,1.920,MinusTick,944c1595-ae0e-5aa7-b407-f9ed91667e28,1.92e+08,1,1.92
1658285642,ANTUSDT,Buy,26.1,1.925,PlusTick,634a524f-2ef9-5641-9a88-d79c059443da,5.024250000000001e+09,26.1,50.24250000000001
1658285657,ANTUSDT,Buy,54,1.925,ZeroMinusTick,892275d4-8567-5e00-ba74-40416bf3bc3d,1.0395e+10,54,103.95
1658285658,ANTUSDT,Sell,0.5,1.920,MinusTick,0f484589-9aed-5e26-8320-af1a58f55076,9.6e+07,0.5,0.96
1658285659,ANTUSDT,Buy,45,1.925,PlusTick,db23795f-8d24-5475-b7e8-0c55062d6d2e,8.6625e+09,45,86.625
1658285674,ANTUSDT,Buy,169,1.925,ZeroMinusTick,450d3fe6-f41c-58e4-b2df-c80f463ef150,3.25325e+10,169,325.325
1658285674,ANTUSDT,Buy,169,1.925,ZeroMinusTick,570b943d-ba48-57d6-bdd8-49176f08b4b0,3.25325e+10,169,325.325
1658285683,ANTUSDT,Buy,55,1.925,ZeroMinusTick,96d3f393-3363-5370-ab56-cb2d0ab502b5,1.05875e+10,55,105.875
1658285683,ANTUSDT,Buy,165,1.925,ZeroMinusTick,9b429b70-1474-570e-a383-1f81d4a41c43,3.17625e+10,165,317.625
1658285683,ANTUSDT,Buy,55,1.925,ZeroMinusTick,667d9852-9b2b-5833-a39d-3d3ada8ad066,1.05875e+10,55,105.875
1658285683,ANTUSDT,Buy,165,1.925,ZeroMinusTick,daf2c241-ec05-568b-98a8-2ecceadd2d92,3.17625e+10,165,317.625
1658285743,ANTUSDT,Buy,290,1.930,PlusTick,79937183-5e79-56b9-b7b3-8b3e92debd67,5.596999999999999e+10,290,559.6999999999999
1658285798,ANTUSDT,Sell,0.6,1.925,MinusTick,7a349097-74b3-5c03-bbcc-32b1e112e3e0,1.155e+08,0.6,1.155
1658285822,ANTUSDT,Buy,0.4,1.930,PlusTick,58686531-57ea-53f9-855e-b19acf000a6a,7.72e+07,0.4,0.772
1658285840,ANTUSDT,Sell,1,1.925,MinusTick,2d6be386-a323-59c6-96f2-32245aa1b47a,1.925e+08,1,1.925
1658285918,ANTUSDT,Sell,1.6,1.915,MinusTick,61670c64-331b-5063-81d2-3b3c2821815c,3.064e+08,1.6,3.064
1658285948,ANTUSDT,Buy,10,1.920,PlusTick,0b9d0a71-bc3d-51c7-9ac8-b147abdf6bb2,1.92e+09,10,19.2
1658286059,ANTUSDT,Sell,120.6,1.915,MinusTick,572a08a9-ed6b-5f0f-8ba8-d71d34694187,2.30949e+10,120.6,230.94899999999998
1658286059,ANTUSDT,Sell,99,1.915,ZeroMinusTick,68d704cf-3e14-50fb-afd6-a72d2a1cdb87,1.89585e+10,99,189.585
1658286078,ANTUSDT,Buy,1.7,1.920,PlusTick,983c4fb0-ce80-5246-914f-465adb581a90,3.264e+08,1.7,3.264
1658286142,ANTUSDT,Sell,39,1.920,ZeroMinusTick,fc0813d7-0fff-5d3f-8301-bbf468b629a9,7.488e+09,39,74.88
1658286142,ANTUSDT,Sell,85.1,1.920,ZeroMinusTick,09da8bd1-ff83-5bd6-aab7-90c75037acab,1.63392e+10,85.1,163.392
1658286155,ANTUSDT,Sell,136.2,1.915,MinusTick,379afbd5-82be-500c-9849-9386d17a09b8,2.6082299999999996e+10,136.2,260.823
1658286168,ANTUSDT,Buy,1.7,1.915,ZeroMinusTick,ca79b2ff-d310-518b-90e6-615627159deb,3.2555e+08,1.7,3.2555
1658286358,ANTUSDT,Sell,0.9,1.915,ZeroMinusTick,bb8c0947-5613-5b9f-8dfc-35cb6bf7d311,1.7235e+08,0.9,1.7235
1658286386,ANTUSDT,Sell,16.6,1.915,ZeroMinusTick,3786a7d3-1f6a-5039-9cec-5f3879d3b1e2,3.1789000000000005e+09,16.6,31.789000000000005
1658286386,ANTUSDT,Sell,10.8,1.915,ZeroMinusTick,eaee706b-f760-5b65-b9c6-bff926786873,2.0682000000000002e+09,10.8,20.682000000000002
1658286386,ANTUSDT,Sell,2.7,1.915,ZeroMinusTick,7e12c1db-d5cd-52e0-a808-e7973a09323b,5.1705000000000006e+08,2.7,5.1705000000000005
1658286388,ANTUSDT,Sell,27.2,1.915,ZeroMinusTick,6896e81e-e91f-594f-8f22-dfb245898a86,5.2088e+09,27.2,52.088
1658286388,ANTUSDT,Sell,6.1,1.915,ZeroMinusTick,54fdb9e9-d7a6-528c-aa1e-c6c1e3cf50ea,1.16815e+09,6.1,11.6815
1658286433,ANTUSDT,Sell,25.8,1.915,ZeroMinusTick,59c85f4f-dde4-5a62-9ead-6e0561130d3f,4.9407e+09,25.8,49.407000000000004
1658286433,ANTUSDT,Sell,51.8,1.915,ZeroMinusTick,783d3a40-1287-5056-8d71-f55f4cf469f9,9.9197e+09,51.8,99.197
1658286433,ANTUSDT,Sell,77.6,1.915,ZeroMinusTick,2b610c38-509d-5b93-942f-256765ea6032,1.4860399999999998e+10,77.6,148.60399999999998
1658286433,ANTUSDT,Sell,142.7,1.915,ZeroMinusTick,ee1c8256-be7b-5301-9228-d43002c0bc29,2.7327049999999996e+10,142.7,273.27049999999997
1658286433,ANTUSDT,Sell,38.6,1.915,ZeroMinusTick,048c343e-6c5e-5a8d-97f2-0cf88ba701c3,7.391900000000001e+09,38.6,73.91900000000001
1658286433,ANTUSDT,Sell,107,1.915,ZeroMinusTick,977fb737-658a-5726-804c-ff5fc1654a61,2.04905e+10,107,204.905
1658286448,ANTUSDT,Buy,288.3,1.915,ZeroMinusTick,0b4fae1c-1511-557f-88d1-ddf5b3e82b83,5.520945000000001e+10,288.3,552.0945
1658286448,ANTUSDT,Buy,161.7,1.915,ZeroMinusTick,f63dd74e-8481-5632-8bc4-f510487cbef6,3.0965549999999996e+10,161.7,309.65549999999996
1658286448,ANTUSDT,Buy,126.6,1.915,ZeroMinusTick,bbd0b7cc-5701-52be-b8ee-a26c5a2bfc6c,2.42439e+10,126.6,242.439
1658286477,ANTUSDT,Buy,18,1.915,ZeroMinusTick,0323b346-9550-54dc-a77f-d0c835862148,3.447e+09,18,34.47
1658286568,ANTUSDT,Sell,0.5,1.915,ZeroMinusTick,a2c47134-e426-5c98-a09b-bbe222800b88,9.575e+07,0.5,0.9575
1658286675,ANTUSDT,Sell,45.6,1.915,ZeroMinusTick,37d222c9-5c41-5b52-9579-dd3fec613498,8.7324e+09,45.6,87.324
1658286675,ANTUSDT,Sell,32,1.915,ZeroMinusTick,c0cc4acb-3542-5b4f-9e40-130f0ff0d330,6.128e+09,32,61.28
1658286675,ANTUSDT,Sell,39.8,1.915,ZeroMinusTick,15c5b8e8-8afc-522c-9396-71e41abf3cbb,7.6217e+09,39.8,76.217
1658286738,ANTUSDT,Buy,2,1.920,PlusTick,5cc4de9f-2572-57a9-8105-5ed3c2181b00,3.84e+08,2,3.84
1658286938,ANTUSDT,Sell,1.4,1.910,MinusTick,dbfce861-7b00-5ee1-9417-5e970848f462,2.674e+08,1.4,2.674
1658286954,ANTUSDT,Buy,288.3,1.915,PlusTick,d1f446a8-329b-512d-8407-3f3909495984,5.520945000000001e+10,288.3,552.0945
1658287015,ANTUSDT,Buy,43,1.910,MinusTick,a53b1deb-dc68-5651-9cd5-63275dc8f6c0,8.213e+09,43,82.13
1658287015,ANTUSDT,Buy,43,1.910,ZeroMinusTick,07f5d104-2b3a-52ed-8e75-11999678b476,8.213e+09,43,82.13
1658287015,ANTUSDT,Buy,130,1.910,ZeroMinusTick,77b23b59-9ce8-5dfe-b6c7-79291db5d081,2.483e+10,130,248.29999999999998
1658287015,ANTUSDT,Sell,13.9,1.905,MinusTick,78f8d98f-f9c6-5025-875d-b7e87e09109d,2.64795e+09,13.9,26.4795
1658287015,ANTUSDT,Sell,0.2,1.905,ZeroMinusTick,b51764a5-9288-5148-8a5f-2a03460bf7af,3.81e+07,0.2,0.381
1658287015,ANTUSDT,Sell,4.2,1.905,ZeroMinusTick,6c9d0f69-f4ac-5760-9ca1-64385de2971b,8.001000000000001e+08,4.2,8.001000000000001
1658287015,ANTUSDT,Sell,102.7,1.905,ZeroMinusTick,6a086265-5a94-53d5-bfe1-61c472b2904c,1.956435e+10,102.7,195.64350000000002
1658287016,ANTUSDT,Buy,12,1.910,PlusTick,ad6e4113-7618-520d-8cd8-1efdb1c94f1a,2.292e+09,12,22.919999999999998
1658287098,ANTUSDT,Sell,52,1.910,ZeroMinusTick,92d438fd-e292-5440-a7f2-8b747efd658a,9.932e+09,52,99.32
1658287098,ANTUSDT,Sell,239,1.910,ZeroMinusTick,9f2a4f4b-aa8b-5d7a-aeb8-65c1e614c512,4.5649e+10,239,456.49
1658287099,ANTUSDT,Buy,626.6,1.915,PlusTick,47954d4a-ad76-5b35-81b7-0e0e19865d54,1.1999390000000002e+11,626.6,1199.939
1658287108,ANTUSDT,Buy,1.5,1.915,ZeroMinusTick,d43b59b3-06e1-5bef-b862-6aa40291e341,2.8725e+08,1.5,2.8725
1658287206,ANTUSDT,Buy,154.3,1.915,ZeroMinusTick,f2a7a4ae-fa40-55d4-b612-bd1dbb0fb90c,2.9548450000000004e+10,154.3,295.4845
1658287230,ANTUSDT,Buy,87.9,1.915,ZeroMinusTick,0222659a-f3bb-55d4-afe2-407bf2134696,1.6832850000000002e+10,87.9,168.32850000000002
1658287231,ANTUSDT,Buy,7.5,1.915,ZeroMinusTick,5c5ae5a2-b83a-53b7-9ac0-da2f82c42c43,1.43625e+09,7.5,14.3625
1658287288,ANTUSDT,Buy,0.8,1.920,PlusTick,c3243b2c-8940-5e2b-8146-b21cd1aedc59,1.536e+08,0.8,1.536
1658287418,ANTUSDT,Sell,0.1,1.915,MinusTick,6e823cbe-0fea-5b50-86ef-ea246fde591b,1.915e+07,0.1,0.1915
1658287568,ANTUSDT,Buy,0.2,1.920,PlusTick,7f15e9dc-e53a-50e4-be89-a61dae609d75,3.84e+07,0.2,0.384
1658287568,ANTUSDT,Buy,0.3,1.920,ZeroMinusTick,d9f84e94-48ff-5a6e-b0d7-2acd4fc68541,5.759999999999999e+07,0.3,0.576
1658287648,ANTUSDT,Sell,1.1,1.920,ZeroMinusTick,27fb4ace-f3eb-578c-af9c-d4fb1ac2a7db,2.112e+08,1.1,2.112
1658287700,ANTUSDT,Buy,12.7,1.925,PlusTick,719cd749-08c3-55f6-9aac-b3f2ad3fca1f,2.44475e+09,12.7,24.447499999999998
1658287749,ANTUSDT,Sell,10,1.925,ZeroMinusTick,481b2453-c9c6-52fd-91ec-fda7bad1e6d4,1.925e+09,10,19.25
1658287809,ANTUSDT,Buy,76.3,1.930,PlusTick,9f52f973-7c8e-5550-a6c2-2065b05355f1,1.4725899999999998e+10,76.3,147.259
1658287811,ANTUSDT,Buy,4.3,1.930,ZeroMinusTick,a1685314-6c3e-5b8b-9f1a-4d4f135bde13,8.299e+08,4.3,8.299
1658287849,ANTUSDT,Sell,1.1,1.930,ZeroMinusTick,6a695d42-7faf-556e-9359-7926341e38d5,2.1230000000000003e+08,1.1,2.123
1658287949,ANTUSDT,Buy,0.5,1.930,ZeroMinusTick,f4421496-037b-522e-ba43-cd69e9c05807,9.65e+07,0.5,0.965
1658287951,ANTUSDT,Buy,2.2,1.930,ZeroMinusTick,2fd08c6c-0927-5235-ab45-633d33540717,4.2460000000000006e+08,2.2,4.246
1658288039,ANTUSDT,Sell,0.1,1.925,MinusTick,a23b7721-bed7-5f81-9e5c-9b20166604dc,1.925e+07,0.1,0.1925
1658288189,ANTUSDT,Buy,1.4,1.930,PlusTick,14587298-619d-5a0d-bf7d-756697ea6511,2.702e+08,1.4,2.702
1658288204,ANTUSDT,Buy,10,1.930,ZeroMinusTick,6567d74c-e870-5575-8c46-26c3a471a77a,1.93e+09,10,19.3
1658288349,ANTUSDT,Sell,0.1,1.930,ZeroMinusTick,e1f573a7-e06b-5835-ac63-377a76eb8bf4,1.93e+07,0.1,0.193
1658288379,ANTUSDT,Sell,10,1.930,ZeroMinusTick,bf9e158e-726a-5489-92cb-72863317381d,1.93e+09,10,19.3
1658288495,ANTUSDT,Buy,0.2,1.935,PlusTick,846b9047-464c-55f5-b4f3-707589667c58,3.87e+07,0.2,0.387
1658288495,ANTUSDT,Buy,129.8,1.935,ZeroMinusTick,2a505aaa-dd6e-5ad8-b804-688ba6e66a81,2.5116300000000004e+10,129.8,251.16300000000004
1658288495,ANTUSDT,Buy,29.5,1.935,ZeroMinusTick,0ada604c-bc3c-5b0b-b314-2c87620cc32b,5.70825e+09,29.5,57.0825
1658288536,ANTUSDT,Buy,103.7,1.935,ZeroMinusTick,79395cdd-3203-58ab-8b9b-7a3e6f6663b8,2.006595e+10,103.7,200.6595
1658288536,ANTUSDT,Buy,35.3,1.935,ZeroMinusTick,ba04abea-016e-5abc-a675-36757b49222d,6.830549999999999e+09,35.3,68.3055
1658288557,ANTUSDT,Sell,1000,1.935,ZeroMinusTick,11a30f1d-ca66-5052-9a31-c3e77de05a57,1.935e+11,1000,1935
1658288558,ANTUSDT,Sell,142.9,1.935,ZeroMinusTick,e75d0107-7af4-5681-8544-88bab97414c6,2.765115e+10,142.9,276.5115
1658288558,ANTUSDT,Sell,145.4,1.935,ZeroMinusTick,66d7e308-0edf-5dbb-b6d2-3c9ccf4de0a4,2.8134900000000004e+10,145.4,281.34900000000005
1658288558,ANTUSDT,Sell,134,1.935,ZeroMinusTick,cb44cba4-9f8e-5bee-9dfc-6cc9e752142b,2.5929000000000004e+10,134,259.29
1658288558,ANTUSDT,Sell,112.9,1.935,ZeroMinusTick,1dd0df17-e579-5a8f-85eb-87557de728b6,2.1846150000000004e+10,112.9,218.46150000000003
1658288558,ANTUSDT,Sell,206.3,1.935,ZeroMinusTick,6f257772-14c7-5219-a7ae-386d1176ee55,3.991905000000001e+10,206.3,399.19050000000004
1658288558,ANTUSDT,Sell,82,1.935,ZeroMinusTick,b34eb1a3-124b-513c-8aee-7c574026d730,1.5867000000000002e+10,82,158.67000000000002
1658288580,ANTUSDT,Buy,0.1,1.935,ZeroMinusTick,9e64dd58-b54d-5ee4-8ca0-054613e70dcd,1.935e+07,0.1,0.1935
1658288580,ANTUSDT,Buy,288.3,1.935,ZeroMinusTick,495d411f-8fc2-5222-9d80-51e3a0da2eae,5.578605e+10,288.3,557.8605
1658288580,ANTUSDT,Buy,288.3,1.935,ZeroMinusTick,eb59c4d2-29e7-5d12-ac09-d75de3d1a6e9,5.578605e+10,288.3,557.8605
1658288580,ANTUSDT,Buy,232.5,1.935,ZeroMinusTick,8bfe5fe8-e48b-593f-b0b6-edd44143fa55,4.498875e+10,232.5,449.8875
1658288614,ANTUSDT,Buy,19.3,1.940,PlusTick,18f6b2f2-c940-5f0f-a83d-041dbc7c4210,3.7442e+09,19.3,37.442
1658288614,ANTUSDT,Buy,7.7,1.940,ZeroMinusTick,6a55fc10-1226-5e2e-96b8-04877e99911c,1.4938e+09,7.7,14.938
1658288629,ANTUSDT,Buy,1.5,1.940,ZeroMinusTick,e5355ebb-d88a-5009-b8dc-aa4b9befc607,2.91e+08,1.5,2.91
1658288646,ANTUSDT,Buy,9.8,1.940,ZeroMinusTick,fd09619e-5a02-557b-9768-82ae53a69058,1.9012e+09,9.8,19.012
1658288646,ANTUSDT,Buy,19,1.940,ZeroMinusTick,d0f6aa8f-35b4-532e-92ce-bbcfaf7ea54f,3.686e+09,19,36.86
1658288646,ANTUSDT,Buy,19,1.940,ZeroMinusTick,7b29af9a-4d29-51bf-8a07-7b34dd39d184,3.686e+09,19,36.86
1658288646,ANTUSDT,Buy,0.2,1.940,ZeroMinusTick,124ba278-3d62-5f0a-8d3f-94dd99cece8a,3.88e+07,0.2,0.388
1658288646,ANTUSDT,Buy,0.5,1.940,ZeroMinusTick,b99cd4a0-3a9a-5cee-91b3-cc575c9456b0,9.7e+07,0.5,0.97
1658288646,ANTUSDT,Buy,1.1,1.940,ZeroMinusTick,a9bb982f-1ae5-54ac-bb86-4421d66e79af,2.134e+08,1.1,2.134
1658288646,ANTUSDT,Buy,2.4,1.940,ZeroMinusTick,658f18e5-760c-5d30-9718-6ba57821f8e4,4.6559999999999994e+08,2.4,4.656
1658288648,ANTUSDT,Buy,0.1,1.940,ZeroMinusTick,5f5fd282-56c1-5600-a7da-adc8c035890b,1.94e+07,0.1,0.194
1658288648,ANTUSDT,Buy,112.2,1.940,ZeroMinusTick,08574c86-2590-54aa-a3ee-c356f040f1c5,2.17668e+10,112.2,217.668
1658288796,ANTUSDT,Sell,258.3,1.935,MinusTick,3be2d5ef-7922-5726-822e-3dd1886f609a,4.998105000000001e+10,258.3,499.81050000000005
1658288796,ANTUSDT,Sell,30,1.935,ZeroMinusTick,b2f57399-2523-5859-899a-009f88aa37b8,5.805e+09,30,58.050000000000004
1658288796,ANTUSDT,Sell,288.3,1.935,ZeroMinusTick,fa3e07c3-0d03-5386-be98-21eddf47d549,5.578605e+10,288.3,557.8605
1658288799,ANTUSDT,Buy,1.9,1.935,ZeroMinusTick,de182153-2afa-590a-9396-7a0983c09703,3.6765e+08,1.9,3.6765
1658288899,ANTUSDT,Buy,1.5,1.935,ZeroMinusTick,eadd01eb-d103-5ac7-a2cf-118ad681dd46,2.9025e+08,1.5,2.9025
1658289069,ANTUSDT,Sell,0.4,1.930,MinusTick,fa36b4c8-48cc-58e1-9da9-51adfbf13d5d,7.72e+07,0.4,0.772
1658289125,ANTUSDT,Buy,193,1.935,PlusTick,01c48be5-196d-5b58-9500-ed35edc94af8,3.73455e+10,193,373.455
1658289153,ANTUSDT,Buy,130,1.935,ZeroMinusTick,fb422803-77f9-59a2-8897-339a26105335,2.5155e+10,130,251.55
1658289180,ANTUSDT,Buy,83.6,1.940,PlusTick,2263cc0d-6ff5-5ead-bf3c-4d9798757dbc,1.62184e+10,83.6,162.184
1658289180,ANTUSDT,Buy,29.9,1.940,ZeroMinusTick,24668e37-3b73-5f79-8087-492b602728e8,5.800599999999999e+09,29.9,58.00599999999999
1658289219,ANTUSDT,Sell,0.5,1.935,MinusTick,efdb061d-9e2d-59f5-ad03-9917f3fb0149,9.675e+07,0.5,0.9675
1658289419,ANTUSDT,Sell,0.1,1.930,MinusTick,e2e900b6-7bd4-514d-8146-4229dd0f8dcf,1.93e+07,0.1,0.193
1658289599,ANTUSDT,Sell,1.4,1.930,ZeroMinusTick,b8a9b024-1cd0-5a25-8df5-d495e4798897,2.702e+08,1.4,2.702
1658289749,ANTUSDT,Sell,0.7,1.930,ZeroMinusTick,bd327fd4-dfb2-5492-b503-cd336e541193,1.351e+08,0.7,1.351
1658289859,ANTUSDT,Buy,1.1,1.935,PlusTick,f9f5e628-12de-53dd-b71a-82e0e9b7dc1a,2.1285000000000003e+08,1.1,2.1285000000000003
1658289989,ANTUSDT,Sell,0.1,1.935,ZeroMinusTick,d044e3bb-3087-5835-a3fb-313fdf25a808,1.935e+07,0.1,0.1935
1658290069,ANTUSDT,Buy,1.2,1.940,PlusTick,404a5f93-f1a5-5b8a-8177-5c2b09ce93c0,2.3279999999999997e+08,1.2,2.328
1658290090,ANTUSDT,Buy,288.3,1.940,ZeroMinusTick,2b7c29d6-5316-5004-9ff7-8b021195c19c,5.59302e+10,288.3,559.302
1658290090,ANTUSDT,Buy,288.3,1.940,ZeroMinusTick,3aa10818-cea4-5db2-ba14-d498d55bbbd5,5.59302e+10,288.3,559.302
1658290090,ANTUSDT,Buy,270.7,1.940,ZeroMinusTick,fba89b55-fe99-540c-b539-c0b0a0309a49,5.25158e+10,270.7,525.158
1658290259,ANTUSDT,Sell,10,1.940,ZeroMinusTick,364f06d9-859f-5ba0-ad9c-8f0eb2eaf44d,1.9399999999999998e+09,10,19.4
1658290459,ANTUSDT,Buy,1.6,1.940,ZeroMinusTick,ae446c11-5aae-57ac-80e2-3402b6ad481e,3.104e+08,1.6,3.104
1658290476,ANTUSDT,Buy,73.9,1.945,PlusTick,9d8e02ab-0096-52c2-b653-43d5da54aa89,1.437355e+10,73.9,143.7355
1658290539,ANTUSDT,Sell,0.9,1.940,MinusTick,e2706984-c0ea-5fe8-a3c6-de7b60de8a78,1.746e+08,0.9,1.746
1658290619,ANTUSDT,Sell,1.6,1.940,ZeroMinusTick,4ab2a8cc-d1c0-56af-b78d-cac773314ba2,3.104e+08,1.6,3.104
1658290729,ANTUSDT,Sell,0.1,1.935,MinusTick,61b20b51-3edb-53bd-bed1-347fc4b385bd,1.935e+07,0.1,0.1935
1658290838,ANTUSDT,Sell,1.7,1.935,ZeroMinusTick,3bec2f34-ae63-5de7-95e7-07f23afe7f3b,3.2895e+08,1.7,3.2895
1658290859,ANTUSDT,Buy,0.8,1.935,ZeroMinusTick,45e96183-b556-5dd1-a74d-c01dc2068d9c,1.548e+08,0.8,1.548
1658290878,ANTUSDT,Buy,78.8,1.935,ZeroMinusTick,c2171565-56f2-514a-b1c5-2cc97b6fc6df,1.52478e+10,78.8,152.478
1658290966,ANTUSDT,Buy,151.5,1.940,PlusTick,3b811ae6-3dce-5c6b-be08-4255c942ea78,2.9390999999999996e+10,151.5,293.90999999999997
1658291039,ANTUSDT,Buy,1,1.935,MinusTick,47e132a3-d728-59a4-a25b-5ce69c0c48bf,1.935e+08,1,1.935
1658291076,ANTUSDT,Sell,288.3,1.935,ZeroMinusTick,4527069b-4782-5dbb-b6ba-42172ba1535d,5.578605e+10,288.3,557.8605
1658291076,ANTUSDT,Sell,161.7,1.935,ZeroMinusTick,0e1163b7-dddf-57b3-946b-a04688e1eed5,3.128895e+10,161.7,312.8895
1658291122,ANTUSDT,Sell,113.5,1.930,MinusTick,fd0ee24f-8609-51c2-b2f7-1f0a3fe8df97,2.19055e+10,113.5,219.055
1658291169,ANTUSDT,Buy,0.7,1.935,PlusTick,602cb476-6697-52f5-b5e5-bef238042a07,1.3545e+08,0.7,1.3545
1658291206,ANTUSDT,Sell,52,1.930,MinusTick,14ce1d58-b16b-578b-ba8f-77ea2d9a5f59,1.0036e+10,52,100.36
1658291206,ANTUSDT,Sell,29,1.930,ZeroMinusTick,4f29d499-6d3c-5a9d-b5c4-4e9f9b264f79,5.597e+09,29,55.97
1658291209,ANTUSDT,Buy,135,1.930,ZeroMinusTick,891f38c2-1199-52fa-ac2d-bf2d0f8928b9,2.6055e+10,135,260.55
1658291209,ANTUSDT,Buy,288.3,1.930,ZeroMinusTick,a744a258-5994-5dda-ba99-254567486528,5.56419e+10,288.3,556.419
1658291209,ANTUSDT,Buy,269.9,1.930,ZeroMinusTick,8b7c47cf-9d00-5e27-a2e6-015231732693,5.209069999999999e+10,269.9,520.9069999999999
1658291259,ANTUSDT,Sell,10,1.925,MinusTick,c77fe2dc-2804-5359-8fda-e515384f6476,1.925e+09,10,19.25
1658291339,ANTUSDT,Buy,0.1,1.930,PlusTick,289259c2-c517-5021-b80e-6696fa0e7c5e,1.93e+07,0.1,0.193
1658291449,ANTUSDT,Buy,0.9,1.930,ZeroMinusTick,cfe61715-2dc6-5a66-b9eb-191bd316ab95,1.737e+08,0.9,1.7369999999999999
1658291499,ANTUSDT,Sell,0.1,1.925,MinusTick,fd1a717a-7091-50dd-81df-86152d5fc211,1.925e+07,0.1,0.1925
1658291719,ANTUSDT,Buy,1.9,1.935,PlusTick,6a18575b-8c08-5e5d-bea6-6bc90969fab6,3.6765e+08,1.9,3.6765
1658291838,ANTUSDT,Sell,288.3,1.930,MinusTick,26c54b25-7e3e-5dcd-bb16-c7291c85d6fa,5.56419e+10,288.3,556.419
1658291838,ANTUSDT,Sell,288.3,1.930,ZeroMinusTick,cf4a9ec4-fede-5363-aeed-d3f17c020838,5.56419e+10,288.3,556.419
1658291909,ANTUSDT,Buy,0.1,1.935,PlusTick,fc962526-7e87-5878-8979-30dd327cef30,1.935e+07,0.1,0.1935
1658291999,ANTUSDT,Buy,0.1,1.935,ZeroMinusTick,0309f615-3bb3-5c0c-9d8c-a0201763487a,1.935e+07,0.1,0.1935
1658292049,ANTUSDT,Buy,0.1,1.935,ZeroMinusTick,687a8817-6093-53b3-96d4-734663b54d6f,1.935e+07,0.1,0.1935
1658292059,ANTUSDT,Sell,288.3,1.930,MinusTick,4d0d4ecd-8b42-5c75-920f-cd49b895810e,5.56419e+10,288.3,556.419
1658292059,ANTUSDT,Sell,77.6,1.930,ZeroMinusTick,683e5685-c7d1-52bc-a8df-a344d9741c17,1.4976799999999998e+10,77.6,149.76799999999997
1658292099,ANTUSDT,Buy,0.1,1.930,ZeroMinusTick,f0016cdb-3983-5a10-a0e1-3dfebd7538b0,1.93e+07,0.1,0.193
1658292169,ANTUSDT,Buy,0.9,1.935,PlusTick,143ef366-95d0-5544-a0a4-d6cad061d7e4,1.7415e+08,0.9,1.7415
1658292269,ANTUSDT,Sell,0.9,1.930,MinusTick,62b9821e-0333-5059-9347-25f887a85361,1.737e+08,0.9,1.7369999999999999
1658292459,ANTUSDT,Sell,2,1.925,MinusTick,274e9a11-dcfd-50a0-b144-877b90895919,3.85e+08,2,3.85
1658292483,ANTUSDT,Buy,288.3,1.930,PlusTick,cbe9aedb-2594-580a-86ad-f5c8b36f6eea,5.56419e+10,288.3,556.419
1658292483,ANTUSDT,Buy,126.7,1.930,ZeroMinusTick,ca2094b6-8779-5ab5-a243-8ffce3a848e5,2.44531e+10,126.7,244.531
1658292483,ANTUSDT,Buy,161.6,1.930,ZeroMinusTick,1afbad2f-0492-55f4-b9eb-73c854b05bb7,3.1188799999999996e+10,161.6,311.888
1658292529,ANTUSDT,Buy,0.9,1.935,PlusTick,5b152bb7-bc30-5fb6-8bac-c021519744b2,1.7415e+08,0.9,1.7415
1658292582,ANTUSDT,Buy,81.8,1.935,ZeroMinusTick,f2cb8e0d-ec0d-5ff8-9af9-498c721e8c43,1.5828299999999998e+10,81.8,158.283
1658292607,ANTUSDT,Buy,73.8,1.940,PlusTick,3e621432-9c03-560c-9777-ac6e3b3813b6,1.43172e+10,73.8,143.172
1658292649,ANTUSDT,Sell,0.1,1.935,MinusTick,93562919-fd46-55fa-bc08-804adfb7a2da,1.935e+07,0.1,0.1935
1658292869,ANTUSDT,Sell,1.3,1.935,ZeroMinusTick,fc7a91d5-9503-5ebe-9c4c-e63ef6e2706f,2.5155000000000003e+08,1.3,2.5155000000000003
1658293069,ANTUSDT,Buy,1.8,1.935,ZeroMinusTick,0576535d-50b8-54d9-b3e2-d7ae36d73ed5,3.483e+08,1.8,3.483
1658293129,ANTUSDT,Sell,0.2,1.930,MinusTick,3fe3aaee-dd2a-50cc-b552-fab5ef9cbd7d,3.86e+07,0.2,0.386
1658293239,ANTUSDT,Buy,1,1.935,PlusTick,29a481e0-6d34-5156-bb9a-f9f77f981429,1.935e+08,1,1.935
1658293359,ANTUSDT,Buy,1.6,1.930,MinusTick,38e43aa7-e735-5826-a3f7-536145795543,3.088e+08,1.6,3.088
1658293392,ANTUSDT,Buy,81.4,1.930,ZeroMinusTick,efbecde7-2598-5ec1-ab6d-a430459ae7b4,1.57102e+10,81.4,157.102
1658293392,ANTUSDT,Buy,415,1.930,ZeroMinusTick,128831d6-524f-50ae-bd89-d7558e8eacfe,8.0095e+10,415,800.9499999999999
1658293462,ANTUSDT,Sell,288.3,1.935,PlusTick,24c2ef7c-ac77-5d50-a4af-a06568754c45,5.578605e+10,288.3,557.8605
1658293462,ANTUSDT,Sell,161.7,1.935,ZeroMinusTick,b8ca98e3-3a0f-5cb7-bf06-2eef33c5cd0b,3.128895e+10,161.7,312.8895
1658293509,ANTUSDT,Sell,2,1.930,MinusTick,3579a729-25a6-523b-ab1a-2d83ea59ce2d,3.86e+08,2,3.86
1658293673,ANTUSDT,Buy,50,1.940,PlusTick,389e5d37-2b7c-5fb2-be37-3384a56f1473,9.7e+09,50,97
1658293679,ANTUSDT,Sell,1.9,1.935,MinusTick,af05c3f4-4176-5c2d-99d4-74190cae5246,3.6765e+08,1.9,3.6765
1658293790,ANTUSDT,Buy,288.3,1.935,ZeroMinusTick,552dba57-9eea-53e9-8d7e-14ba9a9aea71,5.578605e+10,288.3,557.8605
1658293790,ANTUSDT,Buy,161.7,1.935,ZeroMinusTick,ad5629d7-760a-5fe9-b34f-970c55556df6,3.128895e+10,161.7,312.8895
1658293859,ANTUSDT,Buy,2,1.940,PlusTick,daa8ab30-1c74-5a53-b9c4-cc05c1c2783c,3.88e+08,2,3.88
1658293969,ANTUSDT,Sell,0.1,1.930,MinusTick,35e2648b-46e3-58c3-abd3-dd59aee91cec,1.93e+07,0.1,0.193
1658294079,ANTUSDT,Buy,0.1,1.935,PlusTick,f068b049-10f5-5427-a82e-645eb2281f55,1.935e+07,0.1,0.1935
1658294179,ANTUSDT,Sell,1.5,1.930,MinusTick,917a99f2-e6b8-578b-bc32-df4009d93354,2.895e+08,1.5,2.895
1658294259,ANTUSDT,Sell,1.6,1.930,ZeroMinusTick,7a4d5652-2105-56af-aab0-579f07127b5a,3.088e+08,1.6,3.088
1658294399,ANTUSDT,Sell,0.5,1.930,ZeroMinusTick,bd0ce691-c5d7-536a-93b8-5609e0ada40b,9.65e+07,0.5,0.965
1658294489,ANTUSDT,Sell,0.1,1.930,ZeroMinusTick,f21eac0f-79d7-53b3-b87e-697df71d5374,1.93e+07,0.1,0.193
1658294669,ANTUSDT,Sell,0.7,1.930,ZeroMinusTick,1e04136e-569a-5ad1-9f2c-21dc59f50e06,1.351e+08,0.7,1.351
1658294699,ANTUSDT,Buy,10,1.935,PlusTick,5d3355a7-0368-52c3-a152-65b36ba517cb,1.9350000000000002e+09,10,19.35
1658294756,ANTUSDT,Buy,1,1.935,ZeroMinusTick,bcef2d79-10c3-5945-b809-b6dca5f1a9d1,1.935e+08,1,1.935
1658294783,ANTUSDT,Buy,1,1.935,ZeroMinusTick,bc185620-526a-5974-81fd-507e7ad34263,1.935e+08,1,1.935
1658294839,ANTUSDT,Buy,1,1.935,ZeroMinusTick,72682c58-b94a-5c6d-9b76-85d68cc1e4a5,1.935e+08,1,1.935
1658294839,ANTUSDT,Sell,0.3,1.930,MinusTick,e76cfbc7-2a36-5d3e-8848-fe4ade5ca5ad,5.789999999999999e+07,0.3,0.579
1658294949,ANTUSDT,Sell,1.8,1.930,ZeroMinusTick,df9ebfef-047b-503e-bace-e8011b99120e,3.474e+08,1.8,3.4739999999999998
1658295059,ANTUSDT,Sell,1.7,1.930,ZeroMinusTick,c6744e1f-8adc-5b0c-9faa-63dc817f2b65,3.2809999999999994e+08,1.7,3.2809999999999997
1658295169,ANTUSDT,Sell,1.8,1.930,ZeroMinusTick,6abf43f7-5024-5a12-94db-7acea7ef26a8,3.474e+08,1.8,3.4739999999999998
1658295239,ANTUSDT,Sell,0.7,1.930,ZeroMinusTick,ee0ec44c-1c6b-5b7f-b55a-0482816bb018,1.351e+08,0.7,1.351
1658295379,ANTUSDT,Sell,0.4,1.940,PlusTick,22b3a822-d4de-58cf-9e8f-f0630cf2bc1b,7.76e+07,0.4,0.776
1658295499,ANTUSDT,Sell,0.6,1.940,ZeroMinusTick,99dce630-f043-5d10-962e-165db0db44ec,1.1639999999999999e+08,0.6,1.164
1658295589,ANTUSDT,Buy,0.8,1.945,PlusTick,70cf37b8-51b7-5ffb-b504-f68ae369ccbc,1.556e+08,0.8,1.556
1658295664,ANTUSDT,Sell,73.8,1.940,MinusTick,a32415a6-d6ad-5766-b210-c021d5d92486,1.43172e+10,73.8,143.172
1658295669,ANTUSDT,Sell,1.7,1.940,ZeroMinusTick,dc76ab13-4ffc-5baf-9667-6b026dcf42e0,3.298e+08,1.7,3.298
1658295691,ANTUSDT,Buy,28.2,1.945,PlusTick,75437454-4877-5f24-b817-3f7a4522d17d,5.4849e+09,28.2,54.849000000000004
1658295691,ANTUSDT,Buy,88.4,1.945,ZeroMinusTick,b0353018-603a-5371-9b30-124ef8ba9923,1.71938e+10,88.4,171.93800000000002
1658295839,ANTUSDT,Buy,0.2,1.945,ZeroMinusTick,81f27ab5-8304-5a54-9bd2-2f1568d2fb6c,3.89e+07,0.2,0.389
1658295976,ANTUSDT,Buy,150,1.945,ZeroMinusTick,62f2517c-5cb4-519f-a96c-7a121ad08719,2.9175e+10,150,291.75
1658295979,ANTUSDT,Buy,1.4,1.945,ZeroMinusTick,dd75114c-2eed-528e-9cc5-65b7d5232776,2.723e+08,1.4,2.723
1658296068,ANTUSDT,Buy,288.3,1.945,ZeroMinusTick,57de211b-8ad8-5a0e-86b3-659f97a9438e,5.607435000000001e+10,288.3,560.7435
1658296159,ANTUSDT,Sell,1,1.940,MinusTick,c8fe335a-54c9-5d36-8420-10b4d6e7fd26,1.94e+08,1,1.94
1658296319,ANTUSDT,Sell,0.1,1.940,ZeroMinusTick,60dd3b5b-e74b-5966-810b-8ab43ceff54c,1.94e+07,0.1,0.194
1658296479,ANTUSDT,Sell,10,1.940,ZeroMinusTick,f5d856af-ea7e-5062-ab0c-5a7dd29b2efe,1.9399999999999998e+09,10,19.4
1658296639,ANTUSDT,Buy,0.5,1.945,PlusTick,80cc3d16-2fd9-5b44-8ee5-c0fb1be40a67,9.725e+07,0.5,0.9725
1658296649,ANTUSDT,Buy,37.4,1.945,ZeroMinusTick,bb417240-25ab-5f5f-9482-250ef7bbcbf3,7.274299999999999e+09,37.4,72.743
1658296649,ANTUSDT,Buy,28.5,1.945,ZeroMinusTick,00270360-3e02-5fb7-ac23-31c04fd9b325,5.54325e+09,28.5,55.432500000000005
1658296829,ANTUSDT,Sell,0.6,1.945,ZeroMinusTick,23bb05bc-20a1-5d41-b3cb-7299f74f69e8,1.167e+08,0.6,1.167
1658296941,ANTUSDT,Buy,51.6,1.950,PlusTick,42eadcc9-6620-5b15-90d2-7507eb72067d,1.0062e+10,51.6,100.62
1658296941,ANTUSDT,Sell,12.8,1.945,MinusTick,a560795c-aa10-54f6-ad4b-ba2dde3fc6b2,2.4896e+09,12.8,24.896
1658296941,ANTUSDT,Buy,9.8,1.950,PlusTick,e864928a-76de-5041-95b5-ddd42d898eb8,1.911e+09,9.8,19.11
1658296941,ANTUSDT,Buy,0.2,1.950,ZeroMinusTick,7b9e5207-9506-59f8-8baf-7648344475a7,3.9e+07,0.2,0.39
1658296959,ANTUSDT,Sell,0.1,1.950,ZeroMinusTick,d94385b4-90b3-549c-9b7a-28622ca529b8,1.95e+07,0.1,0.195
1658296968,ANTUSDT,Buy,61.4,1.955,PlusTick,1b46f0ea-a2cb-5aa6-9993-0f433deba30c,1.20037e+10,61.4,120.037
1658297089,ANTUSDT,Sell,0.2,1.950,MinusTick,109cd6b7-a346-5057-955f-4371502af88e,3.9e+07,0.2,0.39
1658297123,ANTUSDT,Buy,151.8,1.955,PlusTick,8e47f84a-3ac9-5bff-89be-ba69c0cad16a,2.96769e+10,151.8,296.769
1658297189,ANTUSDT,Sell,0.4,1.955,ZeroMinusTick,ec28713b-c5a2-5cb4-863d-793ff394ff61,7.82e+07,0.4,0.782
1658297319,ANTUSDT,Buy,0.8,1.960,PlusTick,cadf7e81-f757-570f-a3d7-d68ed3cfbbf0,1.568e+08,0.8,1.568
1658297389,ANTUSDT,Buy,1,1.960,ZeroMinusTick,05a0fcd6-688c-5101-974c-2acef3c5fd6a,1.96e+08,1,1.96
1658297599,ANTUSDT,Sell,0.7,1.955,MinusTick,d091fe07-cd2b-5793-a213-428d872301e2,1.3685e+08,0.7,1.3685
1658297679,ANTUSDT,Buy,10,1.955,ZeroMinusTick,639177f5-08a9-57ed-8712-f6e0d474d151,1.955e+09,10,19.55
1658297799,ANTUSDT,Buy,0.1,1.955,ZeroMinusTick,b182e2fc-08db-5d55-9327-2ae1cc34cfa0,1.955e+07,0.1,0.1955
1658297889,ANTUSDT,Sell,1,1.950,MinusTick,d2e9e4c5-3c0f-5c0c-b8ff-ab2e437b0495,1.95e+08,1,1.95
1658297960,ANTUSDT,Sell,288.3,1.955,PlusTick,3aa28ef5-e5bb-5494-b14d-f21835a02973,5.636265000000001e+10,288.3,563.6265000000001
1658297961,ANTUSDT,Sell,8,1.955,ZeroMinusTick,f53717cb-dd21-5c9d-be4f-ef40daba39cc,1.564e+09,8,15.64
1658297961,ANTUSDT,Sell,153.7,1.955,ZeroMinusTick,667a7f0d-51ae-51b2-9fac-7da7fc4acfc8,3.004835e+10,153.7,300.4835
1658298027,ANTUSDT,Sell,7,1.955,ZeroMinusTick,527314de-1164-5eae-a5a4-03607669d29e,1.3685e+09,7,13.685
1658298029,ANTUSDT,Buy,1.2,1.960,PlusTick,182d68e8-9b51-5fb3-820b-dea6c2f7a036,2.352e+08,1.2,2.352
1658298149,ANTUSDT,Sell,1.7,1.950,MinusTick,a72edce0-0e3e-59bc-b0f5-94e67fd5ab51,3.315e+08,1.7,3.315
1658298211,ANTUSDT,Sell,6,1.955,PlusTick,4bbc232d-f1b0-54cb-af43-011f3f6d1a9b,1.173e+09,6,11.73
1658298211,ANTUSDT,Sell,6,1.955,ZeroMinusTick,227a9e07-ec80-5d13-92c8-e7e8bfa7f92b,1.173e+09,6,11.73
1658298275,ANTUSDT,Buy,6,1.955,ZeroMinusTick,02001d21-6ab1-5e8f-9ce3-2ad41c8a389d,1.173e+09,6,11.73
1658298279,ANTUSDT,Sell,0.5,1.950,MinusTick,824ddf4f-e54e-59af-924f-e90b9bcbe9b0,9.75e+07,0.5,0.975
1658298366,ANTUSDT,Buy,288.3,1.955,PlusTick,141f9860-0f96-50b3-b10f-e7ff0dcbc96a,5.636265000000001e+10,288.3,563.6265000000001
1658298366,ANTUSDT,Buy,161.7,1.955,ZeroMinusTick,ffb8ef3f-abe8-5585-924a-f5fd6ca3f8f1,3.1612349999999996e+10,161.7,316.1235
1658298429,ANTUSDT,Sell,0.1,1.955,ZeroMinusTick,ebb60d3c-788c-5a36-9c25-4510a167d9be,1.955e+07,0.1,0.1955
1658298499,ANTUSDT,Sell,0.1,1.955,ZeroMinusTick,7ea2b020-b60d-599b-b5fd-3a35036dc04c,1.955e+07,0.1,0.1955
1658298609,ANTUSDT,Sell,0.5,1.960,PlusTick,c8b0e9ff-1d5f-53e3-b4e0-eb9b2035aaf5,9.8e+07,0.5,0.98
1658298789,ANTUSDT,Sell,1.3,1.955,MinusTick,85e7855f-ba10-5a44-b3f0-8cd9e625af31,2.5415e+08,1.3,2.5415
1658298929,ANTUSDT,Buy,0.7,1.955,ZeroMinusTick,62eef6bb-854d-5546-a5aa-5705e3287706,1.3685e+08,0.7,1.3685
1658298972,ANTUSDT,Sell,0.1,1.945,MinusTick,47914345-3ae3-5503-8dac-af722069b665,1.945e+07,0.1,0.1945
1658298972,ANTUSDT,Sell,0.1,1.940,MinusTick,ab9990d6-8639-5326-8d07-e721e8c47930,1.94e+07,0.1,0.194
1658298983,ANTUSDT,Buy,1.5,1.945,PlusTick,8565c151-d097-51fb-bad1-23d5b824b89d,2.9175e+08,1.5,2.9175
1658298999,ANTUSDT,Buy,6,1.945,ZeroMinusTick,9931b320-d237-57e3-aa1a-a9158d81e27b,1.167e+09,6,11.67
1658299119,ANTUSDT,Buy,1.2,1.950,PlusTick,0eab061a-9939-5852-9e29-789420ed0916,2.34e+08,1.2,2.34
1658299279,ANTUSDT,Buy,0.6,1.950,ZeroMinusTick,6dc8ba9d-ba39-5221-ad45-47ad627f36f8,1.17e+08,0.6,1.17
1658299287,ANTUSDT,Sell,0.1,1.945,MinusTick,f15d4acd-4b0a-557b-ab61-0bae35d4e2f4,1.945e+07,0.1,0.1945
1658299287,ANTUSDT,Sell,288.3,1.945,ZeroMinusTick,1aa7e6b5-3fc1-5f62-9838-7a0ab8065242,5.607435000000001e+10,288.3,560.7435
1658299287,ANTUSDT,Sell,288.3,1.945,ZeroMinusTick,6af322cd-0c8d-5c7c-a92b-1fb16bebc68e,5.607435000000001e+10,288.3,560.7435
1658299287,ANTUSDT,Sell,102.5,1.945,ZeroMinusTick,394b9cef-25da-5b21-8fb6-c9728c1d21f5,1.993625e+10,102.5,199.3625
1658299287,ANTUSDT,Sell,110.5,1.945,ZeroMinusTick,94a90866-459a-5e9a-a2b1-dbd7ec02cd79,2.149225e+10,110.5,214.9225
1658299287,ANTUSDT,Sell,300.2,1.945,ZeroMinusTick,a54a2198-d71c-58f0-984e-32d1968401db,5.83889e+10,300.2,583.889
1658299287,ANTUSDT,Sell,132,1.940,MinusTick,4d7d2049-ecbc-5da1-9f28-db92ab93db0b,2.5608e+10,132,256.08
1658299341,ANTUSDT,Buy,346,1.945,PlusTick,5344ae94-b41e-5bf2-8ffe-dd0be166a60f,6.7297e+10,346,672.97
1658299341,ANTUSDT,Buy,65.8,1.945,ZeroMinusTick,ceba3b4a-931b-56d9-96c0-92aaf49ebbf4,1.27981e+10,65.8,127.981
1658299341,ANTUSDT,Buy,222.5,1.945,ZeroMinusTick,1ed1c64a-070b-53c1-a0b1-ca8531d02abc,4.327625e+10,222.5,432.7625
1658299341,ANTUSDT,Buy,189.3,1.945,ZeroMinusTick,9a20163b-5c71-5a34-b3fc-a5f19681c2dd,3.681885e+10,189.3,368.18850000000003
1658299341,ANTUSDT,Buy,99,1.945,ZeroMinusTick,2fe4ff9d-a111-57f8-958d-4cc469776f65,1.92555e+10,99,192.555
1658299341,ANTUSDT,Buy,0.1,1.945,ZeroMinusTick,cfc3f395-7440-5b0d-887c-648e0662e38c,1.945e+07,0.1,0.1945
1658299341,ANTUSDT,Buy,213,1.945,ZeroMinusTick,26e85e42-6b02-5a25-b07f-22854d2fdc57,4.14285e+10,213,414.285
1658299341,ANTUSDT,Buy,69,1.950,PlusTick,5ca38462-0872-5f21-bdbe-f40476ba9988,1.3454999999999998e+10,69,134.54999999999998
1658299341,ANTUSDT,Buy,83.4,1.950,ZeroMinusTick,ef4eb21c-3eb4-5be5-a5b0-21976e582b7a,1.6263e+10,83.4,162.63
1658299341,ANTUSDT,Buy,51.6,1.950,ZeroMinusTick,dbfe9fe1-9c56-568e-b48b-6b40cdf16a86,1.0062e+10,51.6,100.62
1658299341,ANTUSDT,Buy,51.6,1.950,ZeroMinusTick,e9181afe-09bd-59b7-bdd1-cca5e9d471ee,1.0062e+10,51.6,100.62
1658299341,ANTUSDT,Buy,51.6,1.950,ZeroMinusTick,aebf0dbe-7575-53c0-b52a-fa84c1cab4ee,1.0062e+10,51.6,100.62
1658299439,ANTUSDT,Buy,0.3,1.960,PlusTick,adad8404-fb7d-5ce2-8cfd-d4f6f73027cc,5.88e+07,0.3,0.588
1658299597,ANTUSDT,Buy,288.3,1.950,MinusTick,7f6e520b-282f-52ae-80f3-2fe8ebb6aed3,5.621850000000001e+10,288.3,562.1850000000001
1658299606,ANTUSDT,Buy,55,1.950,ZeroMinusTick,06cf3708-d746-5c85-95c8-f98a99237437,1.0725e+10,55,107.25
1658299619,ANTUSDT,Sell,1.6,1.950,ZeroMinusTick,9406a725-12e2-5bf2-8413-2521e626bd8c,3.12e+08,1.6,3.12
1658299776,ANTUSDT,Sell,31.2,1.950,ZeroMinusTick,4aaeabeb-1726-57e9-bec7-a03e64ad95c3,6.084e+09,31.2,60.839999999999996
1658299819,ANTUSDT,Buy,0.7,1.955,PlusTick,53f2427b-a42e-5677-8bb3-7cdaca4153db,1.3685e+08,0.7,1.3685
1658300019,ANTUSDT,Buy,0.1,1.950,MinusTick,e1900933-26fd-5c95-803c-189195bd6746,1.95e+07,0.1,0.195
1658300179,ANTUSDT,Sell,1.3,1.945,MinusTick,8879047e-099b-5aa7-9f2d-311efd742a5d,2.5285000000000003e+08,1.3,2.5285
1658300339,ANTUSDT,Sell,0.1,1.945,ZeroMinusTick,4a31bc7a-6bef-5d8b-b46f-301abe3ac967,1.945e+07,0.1,0.1945
1658300345,ANTUSDT,Buy,165,1.950,PlusTick,afcfde70-1414-59a1-bb7a-d4fa23747e06,3.2175e+10,165,321.75
1658300389,ANTUSDT,Sell,0.1,1.950,ZeroMinusTick,ee5443aa-b9d1-5f58-88ee-d230b0b7c153,1.95e+07,0.1,0.195
1658300469,ANTUSDT,Sell,0.8,1.945,MinusTick,9a07c9f3-0bca-5cc7-a945-c4c9419b7b77,1.556e+08,0.8,1.556
1658300493,ANTUSDT,Sell,155.4,1.945,ZeroMinusTick,5db35a3d-b55f-5bfe-903f-b5f3ad560193,3.0225300000000004e+10,155.4,302.25300000000004
1658300493,ANTUSDT,Sell,132.9,1.945,ZeroMinusTick,1b1c9cdb-8fff-5691-b71f-c9763793ee96,2.584905e+10,132.9,258.4905
1658300493,ANTUSDT,Sell,288.3,1.945,ZeroMinusTick,ed78ae3c-fa46-526e-94d3-40291aa20142,5.607435000000001e+10,288.3,560.7435
1658300521,ANTUSDT,Buy,137,1.940,MinusTick,ff1ab158-f269-5eda-b354-250075816725,2.6577999999999996e+10,137,265.78
1658300599,ANTUSDT,Sell,0.5,1.940,ZeroMinusTick,5c96d33f-849c-585d-be0c-96e59fb982cd,9.7e+07,0.5,0.97
1658300652,ANTUSDT,Sell,200,1.940,ZeroMinusTick,fcc38e3b-49df-55d9-bd10-08c96eb2fdec,3.88e+10,200,388
1658300664,ANTUSDT,Buy,288.3,1.945,PlusTick,3077e9dd-0a3d-5a59-bed5-0c90e371c14c,5.607435000000001e+10,288.3,560.7435
1658300679,ANTUSDT,Sell,1.5,1.945,ZeroMinusTick,32805871-f48a-5d92-9154-9b6aba2e1c04,2.9175e+08,1.5,2.9175
1658300809,ANTUSDT,Buy,1.3,1.950,PlusTick,dcfc9ced-7c2b-5f8e-8404-3a29b91a55cf,2.535e+08,1.3,2.535
1658300949,ANTUSDT,Buy,0.8,1.950,ZeroMinusTick,16d43364-de5d-5980-910c-74aaa5cb42b3,1.56e+08,0.8,1.56
1658301001,ANTUSDT,Sell,288.3,1.950,ZeroMinusTick,c3b985b7-c422-5a27-8878-03ef4f34e400,5.621850000000001e+10,288.3,562.1850000000001
1658301001,ANTUSDT,Sell,288.3,1.950,ZeroMinusTick,670662a1-d13c-5f70-921c-ff9d4b11aba4,5.621850000000001e+10,288.3,562.1850000000001
1658301069,ANTUSDT,Sell,0.6,1.945,MinusTick,3111eba7-ac0f-5c3e-8fd1-9ddb5cdde0bd,1.167e+08,0.6,1.167
1658301099,ANTUSDT,Buy,0.1,1.950,PlusTick,8cb74d15-36b4-55a4-b05c-63d8b6c8716a,1.95e+07,0.1,0.195
1658301219,ANTUSDT,Sell,1.1,1.945,MinusTick,d9d7babc-18de-5fec-9a85-fe95224befb0,2.1395000000000003e+08,1.1,2.1395000000000004
1658301359,ANTUSDT,Buy,0.1,1.945,ZeroMinusTick,ff5b8ca4-4936-53a3-8f1c-237a5d7547b6,1.945e+07,0.1,0.1945
1658301393,ANTUSDT,Sell,0.2,1.935,MinusTick,0bbba364-1ee7-5363-8e44-681c302eddc5,3.87e+07,0.2,0.387
1658301446,ANTUSDT,Sell,325.1,1.935,ZeroMinusTick,80c22f6f-6ecb-5312-b9a0-1e7236f7703f,6.290685000000001e+10,325.1,629.0685000000001
1658301459,ANTUSDT,Sell,1.6,1.935,ZeroMinusTick,b43997e4-cf42-564c-a50b-a2201c847991,3.096e+08,1.6,3.096
1658301609,ANTUSDT,Sell,0.6,1.935,ZeroMinusTick,4b5b5ae8-bc6d-573e-8067-46a2065391f3,1.161e+08,0.6,1.161
1658301630,ANTUSDT,Buy,149,1.940,PlusTick,3bf0fb69-8dee-5363-9d75-a59192a195be,2.8906e+10,149,289.06
1658301652,ANTUSDT,Buy,151,1.940,ZeroMinusTick,72ca869e-4ae7-5bd2-a9e5-ed9040e9e6eb,2.9294e+10,151,292.94
1658301652,ANTUSDT,Buy,50,1.940,ZeroMinusTick,d8de93f6-4ac6-514a-b0a1-a91eca235cc3,9.7e+09,50,97
1658301652,ANTUSDT,Buy,50,1.940,ZeroMinusTick,b9b8f50b-3423-598d-8bb7-2013d58bb6ea,9.7e+09,50,97
1658301652,ANTUSDT,Buy,151,1.940,ZeroMinusTick,614ae951-056c-5919-bca4-50ac7cf0d739,2.9294e+10,151,292.94
1658301656,ANTUSDT,Buy,51,1.940,ZeroMinusTick,780d2605-fc24-5ae3-b615-e91f6a35f17b,9.894e+09,51,98.94
1658301657,ANTUSDT,Buy,43,1.940,ZeroMinusTick,9bd75582-9e90-5fb3-88bb-df61dc53ccdc,8.342e+09,43,83.42
1658301659,ANTUSDT,Buy,52,1.940,ZeroMinusTick,eace06fc-f878-525a-be93-498e76ae3e66,1.0088e+10,52,100.88
1658301660,ANTUSDT,Buy,130,1.940,ZeroMinusTick,ce8873dc-2d7e-5577-b969-967891407d3d,2.522e+10,130,252.2
1658301662,ANTUSDT,Buy,130,1.940,ZeroMinusTick,86a278b7-de7c-51e0-829a-e1324930fb3d,2.522e+10,130,252.2
1658301665,ANTUSDT,Sell,155,1.940,ZeroMinusTick,34b47de0-85ef-5730-9ff4-f597fd827c87,3.007e+10,155,300.7
1658301665,ANTUSDT,Sell,151,1.940,ZeroMinusTick,fb1bcec4-c7d3-5943-b8b5-c7bcbb1edab5,2.9294e+10,151,292.94
1658301679,ANTUSDT,Sell,0.7,1.935,MinusTick,c5bff65c-840c-5c7d-8dc2-6c814998d7a5,1.3545e+08,0.7,1.3545
1658301714,ANTUSDT,Buy,64,1.940,PlusTick,a17535ca-70ee-54ed-bdce-5951dd9bc050,1.2416e+10,64,124.16
1658301775,ANTUSDT,Buy,272,1.940,ZeroMinusTick,83e7f3fe-917d-5386-abdd-156962f890b8,5.276799999999999e+10,272,527.68
1658301843,ANTUSDT,Sell,450,1.940,ZeroMinusTick,f4d9c682-eb74-51db-ad80-2d04fe76af2d,8.73e+10,450,873
1658301843,ANTUSDT,Sell,51,1.940,ZeroMinusTick,2ced7e89-231d-5dd2-b3a9-b162dcd29791,9.894e+09,51,98.94
1658301859,ANTUSDT,Buy,1.7,1.940,ZeroMinusTick,689bf23f-b210-5d55-89fc-e9b9a9bb1908,3.298e+08,1.7,3.298
1658301928,ANTUSDT,Buy,59,1.940,ZeroMinusTick,640ef546-23f6-50ba-a128-8c0056986926,1.1446e+10,59,114.46
1658301928,ANTUSDT,Buy,229.3,1.940,ZeroMinusTick,91962e8e-fabe-5c15-b231-4dc1f8a4e415,4.44842e+10,229.3,444.842
1658301928,ANTUSDT,Buy,220.7,1.940,ZeroMinusTick,c4fd0d0f-6634-5c78-bf20-f790232af873,4.281579999999999e+10,220.7,428.15799999999996
1658301928,ANTUSDT,Buy,67.6,1.940,ZeroMinusTick,440c3216-d743-50ca-8bd3-2187b56d7772,1.3114399999999998e+10,67.6,131.14399999999998
1658301959,ANTUSDT,Buy,1.5,1.940,ZeroMinusTick,8e49091e-f19d-5d8c-a662-11396a617897,2.91e+08,1.5,2.91
1658302051,ANTUSDT,Sell,288.3,1.940,ZeroMinusTick,33a9a576-d5b1-5cb3-987e-c9efa03c1124,5.59302e+10,288.3,559.302
1658302051,ANTUSDT,Sell,161.7,1.940,ZeroMinusTick,1ebbf50d-2f7a-592a-94bb-8fdfee85e3fc,3.1369799999999996e+10,161.7,313.698
1658302139,ANTUSDT,Buy,1.6,1.945,PlusTick,720535b4-328f-52d4-855c-fdd5fd058cbf,3.112e+08,1.6,3.112
1658302279,ANTUSDT,Sell,1,1.940,MinusTick,ac291c3a-dd9f-5e04-8685-4f0e45e72b20,1.94e+08,1,1.94
1658302359,ANTUSDT,Buy,1.2,1.945,PlusTick,1baa5423-4faf-57fb-ad8b-6931d448fa2b,2.334e+08,1.2,2.334
1658302479,ANTUSDT,Buy,0.8,1.940,MinusTick,1c8e5062-bba0-5394-b483-1d4a5c3ff260,1.552e+08,0.8,1.552
1658302554,ANTUSDT,Buy,254.3,1.935,MinusTick,708644f6-d5ce-5ed5-b9eb-9f27283173d4,4.920705000000001e+10,254.3,492.07050000000004
1658302554,ANTUSDT,Buy,195.7,1.935,ZeroMinusTick,ad6ca184-65b4-5910-9350-b26654e39d62,3.786794999999999e+10,195.7,378.67949999999996
1658302554,ANTUSDT,Buy,92.6,1.935,ZeroMinusTick,e2b6090f-e515-5b0a-9bd7-ea5b4a1348b2,1.79181e+10,92.6,179.18099999999998
1658302554,ANTUSDT,Buy,164.9,1.935,ZeroMinusTick,47cea1d0-f025-580d-b237-70a638c57528,3.190815e+10,164.9,319.0815
1658302559,ANTUSDT,Buy,2,1.940,PlusTick,cfbf2609-1184-5e6b-ad6c-2787ba5ed12c,3.88e+08,2,3.88
1658302619,ANTUSDT,Sell,0.6,1.935,MinusTick,23cdf50e-d6dc-5621-b4a2-c6dd8c56ecea,1.161e+08,0.6,1.161
1658302769,ANTUSDT,Sell,1.2,1.925,MinusTick,19faceb8-2808-5bec-a4ea-35a82b71728c,2.31e+08,1.2,2.31
1658302769,ANTUSDT,Sell,35.7,1.925,ZeroMinusTick,476b7076-6fc4-5f1b-830d-63fe8f87d188,6.872250000000001e+09,35.7,68.72250000000001
1658302969,ANTUSDT,Sell,0.1,1.930,PlusTick,cc1358fd-f49a-539e-8d0a-546140570c00,1.93e+07,0.1,0.193
1658303154,ANTUSDT,Sell,288.3,1.925,MinusTick,2d9e1c33-c570-53f6-b1f2-7819748905fe,5.549775000000001e+10,288.3,554.9775000000001
1658303154,ANTUSDT,Sell,112.6,1.925,ZeroMinusTick,a028f6e8-3311-59fa-ab6a-dd963615a9dd,2.16755e+10,112.6,216.755
1658303154,ANTUSDT,Sell,175.7,1.925,ZeroMinusTick,5bb57935-1f73-59fd-a647-42a620d43a1b,3.3822249999999996e+10,175.7,338.22249999999997
1658303179,ANTUSDT,Sell,0.8,1.920,MinusTick,cb5ed2e9-81bb-54cf-8840-f2998edeadff,1.536e+08,0.8,1.536
1658303179,ANTUSDT,Sell,2.6,1.920,ZeroMinusTick,95a8cfc8-f536-504c-adb1-435436644553,4.992e+08,2.6,4.992
1658303179,ANTUSDT,Sell,0.2,1.920,ZeroMinusTick,60f948ae-41df-5698-9515-0952d558016c,3.84e+07,0.2,0.384
1658303179,ANTUSDT,Sell,149,1.920,ZeroMinusTick,b8bb4fd0-2aea-5c76-b2f1-299eb50c2cc8,2.8608e+10,149,286.08
1658303179,ANTUSDT,Sell,50,1.920,ZeroMinusTick,0258036e-6548-5068-b458-1ee011677bb1,9.6e+09,50,96
1658303278,ANTUSDT,Buy,1.2,1.925,PlusTick,7e260dcb-5e95-5fc9-8bd8-f3f38fa271d2,2.31e+08,1.2,2.31
1658303280,ANTUSDT,Sell,2.2,1.925,ZeroMinusTick,eb8365d7-fda3-5468-bf3e-7119563adfd6,4.2350000000000006e+08,2.2,4.235
1658303309,ANTUSDT,Buy,0.7,1.930,PlusTick,d3c2197d-f4a8-5174-868b-921e4b1549d7,1.351e+08,0.7,1.351
1658303355,ANTUSDT,Buy,450,1.925,MinusTick,b64c3d88-82fb-5df8-94d0-97617f52b111,8.6625e+10,450,866.25
1658303489,ANTUSDT,Buy,1.8,1.925,ZeroMinusTick,22e4d078-9276-5b2d-b191-15888c11c203,3.4650000000000006e+08,1.8,3.4650000000000003
1658303669,ANTUSDT,Sell,0.1,1.920,MinusTick,a245e88f-836a-5124-8ea8-5e208e915e82,1.92e+07,0.1,0.192
1658303732,ANTUSDT,Buy,450,1.925,PlusTick,ce99012e-764d-587d-8fe9-ef055ed2042c,8.6625e+10,450,866.25
1658303732,ANTUSDT,Buy,288.3,1.925,ZeroMinusTick,76be8454-6775-5091-bc75-02ae32380d08,5.549775000000001e+10,288.3,554.9775000000001
1658303749,ANTUSDT,Buy,1.2,1.930,PlusTick,97b7911f-01bc-5931-b106-ad134c168cf5,2.3159999999999997e+08,1.2,2.316
1658303899,ANTUSDT,Sell,0.3,1.915,MinusTick,347255d3-8a36-5dd1-abef-726d913459c8,5.745e+07,0.3,0.5745
1658303919,ANTUSDT,Sell,0.1,1.915,ZeroMinusTick,9854c6da-3191-5961-9db4-c9802272f39a,1.915e+07,0.1,0.1915
1658303965,ANTUSDT,Sell,0.1,1.905,MinusTick,0e4731c1-c834-51eb-9743-b205c71d9047,1.905e+07,0.1,0.1905
1658303965,ANTUSDT,Sell,0.1,1.905,ZeroMinusTick,2d13fd68-2b84-5fb7-a000-894dc6610649,1.905e+07,0.1,0.1905
1658304026,ANTUSDT,Buy,39.7,1.905,ZeroMinusTick,e7cf0a12-776a-5ef4-b09f-76efae44886f,7.56285e+09,39.7,75.6285
1658304026,ANTUSDT,Buy,139.6,1.905,ZeroMinusTick,fd25ad1b-a83b-531f-95d2-c9482aebb1c0,2.65938e+10,139.6,265.938
1658304079,ANTUSDT,Sell,1.7,1.900,MinusTick,48fb3b40-e31b-5aeb-8782-84e663190823,3.23e+08,1.7,3.23
1658304104,ANTUSDT,Buy,262.4,1.905,PlusTick,4c27a4ea-71f4-59b7-8da6-25c6ea0d22a1,4.998719999999999e+10,262.4,499.87199999999996
1658304119,ANTUSDT,Buy,0.1,1.905,ZeroMinusTick,2416e67c-7cf1-5519-b9a6-f1ceb9892003,1.905e+07,0.1,0.1905
1658304234,ANTUSDT,Buy,105,1.910,PlusTick,7295b991-83a9-5012-97b4-28514e651a77,2.0055e+10,105,200.54999999999998
1658304269,ANTUSDT,Sell,1.7,1.910,ZeroMinusTick,043afd41-fb4c-521f-a8b2-b73d143da810,3.247e+08,1.7,3.247
1658304339,ANTUSDT,Sell,1.9,1.910,ZeroMinusTick,c35be944-c39e-565d-ad43-9518eee599b1,3.6289999999999994e+08,1.9,3.6289999999999996
1658304509,ANTUSDT,Sell,1.7,1.905,MinusTick,967dd130-5768-5af9-8e0c-cc5977810e04,3.2385e+08,1.7,3.2385
1658304589,ANTUSDT,Sell,1.3,1.905,ZeroMinusTick,d5e11a02-46ce-591b-bed4-882d4fb83da0,2.4765e+08,1.3,2.4765
1658304659,ANTUSDT,Sell,10,1.905,ZeroMinusTick,5c89e3bd-8730-59a2-a5c4-4cae95db8ca4,1.905e+09,10,19.05
1658304849,ANTUSDT,Sell,1.8,1.910,PlusTick,3fd4f05b-9d08-5145-b450-c77e25de8e6e,3.438e+08,1.8,3.4379999999999997
1658305019,ANTUSDT,Sell,2,1.910,ZeroMinusTick,47d92a29-42a6-56e6-bf9b-ce9aa830268b,3.82e+08,2,3.82
1658305179,ANTUSDT,Sell,2,1.915,PlusTick,552a78bb-8852-5540-820b-089a53f390d2,3.83e+08,2,3.83
1658305228,ANTUSDT,Buy,288.3,1.915,ZeroMinusTick,62abaf7a-5d4a-591b-af1f-f3992c0b1843,5.520945000000001e+10,288.3,552.0945
1658305249,ANTUSDT,Sell,1.1,1.915,ZeroMinusTick,19e4e8a2-a6f6-54d5-ba9d-adca4989479e,2.1065e+08,1.1,2.1065
1658305409,ANTUSDT,Sell,1.2,1.915,ZeroMinusTick,ce31474f-6c0f-5a19-b29b-8c735d7140fb,2.298e+08,1.2,2.298
1658305519,ANTUSDT,Sell,1.5,1.915,ZeroMinusTick,4ac7efcc-71ed-57fc-bb86-81e68915a41e,2.8725e+08,1.5,2.8725
1658305709,ANTUSDT,Buy,0.1,1.915,ZeroMinusTick,3d5c3e4f-3b29-5c00-8c7e-73443443f719,1.915e+07,0.1,0.1915
1658305869,ANTUSDT,Buy,0.1,1.915,ZeroMinusTick,8cf47953-f522-5560-8d8f-8b779d1468d0,1.915e+07,0.1,0.1915
1658305989,ANTUSDT,Buy,2,1.915,ZeroMinusTick,92aaa1f7-40bd-52bb-820a-919596fba8bc,3.83e+08,2,3.83
1658306109,ANTUSDT,Buy,0.1,1.910,MinusTick,03b2539f-f2a2-5f85-863d-0428d61ac311,1.91e+07,0.1,0.191
1658306279,ANTUSDT,Sell,0.5,1.900,MinusTick,11a85517-5095-5399-bd35-0c056e89cfc1,9.5e+07,0.5,0.95
1658306359,ANTUSDT,Buy,0.1,1.900,ZeroMinusTick,f7ce7275-ae40-5c9a-b620-eb443ba84dc6,1.9e+07,0.1,0.19
1658306425,ANTUSDT,Buy,450,1.900,ZeroMinusTick,b9628a83-a10b-5174-ac78-a5abd5986902,8.55e+10,450,855
1658306459,ANTUSDT,Buy,0.9,1.905,PlusTick,3438181c-eb4a-5e74-8680-bfd8c0a115a7,1.7145e+08,0.9,1.7145000000000001
1658306539,ANTUSDT,Buy,0.1,1.900,MinusTick,fc81364a-1938-59ab-83b2-17750b235c34,1.9e+07,0.1,0.19
1658306580,ANTUSDT,Sell,0.1,1.895,MinusTick,1e881ce9-d6bc-5411-a092-7491e2ff16be,1.895e+07,0.1,0.1895
1658306599,ANTUSDT,Buy,0.1,1.895,ZeroMinusTick,db6ae9a3-91ec-50f7-bb9d-941388e16a90,1.895e+07,0.1,0.1895
1658306634,ANTUSDT,Buy,130,1.895,ZeroMinusTick,953072d7-0fb7-50ce-b891-b5bdd479bb38,2.4635e+10,130,246.35
1658306791,ANTUSDT,Sell,0.2,1.890,MinusTick,d67b2aa2-a6ea-5acf-a717-4d9901280b8e,3.78e+07,0.2,0.378
1658306791,ANTUSDT,Sell,214.1,1.890,ZeroMinusTick,53553920-b4fe-5f35-a14e-9fd9197c7636,4.046489999999999e+10,214.1,404.64899999999994
1658306799,ANTUSDT,Sell,0.3,1.890,ZeroMinusTick,3c43ec1c-c22b-51dc-9d64-036ed4e81d47,5.669999999999999e+07,0.3,0.567
1658306909,ANTUSDT,Buy,1.5,1.895,PlusTick,f688f3ff-fd88-5630-9899-2d949fa255af,2.8425e+08,1.5,2.8425000000000002
1658306962,ANTUSDT,Buy,61,1.890,MinusTick,d1ff1a7d-f18f-5543-9c38-5bce2495e764,1.1529e+10,61,115.28999999999999
1658307059,ANTUSDT,Buy,0.1,1.890,ZeroMinusTick,076ce35b-db33-5df8-9262-2f9559f5c961,1.89e+07,0.1,0.189
1658307123,ANTUSDT,Sell,33,1.880,MinusTick,18681a1d-ae65-5d3b-8ad1-cd161f339dc3,6.204e+09,33,62.04
1658307179,ANTUSDT,Sell,0.2,1.875,MinusTick,d531157e-07f3-5ba6-8c45-b6dd9ffd41ec,3.75e+07,0.2,0.375
1658307179,ANTUSDT,Sell,288.1,1.875,ZeroMinusTick,759c7dbd-e739-5514-b5f1-7a1a0f64fa84,5.401875e+10,288.1,540.1875
1658307179,ANTUSDT,Sell,161.9,1.875,ZeroMinusTick,9cdf26eb-077a-5313-9c51-b1f1853985a6,3.035625e+10,161.9,303.5625
1658307209,ANTUSDT,Sell,0.1,1.870,MinusTick,116dd9b3-6feb-5c25-882c-64d4cb14bcc2,1.8700000000000004e+07,0.1,0.18700000000000003
1658307215,ANTUSDT,Buy,52.6,1.875,PlusTick,c84a26f8-d149-5aa4-afcf-87982124453b,9.8625e+09,52.6,98.625
1658307215,ANTUSDT,Buy,4.4,1.875,ZeroMinusTick,87465266-763b-586b-a4ca-a9c8c9d5b8e3,8.25e+08,4.4,8.25
1658307215,ANTUSDT,Buy,48.2,1.875,ZeroMinusTick,0a416a7f-43ae-539e-b1f3-cad0a380f46a,9.0375e+09,48.2,90.375
1658307215,ANTUSDT,Buy,52.6,1.875,ZeroMinusTick,2b76b85e-1385-565e-bcd6-e3a30eb71954,9.8625e+09,52.6,98.625
1658307215,ANTUSDT,Buy,25.1,1.875,ZeroMinusTick,a4db6931-5699-5e4d-b9f4-2755b8d8b1db,4.70625e+09,25.1,47.0625
1658307215,ANTUSDT,Buy,27.5,1.875,ZeroMinusTick,baae1667-0bd4-58b5-94d0-568b9fc6c2a3,5.15625e+09,27.5,51.5625
1658307215,ANTUSDT,Buy,13.1,1.875,ZeroMinusTick,37b1fe65-e4f1-589a-9292-34da8000cc26,2.45625e+09,13.1,24.5625
1658307279,ANTUSDT,Sell,1.4,1.870,MinusTick,a1b6e740-276c-5608-85c4-71aadd4782f7,2.618e+08,1.4,2.618
1658307339,ANTUSDT,Sell,0.1,1.870,ZeroMinusTick,e795326f-7b85-5151-bfd6-3677242b2fe8,1.8700000000000004e+07,0.1,0.18700000000000003
1658307369,ANTUSDT,Buy,218.1,1.870,ZeroMinusTick,91f3381f-921e-5cdb-a138-e037f64646a0,4.07847e+10,218.1,407.84700000000004
1658307369,ANTUSDT,Buy,61.1,1.870,ZeroMinusTick,77275e05-1759-57ea-830d-de94af3133a6,1.14257e+10,61.1,114.257
1658307369,ANTUSDT,Buy,9.1,1.870,ZeroMinusTick,358248bb-9a22-5c91-83db-dc1da708ba6a,1.7017e+09,9.1,17.017
1658307369,ANTUSDT,Buy,155.9,1.870,ZeroMinusTick,b203fdf6-b49b-562d-a7bc-f57399cc7dec,2.91533e+10,155.9,291.533
1658307452,ANTUSDT,Sell,288.3,1.870,ZeroMinusTick,c62ab673-be4c-530d-8745-00a76dbd3c64,5.391210000000001e+10,288.3,539.1210000000001
1658307452,ANTUSDT,Sell,161.7,1.870,ZeroMinusTick,5811e368-ed54-553d-8500-4513fd7aecb5,3.0237900000000004e+10,161.7,302.379
1658307489,ANTUSDT,Sell,1.6,1.865,MinusTick,d981c3e8-9781-5949-a88b-8e404b69e924,2.984e+08,1.6,2.984
1658307491,ANTUSDT,Sell,0.1,1.865,ZeroMinusTick,545ee75b-71c1-59ef-a31f-841404884d36,1.865e+07,0.1,0.1865
1658307491,ANTUSDT,Sell,288.3,1.865,ZeroMinusTick,2ce5e515-4145-5630-a42f-94a7cbb28dca,5.376794999999999e+10,288.3,537.6795
1658307501,ANTUSDT,Buy,54,1.865,ZeroMinusTick,f5f31d1a-a6d5-5c6c-9fd4-01acd7438a11,1.0071e+10,54,100.71
1658307531,ANTUSDT,Sell,450,1.870,PlusTick,7a002f8a-f772-592b-9a1a-1e327ff68365,8.415e+10,450,841.5
1658307659,ANTUSDT,Buy,0.1,1.875,PlusTick,6ce76e4f-d441-58d8-9cc1-953ede30733f,1.875e+07,0.1,0.1875
1658307799,ANTUSDT,Buy,277.7,1.870,MinusTick,6fa625ce-23b9-5b53-aedc-bbe709bfd979,5.19299e+10,277.7,519.299
1658307799,ANTUSDT,Buy,10.6,1.870,ZeroMinusTick,cbebbcea-1abc-5fdf-b629-22f10c80d7dd,1.9822e+09,10.6,19.822
1658307799,ANTUSDT,Buy,63,1.870,ZeroMinusTick,109e9919-13c6-568f-8cf8-5060cce3e6ea,1.1781e+10,63,117.81
1658307799,ANTUSDT,Buy,28.9,1.870,ZeroMinusTick,4004892b-7fa1-56f1-b108-358772e66270,5.4043e+09,28.9,54.043
1658307846,ANTUSDT,Buy,144.4,1.870,ZeroMinusTick,577e5a73-a3d3-56b0-8f41-67596898f964,2.7002800000000004e+10,144.4,270.028
1658307846,ANTUSDT,Buy,47.6,1.870,ZeroMinusTick,a8810b3e-2ce2-53ad-90c1-1e5f6d6b9edc,8.901200000000002e+09,47.6,89.01200000000001
1658307859,ANTUSDT,Sell,0.5,1.875,PlusTick,f6d89c14-ed7a-562f-b631-f48b0dfab273,9.375e+07,0.5,0.9375
1658307901,ANTUSDT,Buy,214.3,1.880,PlusTick,48d3f05e-de24-5055-8c99-b64bee1e31e3,4.02884e+10,214.3,402.884
1658307950,ANTUSDT,Sell,2,1.875,MinusTick,75942859-b638-55c3-88d9-51622a868eba,3.75e+08,2,3.75
1658308020,ANTUSDT,Sell,1.8,1.875,ZeroMinusTick,0092a639-b77a-5602-9a28-556e0f1429d6,3.375e+08,1.8,3.375
1658308099,ANTUSDT,Buy,74,1.880,PlusTick,15b0c43b-2943-56cc-a5c1-1af6b19564f7,1.3912e+10,74,139.12
1658308099,ANTUSDT,Buy,114.9,1.880,ZeroMinusTick,972b67b2-582b-50c4-b49b-11b6be480534,2.16012e+10,114.9,216.012
1658308099,ANTUSDT,Buy,350.7,1.880,ZeroMinusTick,e1ff6d6a-c43e-540c-b7be-974eb09e1afc,6.593159999999999e+10,350.7,659.3159999999999
1658308107,ANTUSDT,Buy,288.3,1.875,MinusTick,f7aeda9d-fcc1-5b29-a575-9cf84b80a62e,5.405625e+10,288.3,540.5625
1658308107,ANTUSDT,Buy,161.7,1.875,ZeroMinusTick,a98bb2fe-ee31-562a-89bb-1a5a69efecf3,3.031875e+10,161.7,303.1875
1658308190,ANTUSDT,Buy,0.8,1.880,PlusTick,1011dbcf-0bba-5552-9588-9c4bb13c6257,1.504e+08,0.8,1.504
1658308260,ANTUSDT,Buy,1.5,1.880,ZeroMinusTick,84e3fdad-81e8-5f17-ae3b-774944d37de9,2.82e+08,1.5,2.82
1658308360,ANTUSDT,Buy,0.4,1.880,ZeroMinusTick,823a8644-9278-532d-a220-8b8af1b34191,7.52e+07,0.4,0.752
1658308440,ANTUSDT,Sell,0.7,1.870,MinusTick,f9adad68-3042-5146-aab4-e093d3f1d1a1,1.309e+08,0.7,1.309
1658308460,ANTUSDT,Buy,10,1.875,PlusTick,73a32488-eda5-549b-99d9-702add64e3cb,1.875e+09,10,18.75
1658308630,ANTUSDT,Buy,0.2,1.880,PlusTick,5e0f06c9-0f1d-571e-94cc-bf5c572929e2,3.76e+07,0.2,0.376
1658308686,ANTUSDT,Buy,287.9,1.880,ZeroMinusTick,80046e02-051a-540e-ba04-53c6716066ca,5.412519999999999e+10,287.9,541.252
1658308710,ANTUSDT,Buy,0.2,1.880,ZeroMinusTick,5d15155d-0527-54f8-bd84-03cf003595c3,3.76e+07,0.2,0.376
1658308800,ANTUSDT,Sell,0.3,1.880,ZeroMinusTick,fed2a29f-fa4c-5a1c-aa56-8f2052d7fb42,5.639999999999999e+07,0.3,0.564
1658308860,ANTUSDT,Sell,0.8,1.885,PlusTick,aa2cc2e5-7174-5394-97e8-ca0745ae9aaa,1.508e+08,0.8,1.508
1658308908,ANTUSDT,Buy,0.2,1.890,PlusTick,d7859ad7-bea2-5392-a084-5a8d21794b74,3.78e+07,0.2,0.378
1658308908,ANTUSDT,Buy,4.8,1.890,ZeroMinusTick,80c1af77-d7f9-55fb-b5ab-c36b7ad4b725,9.071999999999999e+08,4.8,9.072
1658309030,ANTUSDT,Sell,0.1,1.885,MinusTick,e206fbab-21a1-51bb-9367-3ba13b0e18fd,1.885e+07,0.1,0.1885
1658309200,ANTUSDT,Buy,1.4,1.895,PlusTick,86ba5b6b-d87b-5c5b-9a8f-ad2e018abc5d,2.653e+08,1.4,2.653
1658309276,ANTUSDT,Buy,25.3,1.895,ZeroMinusTick,e7258102-2140-5e59-a16f-c694ae92a5ae,4.79435e+09,25.3,47.9435
1658309370,ANTUSDT,Sell,1.9,1.890,MinusTick,ccdc80f4-ccbf-5b79-995c-35095e10aad1,3.591e+08,1.9,3.5909999999999997
1658309476,ANTUSDT,Buy,288,1.900,PlusTick,16ee1dde-cbbf-5d96-9474-4064f068f1d3,5.471999999999999e+10,288,547.1999999999999
1658309492,ANTUSDT,Sell,130,1.900,ZeroMinusTick,abe3af37-eeaa-5fe9-b263-e78eb676bcfe,2.47e+10,130,247
1658309520,ANTUSDT,Sell,1,1.900,ZeroMinusTick,1e25e388-070b-5538-86c1-eec2a5c1619b,1.9e+08,1,1.9
1658309582,ANTUSDT,Sell,288.3,1.900,ZeroMinusTick,19814bc5-642c-59d2-bc81-b96c533098a9,5.4777e+10,288.3,547.77
1658309584,ANTUSDT,Buy,50.3,1.900,ZeroMinusTick,734545f5-0165-567b-9e0f-b99aa8c6e69f,9.557e+09,50.3,95.57
1658309610,ANTUSDT,Buy,100.5,1.900,ZeroMinusTick,e4f12f02-e76d-5b0a-844f-1fe2f2dc2ea3,1.9095e+10,100.5,190.95
1658309612,ANTUSDT,Buy,18,1.900,ZeroMinusTick,338fee50-8eed-5e17-97bd-337a6d67c002,3.4199999999999995e+09,18,34.199999999999996
1658309690,ANTUSDT,Sell,1.1,1.895,MinusTick,04c845fe-42cd-55e1-b016-4ec87b6d282a,2.0845000000000003e+08,1.1,2.0845000000000002
1658309890,ANTUSDT,Sell,0.1,1.900,PlusTick,6f55588c-0206-5fc7-840f-43085bb34a9b,1.9e+07,0.1,0.19
1658309970,ANTUSDT,Sell,0.1,1.900,ZeroMinusTick,fadb29a4-ec27-5bcb-8421-8f95a79bed53,1.9e+07,0.1,0.19
1658309996,ANTUSDT,Sell,30,1.900,ZeroMinusTick,a68ac044-51c5-5f84-8bd1-9bf44f019871,5.7e+09,30,57
1658310049,ANTUSDT,Buy,0.2,1.905,PlusTick,c33a083b-9108-566b-8033-2952ab5dbc00,3.81e+07,0.2,0.381
1658310060,ANTUSDT,Sell,0.7,1.905,ZeroMinusTick,d04f1dbd-13ae-5c49-b38d-4b989c1917b6,1.3334999999999999e+08,0.7,1.3335
1658310130,ANTUSDT,Buy,463.7,1.910,PlusTick,965f15eb-afe0-598f-a7be-b0f35c33f7cc,8.856669999999998e+10,463.7,885.6669999999999
1658310130,ANTUSDT,Buy,420.3,1.910,ZeroMinusTick,78f45e08-ca0e-5e6b-908a-07e765c0132f,8.02773e+10,420.3,802.773
1658310130,ANTUSDT,Buy,84,1.910,ZeroMinusTick,8b1fa74f-30bd-5a23-880b-7ba26abdced3,1.6044e+10,84,160.44
1658310190,ANTUSDT,Buy,1,1.910,ZeroMinusTick,aa756610-e853-5f68-9726-83e7900a7703,1.91e+08,1,1.91
1658310350,ANTUSDT,Sell,1.9,1.905,MinusTick,b612c5f2-f214-540f-a461-88a09ac73df0,3.6195e+08,1.9,3.6195
1658310383,ANTUSDT,Buy,7.7,1.910,PlusTick,e95d911f-bd7d-570f-92ff-900b1b21ca19,1.4707e+09,7.7,14.706999999999999
1658310478,ANTUSDT,Buy,93,1.910,ZeroMinusTick,850c099c-e8fb-5856-aba5-124200ab188b,1.7763e+10,93,177.63
1658310479,ANTUSDT,Buy,288.3,1.910,ZeroMinusTick,103f8f0e-490e-5c82-a389-9abacc95bd6e,5.50653e+10,288.3,550.653
1658310479,ANTUSDT,Buy,52.8,1.910,ZeroMinusTick,73aaf92d-8fa5-59a0-b766-783fc1a9ffda,1.0084799999999998e+10,52.8,100.84799999999998
1658310479,ANTUSDT,Buy,235.5,1.910,ZeroMinusTick,35aea06e-98c2-55ba-8c39-ced23acfda9b,4.49805e+10,235.5,449.805
1658310505,ANTUSDT,Buy,450,1.910,ZeroMinusTick,1e5fc627-26be-54d8-85ac-e2b03540714a,8.595e+10,450,859.5
1658310505,ANTUSDT,Sell,167.5,1.910,ZeroMinusTick,524a2b03-1ca9-5400-9100-cf7fa9e909b4,3.19925e+10,167.5,319.925
1658310513,ANTUSDT,Buy,18,1.910,ZeroMinusTick,c41ddec1-b0f8-52a1-a0d0-bd25b4a8d2b0,3.4379999999999995e+09,18,34.379999999999995
1658310540,ANTUSDT,Buy,0.1,1.910,ZeroMinusTick,0b547a9e-af1a-5136-861a-2bbb67362c8f,1.91e+07,0.1,0.191
1658310560,ANTUSDT,Buy,27,1.910,ZeroMinusTick,2650c10d-55a6-5bd4-ac4c-045ddf09a37f,5.157e+09,27,51.57
1658310572,ANTUSDT,Sell,7.7,1.905,MinusTick,f8fe68a1-b260-5728-ae1b-f67b04314cfe,1.46685e+09,7.7,14.6685
1658310670,ANTUSDT,Buy,1.1,1.915,PlusTick,c33de925-51cf-5895-9863-f5fa0f207ae9,2.1065e+08,1.1,2.1065
1658310780,ANTUSDT,Buy,0.2,1.920,PlusTick,f91e571d-a159-5f56-bfe9-a6bdf91abbeb,3.84e+07,0.2,0.384
1658310780,ANTUSDT,Buy,0.4,1.920,ZeroMinusTick,a3cad59d-f917-5ecb-af70-3138e35726da,7.68e+07,0.4,0.768
1658310797,ANTUSDT,Buy,30,1.920,ZeroMinusTick,209f75ee-1d71-5b8a-a2c0-15eb1e0a8e7f,5.759999999999999e+09,30,57.599999999999994
1658310818,ANTUSDT,Buy,6.3,1.920,ZeroMinusTick,758e3bf7-fde1-5f71-bed2-8a98ad1b6715,1.2096e+09,6.3,12.096
1658310843,ANTUSDT,Buy,100,1.920,ZeroMinusTick,c64c44f6-c79d-58ad-8dcc-a200ee440ca5,1.92e+10,100,192
1658310866,ANTUSDT,Sell,6.2,1.915,MinusTick,6d6ecd5d-484c-530d-b28b-3fe967617849,1.1873e+09,6.2,11.873000000000001
1658310905,ANTUSDT,Buy,87,1.920,PlusTick,97b2e2fa-9a63-5d30-89de-f50440849785,1.6704e+10,87,167.04
1658310920,ANTUSDT,Sell,1.9,1.915,MinusTick,66f103ba-dc51-52f4-93cf-054ead3b98e0,3.6385e+08,1.9,3.6385
1658310940,ANTUSDT,Sell,6.3,1.915,ZeroMinusTick,2152c3a0-38ae-5884-9338-c86d9a211d4d,1.20645e+09,6.3,12.0645
1658310940,ANTUSDT,Buy,6.2,1.920,PlusTick,70afec13-c3c1-58f2-b9ff-3ea715eeabad,1.1904e+09,6.2,11.904
1658310970,ANTUSDT,Buy,10,1.920,ZeroMinusTick,d00f4b0a-3a1f-5390-82de-ec6956145fe5,1.92e+09,10,19.2
1658310990,ANTUSDT,Buy,0.1,1.920,ZeroMinusTick,1364e23d-cf60-5edf-ad32-32bbb15ab59b,1.92e+07,0.1,0.192
1658311051,ANTUSDT,Buy,134,1.915,MinusTick,65054632-ad48-5f55-9819-7486c14b242e,2.5661e+10,134,256.61
1658311051,ANTUSDT,Sell,433.6,1.910,MinusTick,a8649860-73f8-551f-834f-610d98970703,8.28176e+10,433.6,828.176
1658311051,ANTUSDT,Sell,183.9,1.910,ZeroMinusTick,7382e721-8c97-553b-9301-838fd244ccd9,3.51249e+10,183.9,351.249
1658311053,ANTUSDT,Buy,288.3,1.915,PlusTick,3fa1ca40-6cad-5015-a2bd-d880a159a0f0,5.520945000000001e+10,288.3,552.0945
1658311053,ANTUSDT,Buy,27.7,1.915,ZeroMinusTick,7945fddf-80b3-59cf-b333-05555bfcf72c,5.30455e+09,27.7,53.0455
1658311130,ANTUSDT,Sell,0.2,1.915,ZeroMinusTick,17bf28eb-a29b-50db-8f0b-18fd53194b09,3.83e+07,0.2,0.383
1658311200,ANTUSDT,Buy,0.1,1.920,PlusTick,5dbc4509-abc0-5a0b-865b-5fbc5f4bc0bf,1.92e+07,0.1,0.192
1658311223,ANTUSDT,Sell,0.6,1.915,MinusTick,8bcb86d4-fa05-5f9f-90e6-9ce8e795c818,1.149e+08,0.6,1.149
1658311259,ANTUSDT,Sell,0.1,1.915,ZeroMinusTick,f382e824-0d43-5245-beeb-a0fbe3730b36,1.915e+07,0.1,0.1915
1658311340,ANTUSDT,Buy,10,1.910,MinusTick,7a2fe50a-2606-5fd9-84f8-5444d1549189,1.9099999999999998e+09,10,19.099999999999998
1658311500,ANTUSDT,Buy,0.1,1.910,ZeroMinusTick,e2c23b87-5d78-5514-90e9-34e8f4b4bff2,1.91e+07,0.1,0.191
1658311580,ANTUSDT,Buy,0.6,1.915,PlusTick,feea6f00-b6be-537b-ad1d-666f74025b65,1.149e+08,0.6,1.149
1658311580,ANTUSDT,Buy,0.8,1.915,ZeroMinusTick,35031934-eb1d-57ec-a531-327175c660c3,1.532e+08,0.8,1.532
1658311650,ANTUSDT,Sell,1.2,1.910,MinusTick,867b7d14-e772-5516-b023-c88b37096e4c,2.2919999999999997e+08,1.2,2.292
1658311710,ANTUSDT,Sell,1.3,1.910,ZeroMinusTick,09176595-3cae-5d72-b896-fc99d444e181,2.483e+08,1.3,2.483
1658311768,ANTUSDT,Sell,288.3,1.915,PlusTick,9d9e7613-0809-598b-a745-dfca45f245d6,5.520945000000001e+10,288.3,552.0945
1658311768,ANTUSDT,Sell,161.7,1.915,ZeroMinusTick,d64a8488-ec4c-56d5-aa74-45a320233b5e,3.0965549999999996e+10,161.7,309.65549999999996
1658311840,ANTUSDT,Sell,1.8,1.915,ZeroMinusTick,0bd28130-3a56-50e1-8e93-ecf6d15765a4,3.447e+08,1.8,3.447
1658311878,ANTUSDT,Sell,288.3,1.920,PlusTick,f160bc78-b473-59aa-af61-cb0e1a99de95,5.535359999999999e+10,288.3,553.536
1658311920,ANTUSDT,Sell,0.6,1.915,MinusTick,e8ec2c86-caad-59a6-b536-69a500239e23,1.149e+08,0.6,1.149
1658311920,ANTUSDT,Sell,0.1,1.915,ZeroMinusTick,a0a6ac8c-99a7-55a5-b382-428c73b011f3,1.915e+07,0.1,0.1915
1658312038,ANTUSDT,Buy,69,1.925,PlusTick,4d623ba0-36c1-5a28-b1d9-f279ba257461,1.3282500000000002e+10,69,132.82500000000002
1658312050,ANTUSDT,Sell,1.6,1.925,ZeroMinusTick,7d8a6bfe-a096-584d-ac5a-0222dab4abcb,3.08e+08,1.6,3.08
1658312140,ANTUSDT,Buy,0.1,1.920,MinusTick,0ec269ed-349e-519a-86e1-919929078943,1.92e+07,0.1,0.192
1658312229,ANTUSDT,Sell,398,1.915,MinusTick,c2288e2a-c9f9-5109-9a8a-d066d71f95ca,7.6217e+10,398,762.17
1658312229,ANTUSDT,Sell,232.5,1.915,ZeroMinusTick,4fd03c86-5b1c-5b6e-868e-436998b4b2cb,4.452375e+10,232.5,445.2375
1658312300,ANTUSDT,Buy,0.6,1.925,PlusTick,1cd49890-ad1c-573f-83dc-231d989ad949,1.155e+08,0.6,1.155
1658312300,ANTUSDT,Buy,1.3,1.925,ZeroMinusTick,82315ab6-47aa-523d-8a7c-d05921034582,2.5025e+08,1.3,2.5025
1658312389,ANTUSDT,Buy,448.8,1.925,ZeroMinusTick,2075d3e4-d1d3-51a0-a6e0-c2876ed1f692,8.6394e+10,448.8,863.94
1658312389,ANTUSDT,Buy,181.7,1.925,ZeroMinusTick,f4190901-0c27-583d-981a-ef9b8cbc6ccf,3.497725e+10,181.7,349.7725
1658312390,ANTUSDT,Buy,418.3,1.925,ZeroMinusTick,7697790c-c8b6-5a1b-b0ab-1fafa149272c,8.052275000000002e+10,418.3,805.2275000000001
1658312390,ANTUSDT,Buy,212.2,1.925,ZeroMinusTick,ab9497b7-1022-568f-a462-b77af58392ff,4.08485e+10,212.2,408.485
1658312428,ANTUSDT,Sell,52.6,1.925,ZeroMinusTick,b2015d7b-08a0-5218-bec0-2aaf40e5a246,1.0125500000000002e+10,52.6,101.25500000000001
1658312428,ANTUSDT,Sell,52.6,1.925,ZeroMinusTick,a8daac0b-a434-5056-8638-e51a72027233,1.0125500000000002e+10,52.6,101.25500000000001
1658312428,ANTUSDT,Sell,0.1,1.925,ZeroMinusTick,4a32c26f-821d-5c5d-baf5-7099c44aa78f,1.925e+07,0.1,0.1925
1658312428,ANTUSDT,Sell,217.5,1.925,ZeroMinusTick,d9b6e4de-22bd-58bb-88af-581247bced2f,4.186875e+10,217.5,418.6875
1658312428,ANTUSDT,Sell,132.5,1.925,ZeroMinusTick,add3e8a3-6d4c-52fe-8912-4491d57ed0af,2.550625e+10,132.5,255.0625
1658312428,ANTUSDT,Sell,36.7,1.925,ZeroMinusTick,7dc4b50c-67a2-5e19-bbb8-79e02e0956ea,7.064750000000001e+09,36.7,70.64750000000001
1658312430,ANTUSDT,Buy,0.1,1.925,ZeroMinusTick,592bba31-a8a4-5cc3-84b8-c57ce39d4f05,1.925e+07,0.1,0.1925
1658312430,ANTUSDT,Buy,288.3,1.925,ZeroMinusTick,049fbc8f-ceb5-5251-b6bf-652cc6fd8dff,5.549775000000001e+10,288.3,554.9775000000001
1658312430,ANTUSDT,Buy,161.6,1.925,ZeroMinusTick,a28d07f5-becb-549c-b4d6-253b453a093a,3.1108e+10,161.6,311.08
1658312432,ANTUSDT,Buy,50,1.930,PlusTick,a063fdad-4203-5850-a985-52adf1774da2,9.65e+09,50,96.5
1658312542,ANTUSDT,Buy,150.1,1.930,ZeroMinusTick,e5465ece-273e-59ea-b31e-6b7e3e868a30,2.89693e+10,150.1,289.693
1658312542,ANTUSDT,Buy,23.4,1.930,ZeroMinusTick,37979e71-81e2-5c4d-962c-ecbda7479c8e,4.5162e+09,23.4,45.162
1658312542,ANTUSDT,Buy,114.8,1.930,ZeroMinusTick,0c47534e-1227-510e-8ebc-208998b6c018,2.21564e+10,114.8,221.564
1658312542,ANTUSDT,Buy,288.3,1.930,ZeroMinusTick,fd82b565-f613-53d8-ba0b-0c55b3e5ca7d,5.56419e+10,288.3,556.419
1658312550,ANTUSDT,Buy,1.3,1.930,ZeroMinusTick,5d58b9f3-79bf-5c99-b4c7-914cf3f1099c,2.509e+08,1.3,2.509
1658312742,ANTUSDT,Buy,0.2,1.935,PlusTick,2259ca1e-94bb-5455-9e37-45545c698171,3.87e+07,0.2,0.387
1658312742,ANTUSDT,Buy,29.8,1.935,ZeroMinusTick,6d7a87a0-987c-5291-b922-5718534afa16,5.7663e+09,29.8,57.663000000000004
1658312750,ANTUSDT,Sell,1000,1.930,MinusTick,0f4654fc-4deb-59b5-93de-8c9b355a93dc,1.93e+11,1000,1930
1658312750,ANTUSDT,Buy,0.5,1.935,PlusTick,d940bd95-efa2-530b-a20d-2c5e03e97197,9.675e+07,0.5,0.9675
1658312752,ANTUSDT,Sell,288.3,1.930,MinusTick,21466cfb-3059-5fb0-b284-c61ab3ca9b49,5.56419e+10,288.3,556.419
1658312752,ANTUSDT,Sell,161.7,1.930,ZeroMinusTick,37e63316-4831-5d3a-b28d-f889e158a96d,3.1208099999999996e+10,161.7,312.08099999999996
1658312752,ANTUSDT,Sell,31.4,1.930,ZeroMinusTick,ebff3c61-751e-5697-a034-ec1ea714b272,6.0602e+09,31.4,60.602
1658312752,ANTUSDT,Sell,26.4,1.930,ZeroMinusTick,e20f72f5-bd81-5d40-b327-b22889882441,5.0952e+09,26.4,50.952
1658312787,ANTUSDT,Buy,55,1.930,ZeroMinusTick,06524385-28df-5e50-84b3-b5f8629745b6,1.0615e+10,55,106.14999999999999
1658312819,ANTUSDT,Buy,31,1.935,PlusTick,a09e7ee3-2c86-5461-8e6b-7766e7effe3a,5.9985e+09,31,59.985
1658312833,ANTUSDT,Sell,150.2,1.935,ZeroMinusTick,055bfda4-1804-5a2b-a73a-d2af0fe568c8,2.90637e+10,150.2,290.637
1658312833,ANTUSDT,Sell,258.3,1.935,ZeroMinusTick,3410d448-b19f-5b4c-9a2b-310d1b39475c,4.998105000000001e+10,258.3,499.81050000000005
1658312833,ANTUSDT,Sell,103.2,1.935,ZeroMinusTick,b447497b-2996-5794-bfb0-3f862bdc646e,1.99692e+10,103.2,199.692
1658312833,ANTUSDT,Sell,412.8,1.935,ZeroMinusTick,9012ee85-a932-5963-a11e-1afab60c9f36,7.98768e+10,412.8,798.768
1658312833,ANTUSDT,Sell,75.5,1.935,ZeroMinusTick,71902f0a-9cbc-55ec-b61e-d1cbd1a1a29a,1.460925e+10,75.5,146.0925
1658312833,ANTUSDT,Sell,288.3,1.935,ZeroMinusTick,f2691d97-6bae-5f21-ba2b-71c228d8f746,5.578605e+10,288.3,557.8605
1658312833,ANTUSDT,Sell,49,1.935,ZeroMinusTick,d5d17988-ed97-5bc9-8dd7-84b327b0f5e2,9.4815e+09,49,94.815
1658312833,ANTUSDT,Sell,239.3,1.935,ZeroMinusTick,8f259a4c-3020-5119-9aa4-efec540a06a6,4.630455000000001e+10,239.3,463.04550000000006
1658312890,ANTUSDT,Buy,1.5,1.935,ZeroMinusTick,d3a5af3a-3c2d-564a-9a57-4ac1512b1cec,2.9025e+08,1.5,2.9025
1658312980,ANTUSDT,Buy,1.8,1.935,ZeroMinusTick,926730d1-8535-5441-a3f8-3872c6eb54bd,3.483e+08,1.8,3.483
1658313037,ANTUSDT,Buy,288.3,1.925,MinusTick,8672b38d-6045-525d-b591-60cdd9815bf1,5.549775000000001e+10,288.3,554.9775000000001
1658313037,ANTUSDT,Buy,288.3,1.925,ZeroMinusTick,e3bf7ebf-4e41-5fa1-a57e-a3c612fab9c6,5.549775000000001e+10,288.3,554.9775000000001
1658313080,ANTUSDT,Sell,0.1,1.925,ZeroMinusTick,a3f2428c-459a-5750-b0e8-94d6184bdf1f,1.925e+07,0.1,0.1925
1658313080,ANTUSDT,Buy,288.3,1.930,PlusTick,1771138a-b88e-5f3b-8a02-1faa05c8a764,5.56419e+10,288.3,556.419
1658313138,ANTUSDT,Sell,31.4,1.930,ZeroMinusTick,c84492ca-c91d-52b3-85dc-cf0314679385,6.0602e+09,31.4,60.602
1658313138,ANTUSDT,Sell,33.3,1.930,ZeroMinusTick,e90ec99d-1da1-5af5-a08c-1ce21781da62,6.426899999999999e+09,33.3,64.26899999999999
1658313170,ANTUSDT,Sell,425.2,1.925,MinusTick,83dacdd1-0548-50c7-9b18-32dca458f820,8.1851e+10,425.2,818.51
1658313170,ANTUSDT,Sell,450,1.925,ZeroMinusTick,ccec9971-206f-5e68-aae7-1b6f30a96f30,8.6625e+10,450,866.25
1658313170,ANTUSDT,Sell,33.8,1.925,ZeroMinusTick,2364a220-24a8-5690-a610-af6ab445cd9e,6.5065e+09,33.8,65.065
1658313183,ANTUSDT,Sell,288.3,1.925,ZeroMinusTick,7ab86881-c737-5f00-b442-121d1ef2fbc9,5.549775000000001e+10,288.3,554.9775000000001
1658313183,ANTUSDT,Sell,288.3,1.925,ZeroMinusTick,894b081c-491c-5d33-a0b9-118c7ef211cd,5.549775000000001e+10,288.3,554.9775000000001
1658313216,ANTUSDT,Sell,0.2,1.920,MinusTick,5d855ceb-c6ff-567b-a5cc-665fdb6a17ec,3.84e+07,0.2,0.384
1658313216,ANTUSDT,Sell,288.1,1.920,ZeroMinusTick,1465e5f7-99ae-581d-a6aa-ff7a62c1fa74,5.531520000000001e+10,288.1,553.152
1658313220,ANTUSDT,Buy,0.5,1.920,ZeroMinusTick,609bc8e8-2b7f-5c63-8818-7681b033a44b,9.6e+07,0.5,0.96
1658313247,ANTUSDT,Sell,13.9,1.910,MinusTick,e8ccf456-364e-5b24-b3d3-c1d28f169f8d,2.6549e+09,13.9,26.549
1658313247,ANTUSDT,Sell,4.2,1.910,ZeroMinusTick,221c3132-2ede-5645-9d7d-8978ae855e22,8.022e+08,4.2,8.022
1658313247,ANTUSDT,Sell,449.6,1.910,ZeroMinusTick,c84555e7-8dda-5f62-b170-52f87dbde2da,8.58736e+10,449.6,858.736
1658313247,ANTUSDT,Sell,162.8,1.910,ZeroMinusTick,88cabe48-030c-59e1-a59a-a7df5941efa7,3.1094800000000004e+10,162.8,310.94800000000004
1658313248,ANTUSDT,Sell,424.2,1.910,ZeroMinusTick,9c73708d-7a2e-5dc8-ad58-fcb3cca12820,8.10222e+10,424.2,810.222
1658313248,ANTUSDT,Sell,206.3,1.910,ZeroMinusTick,dbb30536-403f-54b3-a12e-825d94c1f29a,3.94033e+10,206.3,394.033
1658313262,ANTUSDT,Buy,206.3,1.910,ZeroMinusTick,0df0a436-ba57-5db3-86ed-52da9e2e5de5,3.94033e+10,206.3,394.033
1658313375,ANTUSDT,Buy,288.3,1.925,PlusTick,13eff5f9-53fd-5a92-9ed6-0286c5625ca7,5.549775000000001e+10,288.3,554.9775000000001
1658313375,ANTUSDT,Buy,288.3,1.925,ZeroMinusTick,2d25c315-c02d-550e-a96b-9ff416a5266c,5.549775000000001e+10,288.3,554.9775000000001
1658313380,ANTUSDT,Buy,0.4,1.930,PlusTick,5ad87ec6-2a9f-5c9e-9a8a-fc4b93bba8a2,7.72e+07,0.4,0.772
1658313460,ANTUSDT,Buy,0.9,1.925,MinusTick,2069a37f-4f7d-507e-9837-4fd5f996b818,1.7325000000000003e+08,0.9,1.7325000000000002
1658313510,ANTUSDT,Sell,0.1,1.925,ZeroMinusTick,ad95cc33-44ff-559c-8751-87db801cfad3,1.925e+07,0.1,0.1925
1658313510,ANTUSDT,Sell,57.1,1.925,ZeroMinusTick,bca8e107-563f-5dac-9dd7-f8d85d00e25e,1.099175e+10,57.1,109.9175
1658313510,ANTUSDT,Sell,31.8,1.925,ZeroMinusTick,f5f554e6-d959-59ab-8047-00a5b20ed05e,6.1215e+09,31.8,61.215
1658313546,ANTUSDT,Sell,288.3,1.920,MinusTick,f34c7c23-d5f1-5db4-bc65-f684e546e6cf,5.535359999999999e+10,288.3,553.536
1658313546,ANTUSDT,Sell,450,1.920,ZeroMinusTick,e8cb2b8f-998f-594d-a064-e393a3fd612b,8.64e+10,450,864
1658313546,ANTUSDT,Sell,41.8,1.920,ZeroMinusTick,4ee055b4-7f79-5c7c-812d-1a284123510c,8.025599999999999e+09,41.8,80.25599999999999
1658313640,ANTUSDT,Sell,1.1,1.920,ZeroMinusTick,87dbdc54-3c2f-56e5-8406-4506a03f3143,2.112e+08,1.1,2.112
1658313724,ANTUSDT,Sell,68.8,1.925,PlusTick,dffc3cb1-9870-5d30-ab49-e170d7adda9a,1.3244e+10,68.8,132.44
1658313724,ANTUSDT,Sell,42.6,1.925,ZeroMinusTick,934d4d45-d1b1-5f2d-a43f-4277db736ee3,8.200500000000001e+09,42.6,82.00500000000001
1658313750,ANTUSDT,Buy,1.8,1.925,ZeroMinusTick,7dbadb23-9e63-579e-83aa-0e399e92335d,3.4650000000000006e+08,1.8,3.4650000000000003
1658313810,ANTUSDT,Sell,1.3,1.920,MinusTick,633df2b5-1bf5-58c0-9ab5-35f93b0913c6,2.496e+08,1.3,2.496
1658313813,ANTUSDT,Sell,4.7,1.920,ZeroMinusTick,248fbb0d-6e38-5c93-938a-361f050e9ba1,9.023999999999999e+08,4.7,9.024
1658313813,ANTUSDT,Sell,38.2,1.920,ZeroMinusTick,bbb31564-fcf8-5bfa-9147-31a86a5191ce,7.334400000000001e+09,38.2,73.34400000000001
1658313813,ANTUSDT,Sell,31.8,1.920,ZeroMinusTick,c2a042e8-e0eb-5750-b1f6-47246858eca1,6.1056e+09,31.8,61.056
1658313813,ANTUSDT,Sell,30.3,1.920,ZeroMinusTick,ba38f6c1-ebc7-563b-9785-a37fb53d310d,5.8176e+09,30.3,58.176
1658313840,ANTUSDT,Sell,288.3,1.920,ZeroMinusTick,5d23ef49-cd31-5196-aedd-406c61bb0741,5.535359999999999e+10,288.3,553.536
1658313840,ANTUSDT,Sell,161.7,1.920,ZeroMinusTick,15727ef9-0a76-50e3-a6e3-cf908b7ef0ad,3.1046399999999992e+10,161.7,310.46399999999994
1658313840,ANTUSDT,Sell,126.6,1.920,ZeroMinusTick,d649c994-ad96-5b5c-a292-b4ba8a5a3fb5,2.4307199999999996e+10,126.6,243.07199999999997
1658313848,ANTUSDT,Sell,48.4,1.920,ZeroMinusTick,1a2fcd1b-f496-59af-9c86-005c69103f54,9.2928e+09,48.4,92.928
1658313960,ANTUSDT,Sell,10,1.910,MinusTick,dd942fd3-0ec5-5163-bc1e-3985137d92a8,1.9099999999999998e+09,10,19.099999999999998
1658313996,ANTUSDT,Sell,34.4,1.910,ZeroMinusTick,020fa5de-3d97-5adb-9573-cc9d132b3d7c,6.570399999999999e+09,34.4,65.704
1658314027,ANTUSDT,Sell,370.6,1.905,MinusTick,da58913a-b10d-5a72-9881-896730af33a9,7.05993e+10,370.6,705.993
1658314027,ANTUSDT,Sell,0.2,1.905,ZeroMinusTick,b7f0404b-d5c6-5ab9-815a-d6933504da25,3.81e+07,0.2,0.381
1658314027,ANTUSDT,Sell,18.1,1.905,ZeroMinusTick,ff220ba8-a9f2-52d8-b149-d56162820574,3.4480500000000005e+09,18.1,34.480500000000006
1658314027,ANTUSDT,Sell,451.9,1.905,ZeroMinusTick,7ddf9cde-a6a7-508c-b828-c371ac422569,8.608695e+10,451.9,860.8695
1658314027,ANTUSDT,Sell,159.2,1.905,ZeroMinusTick,3ba6a3df-2480-5fe6-910a-bd05733745a6,3.03276e+10,159.2,303.276
1658314027,ANTUSDT,Sell,117.1,1.905,ZeroMinusTick,0f7f1426-11e5-5fff-9ec1-8b0824a196a6,2.230755e+10,117.1,223.0755
1658314027,ANTUSDT,Sell,150.1,1.905,ZeroMinusTick,27caef53-642a-5657-b83a-173c3b53fba4,2.859405e+10,150.1,285.9405
1658314027,ANTUSDT,Sell,42.5,1.905,ZeroMinusTick,5d67b310-2ca6-51a4-952b-7a25a95986ee,8.096250000000001e+09,42.5,80.9625
1658314033,ANTUSDT,Sell,368.8,1.905,ZeroMinusTick,1f888abd-6e37-5b9f-bde8-2a2670935a4a,7.025640000000002e+10,368.8,702.5640000000001
1658314033,ANTUSDT,Sell,418.3,1.905,ZeroMinusTick,ceb7f40f-dd2d-53bd-a9f2-0cbb3f5e0bbd,7.968615e+10,418.3,796.8615
1658314033,ANTUSDT,Sell,212.9,1.905,ZeroMinusTick,c87d3dfe-06dd-5991-a40b-8cdc782f9ddc,4.055745e+10,212.9,405.5745
1658314053,ANTUSDT,Buy,288.3,1.905,ZeroMinusTick,cbf1a214-e486-56f1-8dc0-3a05d8269c7a,5.492115e+10,288.3,549.2115
1658314053,ANTUSDT,Buy,288.3,1.905,ZeroMinusTick,3f586379-e772-581a-87e3-809af707c3b2,5.492115e+10,288.3,549.2115
1658314170,ANTUSDT,Sell,10,1.900,MinusTick,1c09a5e7-e029-5a06-bcfe-316da996eeed,1.9e+09,10,19
1658314240,ANTUSDT,Sell,1.6,1.900,ZeroMinusTick,bc0ea8db-d503-58dd-941c-39d74d1637d2,3.04e+08,1.6,3.04
1658314340,ANTUSDT,Sell,1.7,1.905,PlusTick,42fe466c-1d2c-5cb1-8c6d-e1b75a10d4d7,3.2385e+08,1.7,3.2385
1658314400,ANTUSDT,Buy,1,1.910,PlusTick,7a13484a-3c93-5357-bdbd-2d7729169a19,1.91e+08,1,1.91
1658314570,ANTUSDT,Sell,0.1,1.905,MinusTick,724b10ba-d90e-520a-a889-23cb6cc51455,1.905e+07,0.1,0.1905
1658314604,ANTUSDT,Sell,288.3,1.910,PlusTick,beb8d32e-2bd9-503e-8cac-f5fe68927214,5.50653e+10,288.3,550.653
1658314770,ANTUSDT,Sell,0.5,1.910,ZeroMinusTick,f844c51f-04c0-55e0-88d4-c463c7c15a4b,9.55e+07,0.5,0.955
1658314812,ANTUSDT,Sell,199.7,1.905,MinusTick,807d878f-6e37-5545-b967-69a66caf0627,3.804285e+10,199.7,380.4285
1658314812,ANTUSDT,Sell,226.6,1.905,ZeroMinusTick,b1998e6f-5504-5a4d-b3a9-8bc9ec606f95,4.31673e+10,226.6,431.673
1658314812,ANTUSDT,Sell,18.1,1.905,ZeroMinusTick,e8097968-fce4-5872-a5ec-6eb3320cc486,3.4480500000000005e+09,18.1,34.480500000000006
1658314812,ANTUSDT,Sell,418.9,1.905,ZeroMinusTick,666a284b-f57d-562b-ae78-710374183457,7.980045e+10,418.9,798.0045
1658314812,ANTUSDT,Sell,150.1,1.905,ZeroMinusTick,188034d9-0eca-5c50-b1dd-4f9330338f5e,2.859405e+10,150.1,285.9405
1658314812,ANTUSDT,Sell,186.3,1.905,ZeroMinusTick,90cdc4bb-d020-5df9-97bc-ce0cb29f928e,3.549015e+10,186.3,354.9015
1658314813,ANTUSDT,Sell,1000,1.910,PlusTick,3b4c21c6-b3e4-5c96-8d13-04abb45c1a86,1.91e+11,1000,1910
1658314813,ANTUSDT,Sell,249.9,1.910,ZeroMinusTick,63764750-9066-5906-a07c-ed290a86a5b7,4.77309e+10,249.9,477.30899999999997
1658314830,ANTUSDT,Buy,0.5,1.915,PlusTick,4f9781b5-096c-5f7b-97ab-7b1a1975d844,9.575e+07,0.5,0.9575
1658315020,ANTUSDT,Sell,0.3,1.905,MinusTick,93ad229c-13ff-5a9a-ac1c-e4b868e11c7c,5.715e+07,0.3,0.5715
1658315025,ANTUSDT,Buy,150.1,1.910,PlusTick,c294c270-ee85-5205-884a-65b3cb7686c1,2.8669099999999996e+10,150.1,286.691
1658315090,ANTUSDT,Buy,10,1.910,ZeroMinusTick,22c9c5c8-2dfc-5886-833a-46ab395712eb,1.9099999999999998e+09,10,19.099999999999998
1658315160,ANTUSDT,Buy,0.1,1.910,ZeroMinusTick,a2eb5290-efb1-598e-b237-1e528213a568,1.91e+07,0.1,0.191
1658315249,ANTUSDT,Sell,179.1,1.910,ZeroMinusTick,6c4f9f96-dea2-5145-a1d3-0108115160ce,3.4208099999999996e+10,179.1,342.08099999999996
