timestamp,symbol,side,size,price,tickDirection,trdMatchID,grossValue,homeNotional,foreignNotional
1658102406,ANTUSDT,Buy,446.4,1.715,PlusTick,efea54e3-f5af-57de-80c8-6e478df12bde,7.65576e+10,446.4,765.576
1658102406,ANTUSDT,Buy,291.5,1.715,ZeroMinusTick,ab9c6af5-739f-54fa-a900-d80d19cfb370,4.999225e+10,291.5,499.9225
1658102406,ANTUSDT,Buy,262.1,1.715,ZeroMinusTick,593e6f62-4eb7-546e-bc3f-320c80c3b3e5,4.495015000000001e+10,262.1,449.5015000000001
1658102429,ANTUSDT,Buy,0.7,1.715,ZeroMinusTick,8da91d4f-a561-585e-8cf0-9c41e8779b3d,1.2004999999999999e+08,0.7,1.2005
1658102559,ANTUSDT,Sell,2,1.710,MinusTick,07f07e2d-3605-5f0c-bd97-09fd1fe3db98,3.42e+08,2,3.42
1658102699,ANTUSDT,Sell,10,1.710,ZeroMinusTick,4f7cd16e-c99c-5768-a711-8940629e8336,1.7100000000000002e+09,10,17.1
1658102706,ANTUSDT,Buy,65,1.715,PlusTick,d2265379-bd60-51af-88bc-3d8d9207e738,1.11475e+10,65,111.47500000000001
1658102713,ANTUSDT,Buy,69,1.715,ZeroMinusTick,3dd97eba-4f06-5f27-8f28-a556149f351c,1.18335e+10,69,118.33500000000001
1658102715,ANTUSDT,Buy,137.1,1.715,ZeroMinusTick,b1d74e51-768e-52fa-b317-552e98a47896,2.351265e+10,137.1,235.1265
1658102729,ANTUSDT,Buy,0.1,1.715,ZeroMinusTick,40b1db77-4812-56eb-a2c9-fe4089ce0d0b,1.715e+07,0.1,0.1715
1658102785,ANTUSDT,Buy,16.5,1.725,PlusTick,b2e33b55-0281-5d79-abf9-a599619ed73d,2.84625e+09,16.5,28.462500000000002
1658102786,ANTUSDT,Buy,10.8,1.725,ZeroMinusTick,83ae05ee-6ec4-50ed-aeab-cf2aaa17dc17,1.8630000000000002e+09,10.8,18.630000000000003
1658102787,ANTUSDT,Buy,19,1.725,ZeroMinusTick,b80fb5ad-ddc5-50fa-a605-f67ba2c13594,3.2775e+09,19,32.775
1658102787,ANTUSDT,Buy,0.2,1.725,ZeroMinusTick,55f58471-abfe-5828-9624-fb597986025b,3.45e+07,0.2,0.34500000000000003
1658102787,ANTUSDT,Buy,30.3,1.725,ZeroMinusTick,1c709305-b5ee-50de-be9b-912b696fa942,5.226750000000001e+09,30.3,52.267500000000005
1658102859,ANTUSDT,Buy,0.1,1.725,ZeroMinusTick,d0a0dd67-40a4-54f3-97eb-0c791fbc79c5,1.725e+07,0.1,0.17250000000000001
1658103059,ANTUSDT,Sell,0.6,1.720,MinusTick,d7555a59-b8fb-5d18-9920-5c36315f7ddb,1.032e+08,0.6,1.032
1658103059,ANTUSDT,Sell,0.9,1.720,ZeroMinusTick,0e7df5fa-09ab-5544-8fe9-c2fb0193f474,1.548e+08,0.9,1.548
1658103075,ANTUSDT,Buy,104,1.725,PlusTick,f7312de2-20d8-512a-8433-d8f9f541ed1f,1.794e+10,104,179.4
1658103077,ANTUSDT,Buy,100.8,1.725,ZeroMinusTick,451f56fd-3b25-5691-9e70-5dab2a26effc,1.7388e+10,100.8,173.88
1658103149,ANTUSDT,Buy,1.5,1.730,PlusTick,96769ee4-e580-520f-98d4-1e280c81a25c,2.5949999999999997e+08,1.5,2.5949999999999998
1658103249,ANTUSDT,Buy,0.4,1.730,ZeroMinusTick,8a5dd896-ce73-5c7d-8154-4077d9901a20,6.92e+07,0.4,0.6920000000000001
1658103319,ANTUSDT,Buy,1.2,1.730,ZeroMinusTick,3672e9ec-2fef-5b8a-bbf2-9ea424f167b5,2.076e+08,1.2,2.076
1658103459,ANTUSDT,Sell,1.9,1.725,MinusTick,d5db08ac-2c01-5f21-9657-f0f51526c89e,3.2775e+08,1.9,3.2775
1658103609,ANTUSDT,Buy,0.6,1.725,ZeroMinusTick,4d128463-bdbd-518a-9550-d90f9d84ff73,1.0349999999999999e+08,0.6,1.035
1658103719,ANTUSDT,Buy,0.6,1.725,ZeroMinusTick,87e7b3c9-69b3-533c-a4b3-83b4c0d919b1,1.0349999999999999e+08,0.6,1.035
1658103719,ANTUSDT,Buy,1.2,1.725,ZeroMinusTick,7152add9-29c6-58cd-a94f-02d538bbfed1,2.0699999999999997e+08,1.2,2.07
1658103773,ANTUSDT,Buy,419.8,1.725,ZeroMinusTick,9ff4fa85-b642-598f-9bcc-e232fe9627b4,7.241550000000002e+10,419.8,724.1550000000001
1658103773,ANTUSDT,Buy,80.2,1.725,ZeroMinusTick,e501c9ed-e0f0-52e7-848f-4f151ab14eb7,1.38345e+10,80.2,138.345
1658103773,ANTUSDT,Buy,71.2,1.725,ZeroMinusTick,10a5cf52-6a5c-5574-b577-99455f3985f0,1.2282e+10,71.2,122.82000000000001
1658103773,ANTUSDT,Buy,73.8,1.725,ZeroMinusTick,5bb2c3d7-79f9-52e9-9d5c-b0edd7144e50,1.27305e+10,73.8,127.305
1658103773,ANTUSDT,Buy,19.4,1.725,ZeroMinusTick,cd13a40c-b6aa-51c8-8453-25e7b8c14d89,3.3464999999999995e+09,19.4,33.464999999999996
1658103783,ANTUSDT,Buy,0.6,1.730,PlusTick,117ce380-1065-564d-94c4-9210c1a1d857,1.038e+08,0.6,1.038
1658103783,ANTUSDT,Buy,72.4,1.730,ZeroMinusTick,af6dd12e-b5ad-5760-9432-1e7555ffef45,1.2525200000000002e+10,72.4,125.25200000000001
1658103792,ANTUSDT,Sell,328.8,1.730,ZeroMinusTick,1109f5b4-bea4-51b8-b859-42d7a8c4af98,5.688240000000001e+10,328.8,568.8240000000001
1658103849,ANTUSDT,Sell,0.1,1.725,MinusTick,74d0f1af-fc5a-516a-8dcb-a849b42845e4,1.725e+07,0.1,0.17250000000000001
1658103849,ANTUSDT,Sell,118.6,1.725,ZeroMinusTick,ddcbde76-1018-5307-8e3d-6006168da131,2.04585e+10,118.6,204.585
1658103869,ANTUSDT,Buy,230.7,1.725,ZeroMinusTick,8b42cd44-41fb-5799-a40b-00eb2b6a04f7,3.979575e+10,230.7,397.9575
1658103899,ANTUSDT,Buy,10,1.730,PlusTick,68bd715f-e3cd-5b78-832f-67553384b53c,1.73e+09,10,17.3
1658103969,ANTUSDT,Buy,10,1.730,ZeroMinusTick,09843d69-e1c9-5950-abfb-758d74dbd9c9,1.73e+09,10,17.3
1658104011,ANTUSDT,Sell,58,1.730,ZeroMinusTick,6a7f9d9b-e804-5512-8a29-ed203ac43563,1.0034e+10,58,100.34
1658104011,ANTUSDT,Sell,58,1.730,ZeroMinusTick,b50d22b4-252c-5232-b0d3-c24de3476938,1.0034e+10,58,100.34
1658104011,ANTUSDT,Sell,58,1.730,ZeroMinusTick,d0993314-ff78-59f2-8889-b8f8086ffd81,1.0034e+10,58,100.34
1658104011,ANTUSDT,Sell,58,1.730,ZeroMinusTick,3482468f-d005-56b4-b566-0407c4e91123,1.0034e+10,58,100.34
1658104011,ANTUSDT,Sell,37.2,1.730,ZeroMinusTick,23a5631d-4077-504d-a1bf-8a4937487e07,6.435600000000001e+09,37.2,64.35600000000001
1658104050,ANTUSDT,Sell,30.3,1.725,MinusTick,fc2c4082-9480-5649-8d83-578993c8981b,5.226750000000001e+09,30.3,52.267500000000005
1658104050,ANTUSDT,Sell,289.8,1.725,ZeroMinusTick,611630fe-6316-595c-b357-ad38c99f1179,4.99905e+10,289.8,499.90500000000003
1658104159,ANTUSDT,Buy,0.9,1.725,ZeroMinusTick,e2568316-50ad-51a6-8b29-505f3991f4af,1.5525000000000003e+08,0.9,1.5525000000000002
1658104399,ANTUSDT,Buy,43,1.725,ZeroMinusTick,246e7968-26d0-5afc-855e-d8c88d459d63,7.4175e+09,43,74.175
1658104399,ANTUSDT,Buy,1.9,1.725,ZeroMinusTick,0053a0cf-cf24-55c8-8e34-f4544242f819,3.2775e+08,1.9,3.2775
1658104403,ANTUSDT,Buy,58,1.725,ZeroMinusTick,78ee6239-2946-5552-adf2-f4392d70d955,1.0005000000000002e+10,58,100.05000000000001
1658104403,ANTUSDT,Buy,58,1.725,ZeroMinusTick,96a2f18b-93e9-59a1-b9bb-d2f619b7a2bc,1.0005000000000002e+10,58,100.05000000000001
1658104403,ANTUSDT,Buy,58,1.725,ZeroMinusTick,7eadd8af-1ab2-5a26-af78-3a3d5ad77cf3,1.0005000000000002e+10,58,100.05000000000001
1658104403,ANTUSDT,Buy,58,1.725,ZeroMinusTick,4711fb23-ed14-581b-b52b-3596589e8de4,1.0005000000000002e+10,58,100.05000000000001
1658104403,ANTUSDT,Buy,51,1.725,ZeroMinusTick,5debbd28-d03e-52fd-8023-b23094983b35,8.7975e+09,51,87.97500000000001
1658104455,ANTUSDT,Sell,28.6,1.725,ZeroMinusTick,9665175d-25fc-525a-8c1f-241b7c26ca39,4.933500000000001e+09,28.6,49.33500000000001
1658104455,ANTUSDT,Buy,0.4,1.730,PlusTick,ab67cff5-5b54-5f58-959d-14085185146f,6.92e+07,0.4,0.6920000000000001
1658104599,ANTUSDT,Buy,0.2,1.730,ZeroMinusTick,12a80106-fd47-5f55-935e-ac78dbefca5e,3.46e+07,0.2,0.34600000000000003
1658104599,ANTUSDT,Buy,1.1,1.730,ZeroMinusTick,e45e16cd-73f9-58b1-b1c1-a6d6ed1fa22a,1.903e+08,1.1,1.903
1658104612,ANTUSDT,Sell,58,1.725,MinusTick,224735ae-3045-5aa2-85a0-128b3a3580f7,1.0005000000000002e+10,58,100.05000000000001
1658104612,ANTUSDT,Sell,58,1.725,ZeroMinusTick,32bcb950-c90d-5de2-b45f-e430d3cdcf39,1.0005000000000002e+10,58,100.05000000000001
1658104612,ANTUSDT,Sell,58,1.725,ZeroMinusTick,e9185e1c-0441-531f-bc04-b53c8d75f75f,1.0005000000000002e+10,58,100.05000000000001
1658104612,ANTUSDT,Sell,58,1.725,ZeroMinusTick,ce9f9bb7-39d3-5fa2-84da-ed9e8e13d060,1.0005000000000002e+10,58,100.05000000000001
1658104612,ANTUSDT,Sell,58,1.725,ZeroMinusTick,8f9b5977-03e4-510d-8a9c-8e1fc5f6561f,1.0005000000000002e+10,58,100.05000000000001
1658104634,ANTUSDT,Sell,38.8,1.725,ZeroMinusTick,635a6ffb-5e14-5079-b86b-51af6c27ce47,6.692999999999999e+09,38.8,66.92999999999999
1658104769,ANTUSDT,Sell,1.2,1.715,MinusTick,fc34bb18-1757-5004-b083-8a4f1568fd2f,2.0579999999999997e+08,1.2,2.058
1658104769,ANTUSDT,Buy,28.6,1.720,PlusTick,ac65f366-9025-584a-ba97-ef2a13ec0e40,4.9192e+09,28.6,49.192
1658104859,ANTUSDT,Buy,2,1.720,ZeroMinusTick,c2aa887f-c7f8-508a-a5f6-74900ef63265,3.44e+08,2,3.44
1658105049,ANTUSDT,Buy,0.3,1.715,MinusTick,1dd81834-7c4e-594e-b69a-1c7a68f20fce,5.144999999999999e+07,0.3,0.5145
1658105199,ANTUSDT,Sell,2,1.715,ZeroMinusTick,2584bbae-19af-5122-bcea-46fb0ee27966,3.43e+08,2,3.43
1658105309,ANTUSDT,Buy,0.1,1.715,ZeroMinusTick,754df369-cb05-5e71-93d6-acc0522c172c,1.715e+07,0.1,0.1715
1658105389,ANTUSDT,Buy,0.6,1.715,ZeroMinusTick,8fbb49b6-a229-587e-862d-336f45396fd2,1.0289999999999999e+08,0.6,1.029
1658105513,ANTUSDT,Buy,50,1.715,ZeroMinusTick,3606522b-6744-570b-b58c-45df471c9335,8.575e+09,50,85.75
1658105517,ANTUSDT,Buy,8.1,1.715,ZeroMinusTick,1b3bd735-814f-5495-b1eb-a6ac74ec6efd,1.38915e+09,8.1,13.8915
1658105519,ANTUSDT,Buy,1.4,1.715,ZeroMinusTick,3e563ba0-ff31-5213-aab7-fd0c5f4d9733,2.4009999999999997e+08,1.4,2.401
1658105560,ANTUSDT,Buy,58,1.715,ZeroMinusTick,dc5f3072-99bd-5174-97ab-882a90e8a79d,9.947e+09,58,99.47
1658105560,ANTUSDT,Buy,20,1.715,ZeroMinusTick,4a5db2a0-b751-58e1-98a5-528b57dec468,3.4300000000000005e+09,20,34.300000000000004
1658105560,ANTUSDT,Buy,58,1.715,ZeroMinusTick,defef8a8-1824-549b-95d5-c5fe91c865a1,9.947e+09,58,99.47
1658105560,ANTUSDT,Buy,58,1.715,ZeroMinusTick,afae04ec-fab3-5b68-a6bb-8e1665da3489,9.947e+09,58,99.47
1658105560,ANTUSDT,Buy,58,1.715,ZeroMinusTick,3cafd00a-0003-5e52-a32d-b941ca5cba88,9.947e+09,58,99.47
1658105560,ANTUSDT,Buy,17.3,1.715,ZeroMinusTick,03c89919-fc4d-575e-b873-c50b96880917,2.9669500000000005e+09,17.3,29.669500000000003
1658105689,ANTUSDT,Buy,0.6,1.720,PlusTick,5701a254-f551-590d-8a81-f0cd5337e91f,1.032e+08,0.6,1.032
1658105689,ANTUSDT,Buy,1.3,1.720,ZeroMinusTick,07ae247a-3176-5df2-8c22-aa6278bfb2ea,2.2360000000000003e+08,1.3,2.236
1658105869,ANTUSDT,Buy,10,1.720,ZeroMinusTick,fb542035-c516-5f59-afd5-68ae686cdeeb,1.72e+09,10,17.2
1658105909,ANTUSDT,Buy,10,1.720,ZeroMinusTick,368baaba-42ce-5275-8936-9f43381ecabe,1.72e+09,10,17.2
1658106103,ANTUSDT,Buy,238.5,1.720,ZeroMinusTick,d7790e6a-635d-5449-ab36-7e085536f554,4.1022e+10,238.5,410.21999999999997
1658106103,ANTUSDT,Buy,0.1,1.720,ZeroMinusTick,ad80e36b-bc94-5d51-b20b-9c405c5ef984,1.72e+07,0.1,0.17200000000000001
1658106109,ANTUSDT,Sell,0.8,1.720,ZeroMinusTick,9279fdfa-66ba-509c-b9de-9225550a6425,1.376e+08,0.8,1.3760000000000001
1658106219,ANTUSDT,Buy,1.3,1.725,PlusTick,d48d90d1-2add-528f-8995-dac225529e6d,2.2425000000000003e+08,1.3,2.2425
1658106299,ANTUSDT,Sell,0.8,1.725,ZeroMinusTick,90ceaf83-9e20-560d-bb91-df2a3daa5c2e,1.38e+08,0.8,1.3800000000000001
1658106409,ANTUSDT,Buy,0.2,1.730,PlusTick,6bd88d5b-cec3-5c31-9742-bfbd2ab8217a,3.46e+07,0.2,0.34600000000000003
1658106499,ANTUSDT,Buy,10,1.730,ZeroMinusTick,36d572e4-7a82-5a8c-83e3-210b802737e6,1.73e+09,10,17.3
1658106679,ANTUSDT,Buy,0.9,1.735,PlusTick,48fd7ecb-3c6b-5f56-b139-854240c0dbba,1.5615e+08,0.9,1.5615
1658106723,ANTUSDT,Buy,0.2,1.740,PlusTick,46705a28-a16b-5b56-b305-25e4962c1798,3.48e+07,0.2,0.34800000000000003
1658106792,ANTUSDT,Sell,58,1.740,ZeroMinusTick,c09912d6-11ef-503f-bbce-de77c8bf3db5,1.0092e+10,58,100.92
1658106792,ANTUSDT,Sell,58,1.740,ZeroMinusTick,4a14ad9c-b556-5e09-96f4-e3298ba23fee,1.0092e+10,58,100.92
1658106813,ANTUSDT,Sell,58,1.740,ZeroMinusTick,1d9f5ada-0c48-5c05-baa6-85f6f34ce67e,1.0092e+10,58,100.92
1658106814,ANTUSDT,Sell,58,1.740,ZeroMinusTick,6dc19fc7-3719-5830-9327-937d46dced37,1.0092e+10,58,100.92
1658106814,ANTUSDT,Sell,58,1.740,ZeroMinusTick,5146c014-838a-5fac-8209-2effd4c1245f,1.0092e+10,58,100.92
1658106817,ANTUSDT,Sell,38.8,1.740,ZeroMinusTick,12481d47-078c-5705-80cb-bf2d013adeb5,6.7512e+09,38.8,67.512
1658106829,ANTUSDT,Sell,0.6,1.735,MinusTick,e2e0190e-cafd-57c6-ae06-6df8af123224,1.0409999999999999e+08,0.6,1.041
1658106829,ANTUSDT,Sell,0.3,1.735,ZeroMinusTick,37c01fd1-9cac-57c7-94a0-b968142aa7d9,5.204999999999999e+07,0.3,0.5205
1658106853,ANTUSDT,Sell,353.1,1.740,PlusTick,c5d9a85b-2495-50b7-add4-55762424aef9,6.14394e+10,353.1,614.394
1658106853,ANTUSDT,Sell,96.9,1.740,ZeroMinusTick,f24b6361-06fa-58b3-a35d-c17d9670fd6c,1.6860600000000002e+10,96.9,168.60600000000002
1658107009,ANTUSDT,Buy,1.9,1.750,PlusTick,c7bc321d-4427-59bd-939b-4c1c8604e215,3.325e+08,1.9,3.3249999999999997
1658107009,ANTUSDT,Buy,6.6,1.750,ZeroMinusTick,4669bb0c-de02-5323-8a06-b3cb440747e1,1.155e+09,6.6,11.549999999999999
1658107009,ANTUSDT,Buy,1.5,1.750,ZeroMinusTick,0ffe2f1c-afc3-5c65-974d-56b75aa6a874,2.625e+08,1.5,2.625
1658107021,ANTUSDT,Sell,170.7,1.745,MinusTick,a1f5481a-a31b-5dcf-ad0a-14afdae954d6,2.9787150000000004e+10,170.7,297.8715
1658107129,ANTUSDT,Buy,0.6,1.745,ZeroMinusTick,88634298-cfcf-5a69-ab2c-2872d57a3868,1.047e+08,0.6,1.047
1658107130,ANTUSDT,Sell,0.4,1.740,MinusTick,0f456b63-becd-50c9-a330-6c292005bb5b,6.96e+07,0.4,0.6960000000000001
1658107196,ANTUSDT,Buy,48.6,1.745,PlusTick,82d8c703-aadc-5505-96c1-af78205174cc,8.4807e+09,48.6,84.807
1658107219,ANTUSDT,Sell,1,1.740,MinusTick,aace1188-b0a6-5e9d-88ab-c668bba48eb4,1.74e+08,1,1.74
1658107233,ANTUSDT,Buy,24.5,1.745,PlusTick,4025f388-c2f0-53b7-b062-5d8be0e1020a,4.2752500000000005e+09,24.5,42.752500000000005
1658107339,ANTUSDT,Sell,1.9,1.740,MinusTick,b8c799c6-7685-5f4f-926c-3aaf6ce1a6ed,3.306e+08,1.9,3.306
1658107455,ANTUSDT,Buy,7.4,1.745,PlusTick,53b76f8d-13bc-54cc-8a41-c7706a12760f,1.2913000000000002e+09,7.4,12.913000000000002
1658107455,ANTUSDT,Buy,58,1.745,ZeroMinusTick,4ef1ff16-79d7-5e03-a822-5b6e6928115d,1.0121e+10,58,101.21000000000001
1658107455,ANTUSDT,Buy,58,1.745,ZeroMinusTick,43328a76-7e76-543e-8011-1dabaf80756b,1.0121e+10,58,101.21000000000001
1658107455,ANTUSDT,Buy,58,1.745,ZeroMinusTick,985277c7-4a99-5181-aeec-ab2d92138f10,1.0121e+10,58,101.21000000000001
1658107455,ANTUSDT,Buy,58,1.745,ZeroMinusTick,c829e388-aea7-582e-b1e0-0022d397fcc7,1.0121e+10,58,101.21000000000001
1658107455,ANTUSDT,Buy,16.3,1.745,ZeroMinusTick,6bbc8a81-3dc5-5dc9-a1ed-ed31267b6b7a,2.8443500000000005e+09,16.3,28.443500000000004
1658107509,ANTUSDT,Buy,1,1.750,PlusTick,2194a64f-decc-592f-aa01-4b69c3c80688,1.75e+08,1,1.75
1658107690,ANTUSDT,Sell,58,1.750,ZeroMinusTick,5204c4b2-9990-54e4-89e4-ff90297e4b94,1.015e+10,58,101.5
1658107690,ANTUSDT,Sell,58,1.750,ZeroMinusTick,4c8f10b4-7531-56af-8406-4fe2ddc7fd7b,1.015e+10,58,101.5
1658107690,ANTUSDT,Sell,58,1.750,ZeroMinusTick,e00eb384-41cc-5b27-a668-e04d0d13ae40,1.015e+10,58,101.5
1658107690,ANTUSDT,Sell,58,1.750,ZeroMinusTick,a2fb11e4-3afc-5e6b-8216-42f591bbf9e5,1.015e+10,58,101.5
1658107691,ANTUSDT,Sell,26.1,1.750,ZeroMinusTick,febb7d17-ee7a-5c15-8c02-1e98349a579f,4.5675e+09,26.1,45.675000000000004
1658107709,ANTUSDT,Sell,0.9,1.750,ZeroMinusTick,18efb00b-5284-5606-a766-e7ec58d83ba8,1.575e+08,0.9,1.575
1658107819,ANTUSDT,Sell,1.5,1.750,ZeroMinusTick,0c0e4d93-4f3f-5b51-8e63-af59768e5591,2.625e+08,1.5,2.625
1658107867,ANTUSDT,Buy,0.2,1.755,PlusTick,b2f83b87-6968-5f06-9494-9f153aa0c3c8,3.51e+07,0.2,0.351
1658107867,ANTUSDT,Sell,0.8,1.750,MinusTick,320a8d67-5112-5196-a21c-0914ade35335,1.4e+08,0.8,1.4000000000000001
1658107948,ANTUSDT,Buy,0.9,1.755,PlusTick,24ab4725-de9e-5582-8585-80b3a3596d66,1.5795e+08,0.9,1.5795
1658107979,ANTUSDT,Sell,1.4,1.745,MinusTick,304402b4-5088-5260-80a3-6539b02380b9,2.443e+08,1.4,2.443
1658108057,ANTUSDT,Buy,58,1.750,PlusTick,21874a95-88e8-551e-97f8-0d847c6a4e5e,1.015e+10,58,101.5
1658108057,ANTUSDT,Buy,58,1.750,ZeroMinusTick,f43bcace-c90d-5f77-8f87-79ba271b6898,1.015e+10,58,101.5
1658108057,ANTUSDT,Buy,58,1.750,ZeroMinusTick,20a378ac-473b-5f44-a6e3-ffc5a3388282,1.015e+10,58,101.5
1658108057,ANTUSDT,Buy,58,1.750,ZeroMinusTick,2a85fcf7-a2ca-59fe-b204-ede0a83abd8a,1.015e+10,58,101.5
1658108057,ANTUSDT,Buy,58,1.750,ZeroMinusTick,f555f7b3-3849-5e6a-9428-13a6dcec23c8,1.015e+10,58,101.5
1658108057,ANTUSDT,Buy,38.8,1.750,ZeroMinusTick,38f74fb4-a591-51b1-b3b4-e1d7ab2a455f,6.789999999999999e+09,38.8,67.89999999999999
1658108057,ANTUSDT,Buy,19.2,1.750,ZeroMinusTick,98bbd028-00b3-5028-b2d9-4703f53d1145,3.36e+09,19.2,33.6
1658108057,ANTUSDT,Buy,58,1.750,ZeroMinusTick,bf410c90-5747-5f09-99cc-f36189182e0a,1.015e+10,58,101.5
1658108057,ANTUSDT,Buy,58,1.750,ZeroMinusTick,1c7cdbf8-b01d-5fe3-9d4e-24aa3af32f18,1.015e+10,58,101.5
1658108057,ANTUSDT,Buy,10.1,1.750,ZeroMinusTick,b3cda0b7-7a17-5043-8a5a-8452574ddf15,1.7675e+09,10.1,17.675
1658108057,ANTUSDT,Buy,47.9,1.750,ZeroMinusTick,12204dbd-e05e-5843-bc86-33d8d048d0b0,8.3825e+09,47.9,83.825
1658108057,ANTUSDT,Buy,58,1.750,ZeroMinusTick,b97559dc-5bdc-507f-86ff-fdfcdcabd9cd,1.015e+10,58,101.5
1658108057,ANTUSDT,Buy,58,1.750,ZeroMinusTick,82ca4958-5097-531a-b999-c26efd8d5715,1.015e+10,58,101.5
1658108057,ANTUSDT,Buy,140.4,1.750,ZeroMinusTick,f0175612-0fcc-57e1-b072-d474114a4fca,2.457e+10,140.4,245.70000000000002
1658108057,ANTUSDT,Buy,40.1,1.750,ZeroMinusTick,1308f6c3-790d-5e9e-b979-6aa90935e64a,7.0175e+09,40.1,70.175
1658108058,ANTUSDT,Buy,43.1,1.750,ZeroMinusTick,d9a732b8-5372-5e11-8a25-e95a1d1a2743,7.5425e+09,43.1,75.425
1658108179,ANTUSDT,Buy,0.5,1.750,ZeroMinusTick,b9863c21-0a58-5f0e-8355-a340c8e93c07,8.75e+07,0.5,0.875
1658108297,ANTUSDT,Sell,58,1.745,MinusTick,a88a39ee-9b95-5b03-ade8-ada0b2957f36,1.0121e+10,58,101.21000000000001
1658108297,ANTUSDT,Sell,213.8,1.745,ZeroMinusTick,442317ad-286f-5e23-b142-19c0c4c0a518,3.73081e+10,213.8,373.081
1658108297,ANTUSDT,Sell,57,1.745,ZeroMinusTick,e95b2095-33ec-5e51-87cd-a6619de10cd6,9.9465e+09,57,99.465
1658108369,ANTUSDT,Buy,0.9,1.745,ZeroMinusTick,4af8253e-e3d3-531d-8c12-76065b9f87d8,1.5705000000000003e+08,0.9,1.5705000000000002
1658108449,ANTUSDT,Sell,0.2,1.740,MinusTick,08643bff-2dda-52af-8fe7-293b44123923,3.48e+07,0.2,0.34800000000000003
1658108449,ANTUSDT,Sell,1.1,1.740,ZeroMinusTick,c2b6d38f-7f0d-5c71-b050-dc9aee53272b,1.914e+08,1.1,1.9140000000000001
1658108529,ANTUSDT,Buy,58,1.745,PlusTick,27ec1e86-19bb-57c0-9add-53055e732b3d,1.0121e+10,58,101.21000000000001
1658108529,ANTUSDT,Buy,58,1.745,ZeroMinusTick,bb4e525f-ea20-5319-bb34-ee0385e400e1,1.0121e+10,58,101.21000000000001
1658108529,ANTUSDT,Buy,58,1.745,ZeroMinusTick,68d44276-e753-596e-88cb-be8a6843ee95,1.0121e+10,58,101.21000000000001
1658108529,ANTUSDT,Buy,58,1.745,ZeroMinusTick,3da34244-31f7-5308-9f0d-659140efeca8,1.0121e+10,58,101.21000000000001
1658108529,ANTUSDT,Buy,58,1.745,ZeroMinusTick,98d37859-b9fb-5275-9699-5cf278375c42,1.0121e+10,58,101.21000000000001
1658108529,ANTUSDT,Buy,37.9,1.745,ZeroMinusTick,613a2622-d512-5d8c-958d-3b0b2aeddfaa,6.613550000000001e+09,37.9,66.13550000000001
1658108538,ANTUSDT,Sell,328.8,1.745,ZeroMinusTick,ec1aaea6-cbde-5222-9fa8-1be602b182ac,5.737560000000001e+10,328.8,573.7560000000001
1658108579,ANTUSDT,Buy,58,1.745,ZeroMinusTick,c0ad8850-a4e6-55ce-92f1-664717df2fe9,1.0121e+10,58,101.21000000000001
1658108579,ANTUSDT,Buy,229,1.745,ZeroMinusTick,ef6f07c4-e98b-5b99-b105-6ceb838a0bd2,3.99605e+10,229,399.605
1658108579,ANTUSDT,Buy,41.8,1.745,ZeroMinusTick,760a97d2-7ddd-5229-848e-b3e95f389043,7.2941e+09,41.8,72.941
1658108589,ANTUSDT,Sell,1.1,1.745,ZeroMinusTick,33ce0bb8-0b1b-5c1d-b7d2-76ee364d2ff4,1.9195000000000003e+08,1.1,1.9195000000000002
1658108719,ANTUSDT,Sell,2,1.745,ZeroMinusTick,5ac87229-ee26-507b-9900-6738ad38aef8,3.49e+08,2,3.49
1658108779,ANTUSDT,Sell,0.8,1.745,ZeroMinusTick,38e500e2-c27e-5ac1-b9d4-b61a9b3f1a24,1.396e+08,0.8,1.3960000000000001
1658108859,ANTUSDT,Sell,0.2,1.745,ZeroMinusTick,c7e23a83-aa90-5a12-8f5d-accb0ff9d81b,3.49e+07,0.2,0.34900000000000003
1658108897,ANTUSDT,Buy,205.8,1.750,PlusTick,ac245cf1-2fdf-5af4-93ac-179c0a7b9481,3.6015e+10,205.8,360.15000000000003
1658108999,ANTUSDT,Buy,1.7,1.755,PlusTick,aff366fc-d0a2-587d-8d4d-340b6bb1371c,2.9835e+08,1.7,2.9835
1658109129,ANTUSDT,Buy,0.6,1.755,ZeroMinusTick,30502c42-d818-5ac0-af7d-3698ff7ef6e4,1.053e+08,0.6,1.053
1658109138,ANTUSDT,Sell,42,1.750,MinusTick,3b29bcea-9c25-51b3-9762-c798c34b83b2,7.35e+09,42,73.5
1658109149,ANTUSDT,Sell,120,1.750,ZeroMinusTick,3dfa3b88-91ce-571b-aa12-31c850297ac7,2.1e+10,120,210
1658109149,ANTUSDT,Sell,74,1.750,ZeroMinusTick,ee30af1d-c2d3-57b8-af1f-2e712d75c313,1.295e+10,74,129.5
1658109162,ANTUSDT,Sell,58,1.750,ZeroMinusTick,37cd9cd7-3610-5c65-bd83-6ec1c5d7745c,1.015e+10,58,101.5
1658109162,ANTUSDT,Sell,34.8,1.750,ZeroMinusTick,18656683-8332-56dd-81f7-7945db751aed,6.089999999999999e+09,34.8,60.89999999999999
1658109289,ANTUSDT,Sell,1.6,1.740,MinusTick,cca06c3d-8c6a-5dc7-a334-687d7af975e0,2.784e+08,1.6,2.7840000000000003
1658109357,ANTUSDT,Buy,58,1.745,PlusTick,9c08d3f7-2a2d-54b9-9172-52c127008018,1.0121e+10,58,101.21000000000001
1658109357,ANTUSDT,Buy,58,1.745,ZeroMinusTick,6daa5a84-eee4-58b3-90f0-831a938f9b9d,1.0121e+10,58,101.21000000000001
1658109357,ANTUSDT,Buy,58,1.745,ZeroMinusTick,1eff7cd9-bf96-5429-81c0-e3a1eed1933e,1.0121e+10,58,101.21000000000001
1658109357,ANTUSDT,Buy,58,1.745,ZeroMinusTick,4ad20d15-7633-56a9-9e55-f8693b658588,1.0121e+10,58,101.21000000000001
1658109357,ANTUSDT,Buy,58,1.745,ZeroMinusTick,8ed46102-9789-568d-a28c-be717561810c,1.0121e+10,58,101.21000000000001
1658109357,ANTUSDT,Buy,38.8,1.745,ZeroMinusTick,615890ac-1d7e-59f6-86dd-06848b1f789a,6.7706e+09,38.8,67.706
1658109368,ANTUSDT,Sell,110,1.745,ZeroMinusTick,efa59358-4a19-5b1c-840f-348116c1b64e,1.9195e+10,110,191.95000000000002
1658109368,ANTUSDT,Sell,218.8,1.745,ZeroMinusTick,cdc93dfc-6968-5262-8032-2b3143623097,3.818060000000001e+10,218.8,381.80600000000004
1658109380,ANTUSDT,Sell,1.8,1.740,MinusTick,237dec75-1126-5ad5-be6d-1ef062e84d92,3.132e+08,1.8,3.132
1658109390,ANTUSDT,Sell,73,1.745,PlusTick,fdc25024-c21f-5df3-839f-bdf0e2960311,1.27385e+10,73,127.385
1658109390,ANTUSDT,Sell,49,1.745,ZeroMinusTick,014af112-24b3-5da7-88df-b31af83b17ff,8.550500000000001e+09,49,85.50500000000001
1658109391,ANTUSDT,Sell,58,1.745,ZeroMinusTick,0a5bf5f0-5209-5f26-b089-fe6b16b50e87,1.0121e+10,58,101.21000000000001
1658109488,ANTUSDT,Sell,30,1.745,ZeroMinusTick,c25975a7-8df0-5c3c-89fc-8179c54fb46f,5.235e+09,30,52.35
1658109490,ANTUSDT,Sell,59.2,1.745,ZeroMinusTick,98f4a39b-19c8-5ccc-8987-6a64f90cc42a,1.0330400000000002e+10,59.2,103.30400000000002
1658109560,ANTUSDT,Sell,1.9,1.740,MinusTick,93bb6c72-f90f-5c8f-9fd1-d00a9ccf6fcb,3.306e+08,1.9,3.306
1658109683,ANTUSDT,Buy,0.6,1.750,PlusTick,9fcad3d0-e042-59c4-8c70-826bde0d6330,1.05e+08,0.6,1.05
1658109683,ANTUSDT,Buy,3.5,1.750,ZeroMinusTick,0c4f944a-5712-5e7c-a4f8-97273d86d8d3,6.125e+08,3.5,6.125
1658109700,ANTUSDT,Buy,2,1.750,ZeroMinusTick,50aa083c-229f-5fcd-9701-72be4702a623,3.5e+08,2,3.5
1658109810,ANTUSDT,Buy,1.9,1.750,ZeroMinusTick,e2b8ad99-d9c0-585b-8db2-67e86194054d,3.325e+08,1.9,3.3249999999999997
1658109846,ANTUSDT,Buy,58,1.750,ZeroMinusTick,47ffa629-ae70-51d2-ac1b-26915a0196ad,1.015e+10,58,101.5
1658109846,ANTUSDT,Buy,58,1.750,ZeroMinusTick,7eaf1b1f-9098-5338-b516-2a7720707163,1.015e+10,58,101.5
1658109846,ANTUSDT,Buy,58,1.750,ZeroMinusTick,d3fe2e60-606a-50a9-943e-0b7b7ce7be52,1.015e+10,58,101.5
1658109846,ANTUSDT,Buy,58,1.750,ZeroMinusTick,391c2b9d-428d-55fb-b90a-755d19684331,1.015e+10,58,101.5
1658109846,ANTUSDT,Buy,58,1.750,ZeroMinusTick,d8182bee-ea0a-5e92-8abb-c3682176d3c7,1.015e+10,58,101.5
1658109846,ANTUSDT,Buy,36.9,1.750,ZeroMinusTick,d915dc7b-e4d2-5fb9-ab13-a0932adf279b,6.4575e+09,36.9,64.575
1658109873,ANTUSDT,Sell,328.8,1.750,ZeroMinusTick,6949fea0-f19f-540d-8986-d0a267d32260,5.754e+10,328.8,575.4
1658109873,ANTUSDT,Sell,0.2,1.750,ZeroMinusTick,6ac22e89-068c-568b-8154-a4e6c44f43f5,3.5e+07,0.2,0.35000000000000003
1658109873,ANTUSDT,Sell,110,1.750,ZeroMinusTick,6be6204f-6de2-5717-b414-3334834ea536,1.925e+10,110,192.5
1658109874,ANTUSDT,Sell,110,1.750,ZeroMinusTick,2549dcf2-df9b-5d09-a639-aad019503c16,1.925e+10,110,192.5
1658110000,ANTUSDT,Sell,0.7,1.745,MinusTick,3848ec4d-a855-5034-9488-26fa37f5e141,1.2215e+08,0.7,1.2215
1658110090,ANTUSDT,Buy,1.2,1.750,PlusTick,3a1b4d62-75a9-5272-8021-f6afc7b26741,2.1e+08,1.2,2.1
1658110139,ANTUSDT,Buy,0.2,1.755,PlusTick,262e595c-0dd8-5f54-aca2-12c8864cc880,3.51e+07,0.2,0.351
1658110214,ANTUSDT,Buy,7.9,1.750,MinusTick,6965fefa-2c60-5f99-92e1-be90f4948d85,1.3825e+09,7.9,13.825000000000001
1658110290,ANTUSDT,Sell,1.7,1.745,MinusTick,859510f3-5378-5fb5-b12e-be606bc97fe1,2.9665e+08,1.7,2.9665
1658110374,ANTUSDT,Sell,284.1,1.745,ZeroMinusTick,317c0ef6-2f86-5b57-b8c4-d559ed5d6d1b,4.957545000000001e+10,284.1,495.75450000000006
1658110374,ANTUSDT,Sell,0.6,1.745,ZeroMinusTick,e9f672d4-5fe3-58e0-b4f8-54785c311931,1.047e+08,0.6,1.047
1658110374,ANTUSDT,Sell,165.3,1.745,ZeroMinusTick,5b7dc221-89c8-55e5-862d-370f782e62f7,2.8844850000000004e+10,165.3,288.4485
1658110374,ANTUSDT,Sell,284.7,1.745,ZeroMinusTick,7b418e83-a053-5458-b2b2-43245f51862c,4.968015e+10,284.7,496.80150000000003
1658110374,ANTUSDT,Sell,82.8,1.745,ZeroMinusTick,e902d28a-27a9-55c0-89ef-4b184ecb3ae1,1.4448599999999998e+10,82.8,144.486
1658110374,ANTUSDT,Sell,132.5,1.745,ZeroMinusTick,7a31d465-f160-5af4-9254-d05e98ad7bbe,2.312125e+10,132.5,231.2125
1658110374,ANTUSDT,Sell,299.7,1.745,ZeroMinusTick,ce336ea1-f603-5b97-bab0-adae70c075e6,5.229765e+10,299.7,522.9765
1658110374,ANTUSDT,Sell,150.3,1.745,ZeroMinusTick,adaa6e81-e93c-58e2-a807-80e55a0bf222,2.622735e+10,150.3,262.2735
1658110375,ANTUSDT,Sell,457.7,1.745,ZeroMinusTick,2db837f0-1f23-5b87-86bc-c7fd016c1689,7.986865e+10,457.7,798.6865
1658110375,ANTUSDT,Sell,42.3,1.745,ZeroMinusTick,3c3d7a8a-bfbc-56f4-9564-a54856ca10e9,7.381350000000001e+09,42.3,73.8135
1658110390,ANTUSDT,Sell,0.1,1.745,ZeroMinusTick,13881856-4b32-5a85-86d1-00f084e127da,1.745e+07,0.1,0.17450000000000002
1658110436,ANTUSDT,Sell,25,1.745,ZeroMinusTick,12ebe923-9d87-563c-8f27-194d29664199,4.3625e+09,25,43.625
1658110436,ANTUSDT,Sell,25,1.745,ZeroMinusTick,32374e36-00e1-58a2-9fd2-c1bf8ef3e876,4.3625e+09,25,43.625
1658110441,ANTUSDT,Sell,25,1.745,ZeroMinusTick,cdf727d9-59b2-53d4-9c55-42658603656c,4.3625e+09,25,43.625
1658110441,ANTUSDT,Sell,25,1.745,ZeroMinusTick,c2d0fc6f-893e-5bea-af65-b9b853078dc5,4.3625e+09,25,43.625
1658110441,ANTUSDT,Sell,71,1.745,ZeroMinusTick,442da969-7a50-522f-9c7f-55f601ea31d0,1.2389500000000002e+10,71,123.89500000000001
1658110460,ANTUSDT,Buy,0.3,1.745,ZeroMinusTick,10e53f51-6885-5bd0-a9c6-7b242ff965e1,5.235e+07,0.3,0.5235
1658110479,ANTUSDT,Buy,0.3,1.745,ZeroMinusTick,81ece137-11a2-5a8f-a348-4f7eaf1bb252,5.235e+07,0.3,0.5235
1658110511,ANTUSDT,Buy,58,1.745,ZeroMinusTick,c286d1e0-791f-5877-b1d8-922571088515,1.0121e+10,58,101.21000000000001
1658110511,ANTUSDT,Buy,58,1.745,ZeroMinusTick,e1825240-5d03-5cb0-a9b8-e8888b63f4b7,1.0121e+10,58,101.21000000000001
1658110512,ANTUSDT,Buy,58,1.745,ZeroMinusTick,a90136eb-ba97-5926-a2b8-8e3dbc36002e,1.0121e+10,58,101.21000000000001
1658110512,ANTUSDT,Buy,58,1.745,ZeroMinusTick,5ee4bed8-e5f3-5176-bf7a-dd17954515e3,1.0121e+10,58,101.21000000000001
1658110512,ANTUSDT,Buy,58,1.745,ZeroMinusTick,07c70858-6068-5f73-928d-fb927b7db86c,1.0121e+10,58,101.21000000000001
1658110512,ANTUSDT,Buy,38.5,1.745,ZeroMinusTick,1f6de249-780f-5978-84eb-254a2a008a69,6.71825e+09,38.5,67.1825
1658110550,ANTUSDT,Sell,0.1,1.745,ZeroMinusTick,c9b43e16-6546-5a2b-a2a6-4a0210acf723,1.745e+07,0.1,0.17450000000000002
1658110618,ANTUSDT,Sell,150,1.745,ZeroMinusTick,de534209-912f-52ac-8b7e-23f96fef63a7,2.6175e+10,150,261.75
1658110618,ANTUSDT,Sell,328.8,1.745,ZeroMinusTick,7a112845-97ad-5712-8c9a-78341f4c8899,5.737560000000001e+10,328.8,573.7560000000001
1658110618,ANTUSDT,Sell,147.2,1.745,ZeroMinusTick,b2c777cd-e418-5eff-8172-fef08103f4d5,2.5686399999999996e+10,147.2,256.864
1658110620,ANTUSDT,Sell,1.6,1.740,MinusTick,04d30c62-4fed-5356-8b36-aac58ac4e59a,2.784e+08,1.6,2.7840000000000003
1658110626,ANTUSDT,Buy,58,1.745,PlusTick,282c4dcb-0bf3-5001-8325-0cb3679d6165,1.0121e+10,58,101.21000000000001
1658110626,ANTUSDT,Buy,58,1.745,ZeroMinusTick,fb289299-6cd0-53b7-b3b6-96c554ad4be7,1.0121e+10,58,101.21000000000001
1658110626,ANTUSDT,Buy,58,1.745,ZeroMinusTick,14e19fbd-ac34-5a02-8719-e5941c80c07b,1.0121e+10,58,101.21000000000001
1658110626,ANTUSDT,Buy,58,1.745,ZeroMinusTick,ffbdd03e-4113-54d7-9e81-75e84989a3ea,1.0121e+10,58,101.21000000000001
1658110626,ANTUSDT,Buy,58,1.745,ZeroMinusTick,d2bc0c9e-b830-5432-a6f2-c79b47ce7b08,1.0121e+10,58,101.21000000000001
1658110626,ANTUSDT,Buy,3.3,1.745,ZeroMinusTick,ad1518e2-2a39-5e74-af6c-3d7d049feac4,5.7585e+08,3.3,5.7585
1658110626,ANTUSDT,Buy,6.4,1.745,ZeroMinusTick,2b391d2e-74a4-5c5b-b05e-52b610e4e4ee,1.1168e+09,6.4,11.168000000000001
1658110698,ANTUSDT,Buy,29.1,1.745,ZeroMinusTick,6b93a1f0-9ed8-5a06-85b2-ab6f91f74653,5.077950000000001e+09,29.1,50.779500000000006
1658110790,ANTUSDT,Sell,0.1,1.745,ZeroMinusTick,5503b386-efaa-5613-8e73-0cf05f1df249,1.745e+07,0.1,0.17450000000000002
1658110850,ANTUSDT,Sell,0.1,1.745,ZeroMinusTick,790ae191-bd24-5900-ba9e-b2a29358916e,1.745e+07,0.1,0.17450000000000002
1658110881,ANTUSDT,Sell,48,1.745,ZeroMinusTick,3d863b8e-03ba-5cb3-9f2e-09632a6e8a16,8.376000000000001e+09,48,83.76
1658110881,ANTUSDT,Sell,151,1.745,ZeroMinusTick,45643d5d-644f-578b-92cc-15ae96e33c6a,2.63495e+10,151,263.495
1658110884,ANTUSDT,Sell,64,1.745,ZeroMinusTick,f78724a0-7772-5269-bb06-51b09147aef4,1.1168e+10,64,111.68
1658110885,ANTUSDT,Sell,48,1.745,ZeroMinusTick,c073d860-cc9c-5718-95d0-236affb73595,8.376000000000001e+09,48,83.76
1658110885,ANTUSDT,Sell,145,1.745,ZeroMinusTick,1df191db-67d6-585e-bb02-375956c1cfd6,2.53025e+10,145,253.025
1658110885,ANTUSDT,Sell,48,1.745,ZeroMinusTick,512f2e86-677c-54bc-b9d1-b4d2d8c6ff01,8.376000000000001e+09,48,83.76
1658110885,ANTUSDT,Sell,23.8,1.745,ZeroMinusTick,260a1275-8101-5243-b630-b23275797d62,4.1531000000000005e+09,23.8,41.531000000000006
1658110919,ANTUSDT,Buy,57,1.745,ZeroMinusTick,09fa93e6-e5e3-5a5a-964f-267ad3b98542,9.9465e+09,57,99.465
1658110919,ANTUSDT,Buy,450,1.745,ZeroMinusTick,475c4e09-a987-538c-b976-775552f8aeea,7.8525e+10,450,785.25
1658110940,ANTUSDT,Sell,0.2,1.740,MinusTick,467a51a6-6742-564b-a97a-03f3e8c9a70a,3.48e+07,0.2,0.34800000000000003
1658110940,ANTUSDT,Sell,0.2,1.740,ZeroMinusTick,222fdb79-a727-5e72-8f3b-d12a91dec5f6,3.48e+07,0.2,0.34800000000000003
1658111070,ANTUSDT,Sell,1,1.740,ZeroMinusTick,3649f492-8eb8-5d5f-b367-d966a99bdb4d,1.74e+08,1,1.74
1658111160,ANTUSDT,Buy,1.2,1.745,PlusTick,465ffdcc-e265-5a1d-9a58-8951cf75f166,2.094e+08,1.2,2.094
1658111211,ANTUSDT,Sell,25,1.740,MinusTick,a77a7230-007d-5279-ac7f-3a9ab8837e18,4.35e+09,25,43.5
1658111211,ANTUSDT,Sell,25,1.740,ZeroMinusTick,2e535546-5c77-5e5a-8bab-98fc410814bb,4.35e+09,25,43.5
1658111290,ANTUSDT,Buy,1.7,1.745,PlusTick,4783f56b-2273-57bd-b80b-d9fb30ae7ac3,2.9665e+08,1.7,2.9665
1658111370,ANTUSDT,Buy,1.3,1.745,ZeroMinusTick,54fd0245-e3c2-5d6a-8df7-a0cd297039b2,2.2685000000000003e+08,1.3,2.2685000000000004
1658111392,ANTUSDT,Sell,207,1.740,MinusTick,fdd77c71-8144-526e-9522-55928905615f,3.6018e+10,207,360.18
1658111413,ANTUSDT,Buy,58,1.740,ZeroMinusTick,09ae931e-6377-5352-bcda-36f7fbea706e,1.0092e+10,58,100.92
1658111413,ANTUSDT,Buy,58,1.740,ZeroMinusTick,b53efa82-c7a1-5f41-8802-9bed6b65d769,1.0092e+10,58,100.92
1658111413,ANTUSDT,Buy,58,1.740,ZeroMinusTick,ac8c8d3b-5c41-5366-af3a-fc087e1eab78,1.0092e+10,58,100.92
1658111413,ANTUSDT,Buy,0.1,1.740,ZeroMinusTick,934a81c8-4160-5405-ac67-3060ffe4a4a6,1.74e+07,0.1,0.17400000000000002
1658111413,ANTUSDT,Buy,58,1.740,ZeroMinusTick,754d7cb1-4cd3-5f03-a3e9-7ae4b08958bc,1.0092e+10,58,100.92
1658111413,ANTUSDT,Buy,96.7,1.740,ZeroMinusTick,88750d0e-bf22-5fe1-8a3f-4db4d4cd8839,1.6825800000000002e+10,96.7,168.258
1658111440,ANTUSDT,Buy,0.1,1.745,PlusTick,ad754071-3fae-515d-b6bf-2c87e2d004bf,1.745e+07,0.1,0.17450000000000002
1658111560,ANTUSDT,Sell,2,1.740,MinusTick,f2714a13-ef58-5831-941d-544dbe094e22,3.48e+08,2,3.48
1658111646,ANTUSDT,Sell,110,1.740,ZeroMinusTick,db54c5a7-a363-519b-9627-c4699d6bc527,1.914e+10,110,191.4
1658111656,ANTUSDT,Buy,10,1.740,ZeroMinusTick,b58449c3-f3fb-5265-a6c1-8d12a3afaeb6,1.7399999999999998e+09,10,17.4
1658111710,ANTUSDT,Buy,0.9,1.740,ZeroMinusTick,464f84f4-8400-5a1a-8e51-6e59584ccd24,1.566e+08,0.9,1.566
1658111738,ANTUSDT,Sell,0.1,1.740,ZeroMinusTick,ccde3c9a-4eaf-55b5-a493-ded6da479853,1.74e+07,0.1,0.17400000000000002
1658111738,ANTUSDT,Sell,328.7,1.740,ZeroMinusTick,2406935b-1646-5823-a1fb-ced1346dba6c,5.71938e+10,328.7,571.938
1658111783,ANTUSDT,Buy,3.1,1.740,ZeroMinusTick,03fa5c37-648b-5828-bddb-1e17f38694bb,5.394e+08,3.1,5.394
1658111783,ANTUSDT,Buy,6.2,1.740,ZeroMinusTick,fa6cda7d-7a1a-5540-a1f0-16e4a9ed67e3,1.0788e+09,6.2,10.788
1658111783,ANTUSDT,Buy,6.2,1.740,ZeroMinusTick,5083f22d-cd07-5991-bbb9-fa747f13c5f5,1.0788e+09,6.2,10.788
1658111783,ANTUSDT,Buy,6.2,1.740,ZeroMinusTick,36984d3b-8b42-5711-8e3e-428af4d7bfb7,1.0788e+09,6.2,10.788
1658111783,ANTUSDT,Buy,3.1,1.740,ZeroMinusTick,d7d491a4-6f1a-580a-9c3b-e72872412a91,5.394e+08,3.1,5.394
1658111784,ANTUSDT,Buy,58,1.740,ZeroMinusTick,3ff1b5c0-78f9-518c-9901-901486e71dee,1.0092e+10,58,100.92
1658111784,ANTUSDT,Buy,58,1.740,ZeroMinusTick,9b9ed951-28e8-5385-850e-5d4eed5fb784,1.0092e+10,58,100.92
1658111784,ANTUSDT,Buy,58,1.740,ZeroMinusTick,21664f28-6781-54ec-b3da-87d07d67d88b,1.0092e+10,58,100.92
1658111784,ANTUSDT,Buy,58,1.740,ZeroMinusTick,62ae8109-85a4-50c7-8b77-78c45f65949e,1.0092e+10,58,100.92
1658111784,ANTUSDT,Buy,58,1.740,ZeroMinusTick,9e51325d-97b6-57af-a914-07f3bb35a159,1.0092e+10,58,100.92
1658111784,ANTUSDT,Buy,14,1.740,ZeroMinusTick,3fd65cba-33cf-5b05-ad3e-2e9bd9041ead,2.436e+09,14,24.36
1658111868,ANTUSDT,Sell,327.7,1.740,ZeroMinusTick,0a4e424b-5f52-5c23-8c21-88738c77faf1,5.70198e+10,327.7,570.198
1658111868,ANTUSDT,Sell,1.1,1.740,ZeroMinusTick,575d9244-f752-5f45-8586-5be4c608b34f,1.914e+08,1.1,1.9140000000000001
1658111900,ANTUSDT,Sell,0.5,1.735,MinusTick,381fede9-714b-55dc-99b2-bc84745a0336,8.675e+07,0.5,0.8675
1658112100,ANTUSDT,Sell,0.1,1.740,PlusTick,b71516c9-3cf5-53a7-a082-c4ca50d37327,1.74e+07,0.1,0.17400000000000002
1658112200,ANTUSDT,Buy,58,1.745,PlusTick,58e8054a-d78d-5a35-a999-dffcffc771c9,1.0121e+10,58,101.21000000000001
1658112200,ANTUSDT,Buy,58,1.745,ZeroMinusTick,99a66f4d-2369-5fbb-ad4c-67f83d29fcbc,1.0121e+10,58,101.21000000000001
1658112200,ANTUSDT,Buy,58,1.745,ZeroMinusTick,273a80f3-3b36-5fdd-b197-de7513114476,1.0121e+10,58,101.21000000000001
1658112200,ANTUSDT,Buy,58,1.745,ZeroMinusTick,029bac3b-c6ce-527d-b574-a664e7d7f7aa,1.0121e+10,58,101.21000000000001
1658112200,ANTUSDT,Buy,58,1.745,ZeroMinusTick,f5b04d47-9eb1-587b-aa65-86463ab6b0c9,1.0121e+10,58,101.21000000000001
1658112200,ANTUSDT,Buy,38.8,1.745,ZeroMinusTick,87438f0c-7ce1-5916-9b92-0cbf919d5d7b,6.7706e+09,38.8,67.706
1658112209,ANTUSDT,Sell,24,1.750,PlusTick,b8322978-a371-5d30-a083-06b32193af8d,4.2e+09,24,42
1658112209,ANTUSDT,Sell,24,1.750,ZeroMinusTick,36bc7189-8252-5767-86e4-0d1d70f47e7f,4.2e+09,24,42
1658112209,ANTUSDT,Sell,73,1.750,ZeroMinusTick,a38a4126-bc40-59e1-831e-06d9c9f6f7ea,1.2775e+10,73,127.75
1658112210,ANTUSDT,Sell,48,1.750,ZeroMinusTick,e7141371-b6a5-5894-b447-fd1e064af248,8.4e+09,48,84
1658112211,ANTUSDT,Sell,159.8,1.750,ZeroMinusTick,c1169242-e0c6-5d83-af99-26b735887141,2.7965000000000004e+10,159.8,279.65000000000003
1658112211,ANTUSDT,Sell,169.2,1.750,ZeroMinusTick,5ff53b55-ad5d-5182-95be-cf7636a315be,2.9609999999999996e+10,169.2,296.09999999999997
1658112250,ANTUSDT,Sell,1.6,1.745,MinusTick,1e467fd0-c771-5cc7-9a20-005688d5a3f6,2.792e+08,1.6,2.7920000000000003
1658112313,ANTUSDT,Buy,328.7,1.750,PlusTick,bd379bf6-824a-5c78-a2f3-415563069f18,5.75225e+10,328.7,575.225
1658112313,ANTUSDT,Buy,0.1,1.750,ZeroMinusTick,f0ca662c-93e8-5984-9d37-e04107e97a61,1.75e+07,0.1,0.17500000000000002
1658112340,ANTUSDT,Sell,0.6,1.750,ZeroMinusTick,a13e66be-57bb-5b44-bdf5-c77003e3b442,1.05e+08,0.6,1.05
1658112351,ANTUSDT,Buy,0.2,1.755,PlusTick,682e36f6-99bf-59b7-b3e7-bc5e1148d594,3.51e+07,0.2,0.351
1658112360,ANTUSDT,Sell,0.1,1.755,ZeroMinusTick,838bc563-567a-5fd7-9f17-94ff524bfdad,1.755e+07,0.1,0.1755
1658112395,ANTUSDT,Sell,150,1.755,ZeroMinusTick,6911e80f-f085-54f1-974c-a8173d33e771,2.6325e+10,150,263.25
1658112395,ANTUSDT,Sell,150,1.755,ZeroMinusTick,dbe94a06-284f-5af5-ab1e-74a369316fba,2.6325e+10,150,263.25
1658112441,ANTUSDT,Sell,40,1.755,ZeroMinusTick,86855dad-6b52-5a56-8bb0-2d9d946330c5,7.019999999999999e+09,40,70.19999999999999
1658112441,ANTUSDT,Sell,110,1.755,ZeroMinusTick,52cac2d9-d8c1-5a7f-817d-fda8445cbe8a,1.9305e+10,110,193.04999999999998
1658112441,ANTUSDT,Sell,178.8,1.755,ZeroMinusTick,9e94cc01-f492-52ef-9c26-2e985c6843d8,3.13794e+10,178.8,313.794
1658112464,ANTUSDT,Buy,57,1.755,ZeroMinusTick,0148af23-51d0-5036-a5b9-d4d7ad74e2dc,1.00035e+10,57,100.035
1658112464,ANTUSDT,Buy,57,1.755,ZeroMinusTick,8a5f5b90-32f0-563a-98e1-cf37c1c3ef6f,1.00035e+10,57,100.035
1658112464,ANTUSDT,Buy,57,1.755,ZeroMinusTick,567edb23-75e2-595d-9003-c5157b3dee20,1.00035e+10,57,100.035
1658112464,ANTUSDT,Buy,57,1.755,ZeroMinusTick,31f164be-0d88-5fb4-9fa1-52218b2e8b8c,1.00035e+10,57,100.035
1658112464,ANTUSDT,Buy,57,1.755,ZeroMinusTick,d7f8ed02-0f9a-59e1-a817-3f76c8d69575,1.00035e+10,57,100.035
1658112464,ANTUSDT,Buy,57,1.755,ZeroMinusTick,8f7af18f-930b-51b9-b696-184f776dcf74,1.00035e+10,57,100.035
1658112464,ANTUSDT,Buy,43.8,1.755,ZeroMinusTick,7d12db5d-d295-5503-a6e2-a8e494af063b,7.686899999999998e+09,43.8,76.86899999999999
1658112534,ANTUSDT,Buy,57,1.750,MinusTick,b93a5dab-adf7-5a7f-84ac-24edac9cc091,9.975e+09,57,99.75
1658112534,ANTUSDT,Buy,57,1.750,ZeroMinusTick,b8dd4af1-684c-5be4-832a-07f6593f49c5,9.975e+09,57,99.75
1658112534,ANTUSDT,Buy,57,1.750,ZeroMinusTick,447dab81-fba9-51b7-80a9-15a8229bcc2b,9.975e+09,57,99.75
1658112534,ANTUSDT,Buy,57,1.750,ZeroMinusTick,f4c405b2-4abc-5fc1-96a0-2c782b146c38,9.975e+09,57,99.75
1658112534,ANTUSDT,Buy,33.9,1.750,ZeroMinusTick,66cde89a-f236-59b4-b112-c6338907bdb8,5.9325e+09,33.9,59.324999999999996
1658112560,ANTUSDT,Buy,0.3,1.755,PlusTick,1d2aef4a-06f6-56e3-bcd5-176f5a20b538,5.265e+07,0.3,0.5265
1658112615,ANTUSDT,Sell,5.6,1.750,MinusTick,b0488a0e-1c5e-5e0d-bf20-135895081dd5,9.799999999999999e+08,5.6,9.799999999999999
1658112670,ANTUSDT,Sell,1.2,1.750,ZeroMinusTick,e1f27573-749c-5a80-b762-5d39a4688e72,2.1e+08,1.2,2.1
1658112746,ANTUSDT,Sell,328.8,1.755,PlusTick,1d08abfd-001f-528f-954d-fc0e3fe780bf,5.77044e+10,328.8,577.044
1658112800,ANTUSDT,Sell,262.3,1.755,ZeroMinusTick,44b47955-9f77-5f7b-9219-e67a86f3f174,4.603365e+10,262.3,460.3365
1658112814,ANTUSDT,Sell,0.1,1.755,ZeroMinusTick,e9035165-dd2d-5400-b9f4-bac4386adf03,1.755e+07,0.1,0.1755
1658112820,ANTUSDT,Buy,1.7,1.755,ZeroMinusTick,59b1b5c6-ca05-5eeb-8364-c7f358a5f07a,2.9835e+08,1.7,2.9835
1658112823,ANTUSDT,Buy,15.7,1.755,ZeroMinusTick,1a92e086-8e25-5062-b56e-75ffc23b97bc,2.7553499999999995e+09,15.7,27.553499999999996
1658112930,ANTUSDT,Sell,1.3,1.750,MinusTick,2dbc7658-1d0c-5f6d-a041-66aa56b16f47,2.275e+08,1.3,2.275
1658113050,ANTUSDT,Buy,0.7,1.755,PlusTick,77c0eb8e-83a3-591c-ab5f-9049b1a300eb,1.2284999999999999e+08,0.7,1.2285
1658113160,ANTUSDT,Sell,450,1.750,MinusTick,f2a3a254-d832-509c-bfc9-53e418c57cb9,7.875e+10,450,787.5
1658113160,ANTUSDT,Sell,456.3,1.750,ZeroMinusTick,78b59d4e-8cff-5ea8-ab6e-a64067d81313,7.98525e+10,456.3,798.525
1658113160,ANTUSDT,Sell,93.7,1.750,ZeroMinusTick,44163b87-3e50-5700-a814-1da03f3513da,1.63975e+10,93.7,163.975
1658113170,ANTUSDT,Sell,10,1.750,ZeroMinusTick,7bb126cd-10df-54d3-8acc-94ca76751b0c,1.75e+09,10,17.5
1658113200,ANTUSDT,Sell,10,1.750,ZeroMinusTick,87e30050-7610-5630-8a60-14b1b778ff78,1.75e+09,10,17.5
1658113280,ANTUSDT,Sell,0.1,1.750,ZeroMinusTick,fbff2550-c6a3-5cff-b20c-0500232d5d41,1.75e+07,0.1,0.17500000000000002
1658113310,ANTUSDT,Buy,10,1.755,PlusTick,bf42c0d4-235c-5fb1-a722-24ca357de0d6,1.7549999999999998e+09,10,17.549999999999997
1658113510,ANTUSDT,Buy,1,1.760,PlusTick,5c092ef0-be47-5b49-bf6d-51f48f74215e,1.76e+08,1,1.76
1658113510,ANTUSDT,Buy,289.6,1.760,ZeroMinusTick,f38df767-4f8f-5ca1-94fe-b287c399bfe8,5.09696e+10,289.6,509.696
1658113574,ANTUSDT,Buy,12.4,1.760,ZeroMinusTick,636bd8a8-0020-5b5f-ad68-59cac1b19505,2.1824e+09,12.4,21.824
1658113574,ANTUSDT,Buy,57,1.760,ZeroMinusTick,fddbc814-ed35-597a-a8c0-0929af8c4d58,1.0032e+10,57,100.32000000000001
1658113574,ANTUSDT,Buy,57,1.760,ZeroMinusTick,a9e3bd95-fcaf-50c5-b31b-e688384265a5,1.0032e+10,57,100.32000000000001
1658113574,ANTUSDT,Buy,0.1,1.760,ZeroMinusTick,25d00c31-f28c-5e73-9fd0-e9fdefd40026,1.76e+07,0.1,0.17600000000000002
1658113574,ANTUSDT,Buy,57,1.760,ZeroMinusTick,f3867a05-0127-52f5-83a9-ceea2d7afb3d,1.0032e+10,57,100.32000000000001
1658113574,ANTUSDT,Buy,145.3,1.760,ZeroMinusTick,25983928-97ba-5cb3-8f21-d92abd09d526,2.55728e+10,145.3,255.728
1658113620,ANTUSDT,Buy,2,1.765,PlusTick,a1b24aa6-1273-5a41-8091-9019ecd3832c,3.53e+08,2,3.53
1658113682,ANTUSDT,Sell,57,1.765,ZeroMinusTick,8efc7bac-0b34-5a6d-9ae8-9a9cde18ec7d,1.0060499999999998e+10,57,100.60499999999999
1658113683,ANTUSDT,Sell,57,1.765,ZeroMinusTick,0f868030-770d-5e6a-b009-767537c05b5c,1.0060499999999998e+10,57,100.60499999999999
1658113683,ANTUSDT,Sell,57,1.765,ZeroMinusTick,b1cd4622-ffd5-5028-bea8-9d668f483648,1.0060499999999998e+10,57,100.60499999999999
1658113683,ANTUSDT,Sell,57,1.765,ZeroMinusTick,dd2cfcef-c553-5f55-93d4-00a252744825,1.0060499999999998e+10,57,100.60499999999999
1658113683,ANTUSDT,Sell,57,1.765,ZeroMinusTick,ce0486c8-3ec2-54b9-bfe8-09ddca6b671e,1.0060499999999998e+10,57,100.60499999999999
1658113683,ANTUSDT,Sell,43.8,1.765,ZeroMinusTick,e8b36009-0e5d-5fc5-9f3f-ba5a18b000bd,7.730699999999999e+09,43.8,77.30699999999999
1658113730,ANTUSDT,Buy,0.3,1.765,ZeroMinusTick,67850355-e95c-59eb-9cb6-f907a4242aeb,5.295e+07,0.3,0.5295
1658113755,ANTUSDT,Buy,8.8,1.765,ZeroMinusTick,41464bbe-d650-50aa-bdd4-e41c7352007c,1.5532e+09,8.8,15.532
1658113788,ANTUSDT,Sell,35,1.755,MinusTick,74cefdaf-b48c-5b74-a184-6ddb1e145950,6.1425e+09,35,61.425
1658113788,ANTUSDT,Sell,95.7,1.755,ZeroMinusTick,25d5dd54-339b-5e22-a9a8-140ef85a27cf,1.679535e+10,95.7,167.9535
1658113800,ANTUSDT,Sell,0.7,1.755,ZeroMinusTick,ffd11aa0-40cd-5884-b22a-0469e0a97003,1.2284999999999999e+08,0.7,1.2285
1658113900,ANTUSDT,Sell,10,1.755,ZeroMinusTick,1921754b-c8a5-5491-90bc-9b50f09631f9,1.7549999999999998e+09,10,17.549999999999997
1658114120,ANTUSDT,Buy,0.6,1.755,ZeroMinusTick,bf10c963-9d83-578c-bf5c-f01bfa6f203b,1.053e+08,0.6,1.053
1658114310,ANTUSDT,Buy,1.6,1.755,ZeroMinusTick,89aa3123-f5fa-5831-9783-8cf5cbd5dd7e,2.808e+08,1.6,2.808
1658114349,ANTUSDT,Buy,21,1.755,ZeroMinusTick,457d95d0-10b8-53ae-a51d-5bb8a5cbb47e,3.6854999999999995e+09,21,36.855
1658114354,ANTUSDT,Buy,0.1,1.755,ZeroMinusTick,fb45e2ea-4781-5be0-8c6c-70809319b678,1.755e+07,0.1,0.1755
1658114354,ANTUSDT,Buy,234.3,1.755,ZeroMinusTick,e7308994-c2c5-5fcd-b3d0-aa481d2cb1e4,4.111965e+10,234.3,411.1965
1658114354,ANTUSDT,Buy,57,1.755,ZeroMinusTick,1c19be45-a755-574c-8030-4d8d8a1536e0,1.00035e+10,57,100.035
1658114354,ANTUSDT,Buy,14.2,1.755,ZeroMinusTick,cc37c2ad-e765-5a7f-9eb5-5a2c45bbcd6b,2.4920999999999995e+09,14.2,24.920999999999996
1658114354,ANTUSDT,Buy,41,1.760,PlusTick,3e85b221-4470-56af-89b9-e00560e710d5,7.216e+09,41,72.16
1658114404,ANTUSDT,Buy,0.2,1.770,PlusTick,ef1a88ae-fdbf-5bf1-a961-a4507435a097,3.54e+07,0.2,0.35400000000000004
1658114404,ANTUSDT,Buy,0.1,1.770,ZeroMinusTick,03230f3e-bb54-5a56-b468-6dc784cea83f,1.77e+07,0.1,0.17700000000000002
1658114404,ANTUSDT,Buy,126,1.770,ZeroMinusTick,37f7eac4-7663-5fcd-ad20-7d5ea87d35a2,2.2302e+10,126,223.02
1658114404,ANTUSDT,Buy,0.7,1.770,ZeroMinusTick,ff0cda96-aabd-52c7-9903-c448e8f4952e,1.2389999999999999e+08,0.7,1.2389999999999999
1658114421,ANTUSDT,Sell,126.3,1.765,MinusTick,d4c2f241-9585-5cf0-9447-498503d60fa1,2.2291949999999996e+10,126.3,222.91949999999997
1658114430,ANTUSDT,Buy,1.3,1.770,PlusTick,a3ed88d5-e219-541f-9acf-16ff8d7bc0ff,2.3010000000000003e+08,1.3,2.301
1658114443,ANTUSDT,Buy,137.3,1.770,ZeroMinusTick,6cc1ee5b-20dd-536d-a840-bd1205dab9b5,2.43021e+10,137.3,243.02100000000002
1658114461,ANTUSDT,Sell,41,1.765,MinusTick,fced78ef-1de9-5901-a535-cd2584f2c4f0,7.236499999999999e+09,41,72.365
1658114461,ANTUSDT,Sell,110,1.765,ZeroMinusTick,8c747510-6ef7-5f1b-8262-8fa4c719fe53,1.9414999999999996e+10,110,194.14999999999998
1658114630,ANTUSDT,Buy,10,1.770,PlusTick,b1fd9974-60c4-5208-94af-42b02b59d7cd,1.77e+09,10,17.7
1658114676,ANTUSDT,Sell,110,1.765,MinusTick,88a38217-3b09-5be5-ae62-cfda3d4c8581,1.9414999999999996e+10,110,194.14999999999998
1658114726,ANTUSDT,Buy,57,1.765,ZeroMinusTick,b5ccae9c-3011-5ebc-8192-703f48b1108d,1.0060499999999998e+10,57,100.60499999999999
1658114726,ANTUSDT,Buy,57,1.765,ZeroMinusTick,67ce3158-e2aa-558d-8af0-2dba9305ac32,1.0060499999999998e+10,57,100.60499999999999
1658114726,ANTUSDT,Buy,57,1.765,ZeroMinusTick,8aa13b7a-c9cf-5035-93a8-d5c5fc016652,1.0060499999999998e+10,57,100.60499999999999
1658114726,ANTUSDT,Buy,57,1.765,ZeroMinusTick,e263396c-437e-541d-83ff-5843675e0606,1.0060499999999998e+10,57,100.60499999999999
1658114726,ANTUSDT,Buy,57,1.765,ZeroMinusTick,2e6504da-9235-5108-8168-71e85798771c,1.0060499999999998e+10,57,100.60499999999999
1658114726,ANTUSDT,Buy,43.8,1.765,ZeroMinusTick,45818cc5-fd9f-57f4-92d6-1d2622833c2c,7.730699999999999e+09,43.8,77.30699999999999
1658114790,ANTUSDT,Sell,0.4,1.765,ZeroMinusTick,6d41f76d-6f1d-57f1-8761-09ef16b47780,7.06e+07,0.4,0.706
1658114865,ANTUSDT,Sell,19,1.765,ZeroMinusTick,f01acef5-5af9-5c46-9577-459acff583b0,3.3534999999999995e+09,19,33.535
1658114865,ANTUSDT,Sell,58,1.765,ZeroMinusTick,40efd5fa-b4e7-5433-abb1-00f538575ff4,1.0236999999999998e+10,58,102.36999999999999
1658114865,ANTUSDT,Sell,7,1.765,ZeroMinusTick,2519b7b2-65c9-5f2e-af64-21aa6b35bee9,1.2354999999999998e+09,7,12.354999999999999
1658114866,ANTUSDT,Sell,96,1.765,ZeroMinusTick,b24fcda1-3a32-584f-9515-a8f48ad38504,1.6944e+10,96,169.44
1658114866,ANTUSDT,Sell,96,1.765,ZeroMinusTick,cb102978-ec7a-5eb0-9522-a400a97ab2f6,1.6944e+10,96,169.44
1658114867,ANTUSDT,Sell,12.9,1.765,ZeroMinusTick,b10b3cb6-d043-57dd-bc71-5d5d51c847c6,2.27685e+09,12.9,22.7685
1658114910,ANTUSDT,Sell,0.6,1.760,MinusTick,990fbbbe-9826-5e07-9096-06425d404e32,1.056e+08,0.6,1.056
1658114910,ANTUSDT,Sell,1.1,1.760,ZeroMinusTick,b6ae4d5d-d7e2-5814-84f9-1141fc6f4af7,1.9360000000000003e+08,1.1,1.9360000000000002
1658114943,ANTUSDT,Buy,57,1.765,PlusTick,74bd5d48-acff-5878-adfd-bff3a2cfc4d6,1.0060499999999998e+10,57,100.60499999999999
1658114943,ANTUSDT,Buy,57,1.765,ZeroMinusTick,75d52911-1e07-59f2-86e9-379401d58705,1.0060499999999998e+10,57,100.60499999999999
1658114943,ANTUSDT,Buy,57,1.765,ZeroMinusTick,c9a107aa-2192-50f1-8250-63d6a6267512,1.0060499999999998e+10,57,100.60499999999999
1658114943,ANTUSDT,Buy,57,1.765,ZeroMinusTick,4e64fbbd-9544-51ea-ab0e-ad2ea83555cd,1.0060499999999998e+10,57,100.60499999999999
1658114943,ANTUSDT,Buy,57,1.765,ZeroMinusTick,fb3c46f3-ccda-59b5-b3f9-62ec5fc053c7,1.0060499999999998e+10,57,100.60499999999999
1658114943,ANTUSDT,Buy,43.8,1.765,ZeroMinusTick,4d279c0e-12a9-50df-a62b-3a4cbf103760,7.730699999999999e+09,43.8,77.30699999999999
1658115020,ANTUSDT,Sell,2,1.765,ZeroMinusTick,7f9d5b7c-c6c4-5fc3-9713-116f22d6b8cc,3.53e+08,2,3.53
1658115023,ANTUSDT,Buy,10,1.770,PlusTick,eb9c7dd7-4143-5ada-9590-05947278de48,1.77e+09,10,17.7
1658115047,ANTUSDT,Buy,10,1.770,ZeroMinusTick,10db1276-9bc9-542d-8af8-4b78c35d171e,1.77e+09,10,17.7
1658115170,ANTUSDT,Sell,2,1.765,MinusTick,7a452e92-69cf-5448-be70-6d8fe8211f09,3.53e+08,2,3.53
1658115240,ANTUSDT,Sell,1.3,1.765,ZeroMinusTick,7aad4421-363b-526c-b0fa-3361f274a638,2.2944999999999997e+08,1.3,2.2944999999999998
1658115282,ANTUSDT,Sell,9.5,1.765,ZeroMinusTick,55754b16-0f6f-5e42-933c-a23caed260b7,1.6767499999999998e+09,9.5,16.7675
1658115283,ANTUSDT,Sell,150,1.765,ZeroMinusTick,34ac7406-ef95-5086-bf87-3a951d046b68,2.6475e+10,150,264.75
1658115283,ANTUSDT,Sell,164,1.765,ZeroMinusTick,f2be8e7c-cb0b-5637-b98f-5769b86ded2e,2.8945999999999996e+10,164,289.46
1658115283,ANTUSDT,Buy,19,1.765,ZeroMinusTick,d16d29a3-ecb6-5198-aad4-31f842542447,3.3534999999999995e+09,19,33.535
1658115353,ANTUSDT,Sell,450,1.760,MinusTick,6b12e2c8-9c3e-5ca2-a4d7-941a6e4a735c,7.92e+10,450,792
1658115384,ANTUSDT,Buy,57,1.760,ZeroMinusTick,7fb7eba7-546b-556e-a07e-772550e854bc,1.0032e+10,57,100.32000000000001
1658115384,ANTUSDT,Buy,57,1.760,ZeroMinusTick,5c00bd83-4a9d-5d48-b768-5ad628812f3a,1.0032e+10,57,100.32000000000001
1658115384,ANTUSDT,Buy,57,1.760,ZeroMinusTick,6710298f-d642-51f7-a572-fa6333220a84,1.0032e+10,57,100.32000000000001
1658115384,ANTUSDT,Buy,57,1.760,ZeroMinusTick,91924e43-a4cf-5fc6-80f3-aafe25734dbd,1.0032e+10,57,100.32000000000001
1658115384,ANTUSDT,Buy,57,1.760,ZeroMinusTick,50a86a82-3321-5be7-a50f-1a139e5e0060,1.0032e+10,57,100.32000000000001
1658115384,ANTUSDT,Buy,43.8,1.760,ZeroMinusTick,aa69a737-c39c-5f55-b7c6-8b5c26b6d52b,7.708799999999999e+09,43.8,77.088
1658115416,ANTUSDT,Sell,328.8,1.760,ZeroMinusTick,3e455ca6-19a1-5fd8-bc27-c64985f77fb1,5.78688e+10,328.8,578.688
1658115416,ANTUSDT,Sell,426.2,1.760,ZeroMinusTick,57f5cd73-ea12-53dc-aa95-c7f6aaa1f2c7,7.50112e+10,426.2,750.112
1658115420,ANTUSDT,Sell,10,1.755,MinusTick,5d51660d-4190-5db6-8524-bf6b4f85eb96,1.7549999999999998e+09,10,17.549999999999997
1658115479,ANTUSDT,Sell,8.1,1.755,ZeroMinusTick,614f75e9-33d4-594f-8bf6-928849da92d7,1.4215499999999998e+09,8.1,14.215499999999999
1658115479,ANTUSDT,Sell,0.2,1.755,ZeroMinusTick,584a6ea9-b91a-5a9f-9fc5-420d217c7d77,3.51e+07,0.2,0.351
1658115479,ANTUSDT,Sell,94.6,1.755,ZeroMinusTick,c7d0b0f4-f93b-53a2-9e6d-d1c34b8a8528,1.6602299999999996e+10,94.6,166.02299999999997
1658115510,ANTUSDT,Sell,1.1,1.755,ZeroMinusTick,e1586aa8-4f25-5e3c-9054-78eca20108a3,1.9305e+08,1.1,1.9305
1658115606,ANTUSDT,Sell,48,1.755,ZeroMinusTick,8b5626d8-943b-5d20-9804-3e6026a317c5,8.423999999999999e+09,48,84.24
1658115606,ANTUSDT,Sell,52.8,1.755,ZeroMinusTick,6b3efd0b-2d92-530a-888f-c7a3fc73a5e6,9.266399999999998e+09,52.8,92.66399999999999
1658115640,ANTUSDT,Buy,57,1.755,ZeroMinusTick,4f11a637-fdeb-5406-9c9a-b078ef269c54,1.00035e+10,57,100.035
1658115640,ANTUSDT,Buy,57,1.755,ZeroMinusTick,afa84ae2-6352-51c2-b953-4cf4abda6646,1.00035e+10,57,100.035
1658115640,ANTUSDT,Buy,57,1.755,ZeroMinusTick,189e5b5f-4282-52eb-bf2a-c71c09407a8d,1.00035e+10,57,100.035
1658115640,ANTUSDT,Buy,57,1.755,ZeroMinusTick,42647286-6364-5d6a-aad4-7dcde92e9b01,1.00035e+10,57,100.035
1658115640,ANTUSDT,Buy,57,1.755,ZeroMinusTick,66b22b50-b669-5da1-96b7-6d090acbd54b,1.00035e+10,57,100.035
1658115640,ANTUSDT,Buy,43.8,1.755,ZeroMinusTick,19504f63-b31b-5453-94a8-079fda7cb98c,7.686899999999998e+09,43.8,76.86899999999999
1658115710,ANTUSDT,Sell,1.9,1.755,ZeroMinusTick,7323abf7-5ef0-5f16-8b11-282f4fd324dd,3.3345e+08,1.9,3.3345
1658115900,ANTUSDT,Sell,1.3,1.755,ZeroMinusTick,e336a96f-3fb9-52ec-98f4-f6ee7b93243c,2.2815e+08,1.3,2.2815
1658115980,ANTUSDT,Buy,1.5,1.760,PlusTick,bcd463ac-7292-5a91-8068-5d18226fccba,2.64e+08,1.5,2.64
1658116047,ANTUSDT,Sell,145,1.755,MinusTick,4ec9da42-4880-59a1-a381-d68609871472,2.54475e+10,145,254.475
1658116050,ANTUSDT,Sell,32,1.755,ZeroMinusTick,bc3ce5e3-a5b8-5fd4-b0f7-37eba2628ea5,5.616e+09,32,56.16
1658116050,ANTUSDT,Sell,65,1.755,ZeroMinusTick,5f8f585f-663d-58fc-91e2-bc0a7bdc58b7,1.1407499999999998e+10,65,114.07499999999999
1658116053,ANTUSDT,Sell,48,1.755,ZeroMinusTick,591eec9c-1ae1-59ce-94fb-9c80bb0fc049,8.423999999999999e+09,48,84.24
1658116080,ANTUSDT,Sell,0.6,1.755,ZeroMinusTick,801e2d75-d07f-548e-8c57-e4d2e088e1f3,1.053e+08,0.6,1.053
1658116172,ANTUSDT,Sell,35,1.755,ZeroMinusTick,2f40da25-b47c-5240-af80-89b181468885,6.1425e+09,35,61.425
1658116215,ANTUSDT,Sell,46.4,1.755,ZeroMinusTick,57210539-1f74-5174-b058-d20fc0203fec,8.143199999999999e+09,46.4,81.43199999999999
1658116215,ANTUSDT,Sell,22.8,1.755,ZeroMinusTick,24b17b40-cbc2-54e3-a042-7a264c3cecd3,4.0013999999999995e+09,22.8,40.013999999999996
1658116250,ANTUSDT,Buy,0.4,1.760,PlusTick,5a3a4ac8-30aa-55c2-8770-a4d69a99f8fe,7.04e+07,0.4,0.7040000000000001
1658116330,ANTUSDT,Sell,1.3,1.755,MinusTick,9adba85c-88d6-5ea3-86eb-a200787ec5bb,2.2815e+08,1.3,2.2815
1658116463,ANTUSDT,Buy,57,1.755,ZeroMinusTick,87686672-5cd7-556b-a8d2-ea4c90062c01,1.00035e+10,57,100.035
1658116463,ANTUSDT,Buy,57,1.755,ZeroMinusTick,a59b0abb-6530-5ebc-9b9e-c4febbce0a81,1.00035e+10,57,100.035
1658116463,ANTUSDT,Buy,214.8,1.755,ZeroMinusTick,f2ca1f2b-baa4-5270-8cce-75c8e61b00dd,3.76974e+10,214.8,376.974
1658116510,ANTUSDT,Buy,1.7,1.760,PlusTick,3e16a335-66e1-5b4d-bda0-bb9b4471a5f3,2.992e+08,1.7,2.992
1658116600,ANTUSDT,Buy,1.1,1.760,ZeroMinusTick,eaad0003-875e-5093-9a12-0285b7a5546f,1.9360000000000003e+08,1.1,1.9360000000000002
1658116780,ANTUSDT,Sell,1.6,1.755,MinusTick,88c643f3-c035-5268-b734-2c13a57c6234,2.808e+08,1.6,2.808
1658116789,ANTUSDT,Sell,60,1.755,ZeroMinusTick,11bb5135-14ff-5ee7-a0db-382553428b36,1.053e+10,60,105.3
1658116789,ANTUSDT,Buy,47,1.760,PlusTick,53afbe43-ca7c-58eb-9b32-fbfd7ede6b32,8.272e+09,47,82.72
1658116802,ANTUSDT,Sell,34,1.755,MinusTick,1d152fbb-6616-555a-9bb8-7ff20ea76fa1,5.966999999999999e+09,34,59.669999999999995
1658116840,ANTUSDT,Sell,1.1,1.755,ZeroMinusTick,e3da9a21-98e9-52ce-bc4e-590a620d3582,1.9305e+08,1.1,1.9305
1658116937,ANTUSDT,Sell,21,1.755,ZeroMinusTick,215ca878-d886-5b00-af62-b3d2ee53b03c,3.6854999999999995e+09,21,36.855
1658116980,ANTUSDT,Sell,1.2,1.755,ZeroMinusTick,e85f3fc4-94f5-5891-986d-0fa952ec70f3,2.106e+08,1.2,2.106
1658116984,ANTUSDT,Sell,161,1.755,ZeroMinusTick,f3d38888-6951-55a3-9fd3-309643e4e0f8,2.82555e+10,161,282.555
1658117081,ANTUSDT,Sell,32,1.755,ZeroMinusTick,df47b1ac-9557-5bb8-8344-569d07245ad5,5.616e+09,32,56.16
1658117081,ANTUSDT,Sell,16.9,1.755,ZeroMinusTick,282ac689-a350-5639-a5e4-a5fa9e1bc4a3,2.9659499999999995e+09,16.9,29.659499999999994
1658117081,ANTUSDT,Buy,1.5,1.755,ZeroMinusTick,9a28d2e5-d9dd-5219-a7c3-c41326a80974,2.6324999999999997e+08,1.5,2.6325
1658117130,ANTUSDT,Sell,1.5,1.750,MinusTick,f8dc77d4-436c-5cd0-b8af-50731dfe6b3f,2.625e+08,1.5,2.625
1658117172,ANTUSDT,Buy,56.9,1.755,PlusTick,316a659f-4603-508f-bef9-9b39eba46133,9.98595e+09,56.9,99.8595
1658117172,ANTUSDT,Buy,56.9,1.755,ZeroMinusTick,027154b9-adc6-552e-9a58-033c4c1278e4,9.98595e+09,56.9,99.8595
1658117172,ANTUSDT,Buy,56.9,1.755,ZeroMinusTick,9643f98f-d8e4-5165-b4c0-59d7a3cf2f4f,9.98595e+09,56.9,99.8595
1658117172,ANTUSDT,Buy,56.9,1.755,ZeroMinusTick,df469e23-f205-58d6-b7a9-377fd64ea504,9.98595e+09,56.9,99.8595
1658117172,ANTUSDT,Buy,56.9,1.755,ZeroMinusTick,4cc185e5-e1db-50d4-a6f3-453e815e7e40,9.98595e+09,56.9,99.8595
1658117172,ANTUSDT,Buy,42.8,1.755,ZeroMinusTick,b681fb6b-6db2-5638-bb2a-18e2b77a07a2,7.511399999999999e+09,42.8,75.11399999999999
1658117240,ANTUSDT,Sell,1,1.755,ZeroMinusTick,a4a0e395-73b8-5b41-bb4f-0b943a731a78,1.755e+08,1,1.755
1658117299,ANTUSDT,Sell,110,1.755,ZeroMinusTick,d8d3c090-4ac5-59fb-a8ad-044b6fd39cf9,1.9305e+10,110,193.04999999999998
1658117299,ANTUSDT,Sell,110,1.755,ZeroMinusTick,215663d8-88f4-59ce-9d3a-85a270b26064,1.9305e+10,110,193.04999999999998
1658117301,ANTUSDT,Sell,107.8,1.755,ZeroMinusTick,eca35921-7369-5f54-bb4c-47d1428c569e,1.89189e+10,107.8,189.189
1658117348,ANTUSDT,Buy,56.9,1.755,ZeroMinusTick,86675ca4-ce16-5163-85d6-46a04df92d7b,9.98595e+09,56.9,99.8595
1658117348,ANTUSDT,Buy,0.1,1.755,ZeroMinusTick,7b641ac5-532f-5e0c-9550-a212c8a18239,1.755e+07,0.1,0.1755
1658117348,ANTUSDT,Buy,1.5,1.755,ZeroMinusTick,8feff927-bca9-5457-808a-86a7b44368a7,2.6324999999999997e+08,1.5,2.6325
1658117480,ANTUSDT,Buy,1.5,1.760,PlusTick,974d702f-2227-52df-812f-f808e01d7557,2.64e+08,1.5,2.64
1658117583,ANTUSDT,Sell,13,1.755,MinusTick,5497d55d-f1fd-53a0-809d-f835aa2f23c8,2.2815e+09,13,22.814999999999998
1658117620,ANTUSDT,Buy,0.2,1.755,ZeroMinusTick,91932914-7031-525b-990f-e7e648a40710,3.51e+07,0.2,0.351
1658117656,ANTUSDT,Buy,56.9,1.755,ZeroMinusTick,8050b6ee-bb05-5787-b620-05852b13a017,9.98595e+09,56.9,99.8595
1658117656,ANTUSDT,Buy,56.9,1.755,ZeroMinusTick,cfd1e678-f6b2-5239-9be6-40e400e774ce,9.98595e+09,56.9,99.8595
1658117656,ANTUSDT,Buy,56.9,1.755,ZeroMinusTick,d50caf45-c4f8-56aa-ad37-03a713b9abce,9.98595e+09,56.9,99.8595
1658117656,ANTUSDT,Buy,56.9,1.755,ZeroMinusTick,c2292dba-2d2a-5b49-9d9e-e7e10b60390f,9.98595e+09,56.9,99.8595
1658117656,ANTUSDT,Buy,56.9,1.755,ZeroMinusTick,889807c6-a158-5a62-9df6-f7bbc2a19618,9.98595e+09,56.9,99.8595
1658117656,ANTUSDT,Buy,44.1,1.755,ZeroMinusTick,7f32564b-32a3-5998-87d8-921b3fe8f119,7.73955e+09,44.1,77.3955
1658117770,ANTUSDT,Buy,1.8,1.755,ZeroMinusTick,a8d3c524-d26f-580b-941b-6499cba270fe,3.159e+08,1.8,3.159
1658117850,ANTUSDT,Sell,0.4,1.750,MinusTick,c48b79d8-d88e-5b21-ad3e-16c13b558a74,7e+07,0.4,0.7000000000000001
1658117910,ANTUSDT,Buy,0.8,1.755,PlusTick,14a02de6-2d04-5f9e-a650-4611f9b45d41,1.404e+08,0.8,1.404
1658118080,ANTUSDT,Sell,1.1,1.750,MinusTick,bbf9c3b0-9ab0-5a39-a511-b95e53d9300e,1.9250000000000003e+08,1.1,1.9250000000000003
1658118140,ANTUSDT,Buy,0.7,1.755,PlusTick,fdbaf152-11bb-5e5a-a7f7-75e36b58fd22,1.2284999999999999e+08,0.7,1.2285
1658118210,ANTUSDT,Buy,0.9,1.750,MinusTick,64e0a1ed-287e-56bb-84e9-4d06b0c430b2,1.575e+08,0.9,1.575
1658118280,ANTUSDT,Buy,1.1,1.750,ZeroMinusTick,63af51b8-1a94-5b48-b56f-acce5890e81d,1.9250000000000003e+08,1.1,1.9250000000000003
1658118370,ANTUSDT,Sell,0.1,1.745,MinusTick,12c7ed17-5c17-554e-abb2-84df5789cde2,1.745e+07,0.1,0.17450000000000002
1658118370,ANTUSDT,Sell,43.8,1.745,ZeroMinusTick,598e8b1f-06d1-5d9b-90f1-fd86bc1d1f4a,7.6431e+09,43.8,76.431
1658118427,ANTUSDT,Sell,328.8,1.755,PlusTick,b78715eb-d896-5018-b0b6-3e9bd2bd7a00,5.77044e+10,328.8,577.044
1658118540,ANTUSDT,Buy,1.5,1.755,ZeroMinusTick,6c37488a-87c0-5bff-ac51-a6b0d0539fb1,2.6324999999999997e+08,1.5,2.6325
1658118610,ANTUSDT,Buy,1.5,1.755,ZeroMinusTick,567a427f-ea53-5833-9c39-19b668e50f9c,2.6324999999999997e+08,1.5,2.6325
1658118810,ANTUSDT,Sell,0.1,1.750,MinusTick,7db6548a-0501-540b-be7b-c9ad04a568d1,1.75e+07,0.1,0.17500000000000002
1658118832,ANTUSDT,Buy,2.2,1.755,PlusTick,f074dcd6-24ef-53a0-9e76-ad6031ba253c,3.861e+08,2.2,3.861
1658118871,ANTUSDT,Buy,56.9,1.755,ZeroMinusTick,fe748786-e82a-5c5a-8ab7-9b2153e71fe1,9.98595e+09,56.9,99.8595
1658118871,ANTUSDT,Buy,56.9,1.755,ZeroMinusTick,cfe0b708-e3d0-59e3-81d1-533d88497975,9.98595e+09,56.9,99.8595
1658118871,ANTUSDT,Buy,56.9,1.755,ZeroMinusTick,cc4911de-952c-5668-af30-c03676e33fda,9.98595e+09,56.9,99.8595
1658118871,ANTUSDT,Buy,56.9,1.755,ZeroMinusTick,5bf22e16-ac59-5d06-8aaa-a7797842786e,9.98595e+09,56.9,99.8595
1658118871,ANTUSDT,Buy,56.9,1.755,ZeroMinusTick,bd45268e-79ce-549e-a10f-da42dc2eef07,9.98595e+09,56.9,99.8595
1658118871,ANTUSDT,Buy,39.1,1.755,ZeroMinusTick,31fe43ec-1a8b-56d5-b336-b5c5cbc78c30,6.862049999999999e+09,39.1,68.62049999999999
1658118930,ANTUSDT,Sell,0.3,1.755,ZeroMinusTick,b8474819-461e-545b-8399-365abc4a430c,5.265e+07,0.3,0.5265
1658119080,ANTUSDT,Sell,0.6,1.755,ZeroMinusTick,18039a97-a744-5ce7-a625-e78b0db51f26,1.053e+08,0.6,1.053
1658119180,ANTUSDT,Buy,35,1.760,PlusTick,a80ce4fb-024c-5245-9bc2-4b783c3d011c,6.16e+09,35,61.6
1658119190,ANTUSDT,Buy,0.5,1.760,ZeroMinusTick,ad3af0f8-bf32-5b02-9743-e68c6d6cf9d8,8.8e+07,0.5,0.88
1658119310,ANTUSDT,Sell,0.9,1.755,MinusTick,6b013017-390c-5af7-a6aa-cc21123e1a2c,1.5795e+08,0.9,1.5795
1658119430,ANTUSDT,Buy,0.8,1.760,PlusTick,83eea443-1334-5baa-bf5c-c971af84319e,1.408e+08,0.8,1.4080000000000001
1658119502,ANTUSDT,Buy,266,1.760,ZeroMinusTick,e8f12dfa-3607-50bd-bcec-5a0c791786e9,4.6816e+10,266,468.16
1658119531,ANTUSDT,Sell,73,1.760,ZeroMinusTick,a0c18c21-f40a-58a1-aa27-6b9a41f18f63,1.2847999999999998e+10,73,128.48
1658119539,ANTUSDT,Sell,27,1.760,ZeroMinusTick,b4ac5feb-bc96-5e64-a5f4-1789bae053de,4.752e+09,27,47.52
1658119540,ANTUSDT,Sell,81,1.760,ZeroMinusTick,39d6fd52-4c81-5c17-8103-642c96dc6f75,1.4256e+10,81,142.56
1658119544,ANTUSDT,Sell,74,1.760,ZeroMinusTick,7c558cb0-60b4-5146-bff2-4ff09beacbe4,1.3024e+10,74,130.24
1658119550,ANTUSDT,Sell,28,1.760,ZeroMinusTick,8a0766e6-b5b9-5bc5-92d4-b4a826557335,4.928e+09,28,49.28
1658119551,ANTUSDT,Sell,45.8,1.760,ZeroMinusTick,0e4b0d16-2f9e-5297-ae6a-38d0d167e265,8.060799999999999e+09,45.8,80.60799999999999
1658119620,ANTUSDT,Buy,0.4,1.760,ZeroMinusTick,85fd4905-727b-5a23-b510-d2083062db4f,7.04e+07,0.4,0.7040000000000001
1658119639,ANTUSDT,Buy,6.5,1.760,ZeroMinusTick,baceadb5-eaa6-5601-9913-dcc0b4a88176,1.144e+09,6.5,11.44
1658119700,ANTUSDT,Buy,0.7,1.760,ZeroMinusTick,66c0aaa2-7a5a-5ca8-9bb0-22bb91160682,1.232e+08,0.7,1.232
1658119890,ANTUSDT,Buy,0.4,1.760,ZeroMinusTick,4bcb5085-577c-5e0b-9916-2a2d8a2334cb,7.04e+07,0.4,0.7040000000000001
1658119990,ANTUSDT,Sell,0.1,1.755,MinusTick,98a9479a-29f3-5362-a793-df3ac0480045,1.755e+07,0.1,0.1755
1658120120,ANTUSDT,Sell,34.7,1.755,ZeroMinusTick,e64e4f5f-91b1-5f31-a9d6-4fbf22d7c9d1,6.08985e+09,34.7,60.8985
1658120150,ANTUSDT,Sell,0.7,1.755,ZeroMinusTick,471b4904-a813-5aa4-b414-15a3785a02d6,1.2284999999999999e+08,0.7,1.2285
1658120290,ANTUSDT,Sell,0.4,1.755,ZeroMinusTick,81b84299-cfeb-512e-bb5b-1dba0b27b7ee,7.02e+07,0.4,0.702
1658120400,ANTUSDT,Buy,56.9,1.760,PlusTick,c9f6347a-99f8-5679-877a-051a0ace9eb4,1.00144e+10,56.9,100.14399999999999
1658120400,ANTUSDT,Buy,56.9,1.760,ZeroMinusTick,382c9d70-2eda-55bd-bce8-0ebf447279b5,1.00144e+10,56.9,100.14399999999999
1658120400,ANTUSDT,Buy,56.9,1.760,ZeroMinusTick,a7a7ab5b-b416-56e1-851f-3a9dc1e1a68c,1.00144e+10,56.9,100.14399999999999
1658120400,ANTUSDT,Buy,56.9,1.760,ZeroMinusTick,d1316ad8-945b-51aa-b346-9f54d6e1327f,1.00144e+10,56.9,100.14399999999999
1658120400,ANTUSDT,Buy,56.9,1.760,ZeroMinusTick,14da04fb-9889-5096-90b9-f66a24aa8a34,1.00144e+10,56.9,100.14399999999999
1658120400,ANTUSDT,Buy,44.3,1.760,ZeroMinusTick,6d7d7316-0e27-54e9-bbaa-acebebe0185b,7.796799999999999e+09,44.3,77.96799999999999
1658120410,ANTUSDT,Buy,1.7,1.765,PlusTick,8eb12245-61be-5435-a9df-3ff8143cfdc9,3.0005e+08,1.7,3.0004999999999997
1658120550,ANTUSDT,Buy,1.7,1.765,ZeroMinusTick,25c7d0e3-0400-51e7-989b-7cebbea661e6,3.0005e+08,1.7,3.0004999999999997
1658120690,ANTUSDT,Sell,0.1,1.765,ZeroMinusTick,6155b4ab-a508-5e89-913b-49a21449ce28,1.765e+07,0.1,0.1765
1658120718,ANTUSDT,Buy,0.2,1.770,PlusTick,24fc72b8-8e73-5838-9e47-386c8213184f,3.54e+07,0.2,0.35400000000000004
1658120890,ANTUSDT,Sell,0.4,1.775,PlusTick,9d54bd2c-b1d1-5e2d-89fd-a74accb29514,7.1e+07,0.4,0.71
1658120890,ANTUSDT,Sell,0.9,1.775,ZeroMinusTick,91de790b-41f2-54e4-8694-3e3e034bd199,1.5975e+08,0.9,1.5975
1658121001,ANTUSDT,Buy,0.9,1.780,PlusTick,9064f7da-11be-54e5-a0db-a4aaefa40fa7,1.602e+08,0.9,1.602
1658121057,ANTUSDT,Sell,6.5,1.775,MinusTick,6982de89-8540-5813-b9ab-ee1c8162a2c4,1.15375e+09,6.5,11.5375
1658121080,ANTUSDT,Buy,1.3,1.780,PlusTick,c1314014-19f7-5837-a671-cac456a0e62b,2.314e+08,1.3,2.314
1658121112,ANTUSDT,Sell,100,1.775,MinusTick,cfb2b05a-a8c1-5e37-bf0a-333138583c15,1.775e+10,100,177.5
1658121112,ANTUSDT,Sell,221,1.775,ZeroMinusTick,e635322d-e6b8-5ec0-b7fa-602faa5f3b38,3.92275e+10,221,392.275
1658121137,ANTUSDT,Buy,328.8,1.775,ZeroMinusTick,d97770a1-95a1-5102-9d8a-7f2604ff9f0b,5.8362e+10,328.8,583.62
1658121137,ANTUSDT,Buy,106.4,1.775,ZeroMinusTick,f1a3c925-03b5-58e1-a552-0d4b22079bfd,1.8886e+10,106.4,188.86
1658121253,ANTUSDT,Sell,223,1.775,ZeroMinusTick,3a3630bd-059f-523e-be72-9fe81c40e6f8,3.95825e+10,223,395.825
1658121253,ANTUSDT,Sell,74,1.775,ZeroMinusTick,55349b4f-cbce-5982-8386-b8836c27a520,1.3135e+10,74,131.35
1658121253,ANTUSDT,Sell,31.8,1.775,ZeroMinusTick,ca2620ab-fba3-55d6-b2ed-6753f8ffb592,5.6445e+09,31.8,56.445
1658121270,ANTUSDT,Sell,1.8,1.770,MinusTick,64e1da3d-a482-5b0b-8774-df0f6d939887,3.186e+08,1.8,3.186
1658121340,ANTUSDT,Sell,1.8,1.770,ZeroMinusTick,67a09559-967d-5949-8106-a7a7e51607c9,3.186e+08,1.8,3.186
1658121422,ANTUSDT,Buy,56.9,1.775,PlusTick,53ef14b9-8936-5a6b-9dec-49244c24d6c3,1.0099749999999998e+10,56.9,100.99749999999999
1658121422,ANTUSDT,Buy,56.9,1.775,ZeroMinusTick,1ebd1797-0673-548a-97de-5a18aaa80cf3,1.0099749999999998e+10,56.9,100.99749999999999
1658121422,ANTUSDT,Buy,56.9,1.775,ZeroMinusTick,23a75cfd-4bd0-5bc8-a7a3-6d717b2c2743,1.0099749999999998e+10,56.9,100.99749999999999
1658121422,ANTUSDT,Buy,56.9,1.775,ZeroMinusTick,c7b0fca1-9b5e-5905-b360-0756056a5d9f,1.0099749999999998e+10,56.9,100.99749999999999
1658121430,ANTUSDT,Buy,0.5,1.780,PlusTick,74c094f5-3aa2-5e3f-ac15-8f1fa2c17763,8.9e+07,0.5,0.89
1658121630,ANTUSDT,Buy,0.2,1.785,PlusTick,df3768c6-b4a3-502c-ba7f-f7377ae8b480,3.57e+07,0.2,0.357
1658121630,ANTUSDT,Buy,1.3,1.785,ZeroMinusTick,233737da-24d7-5f6c-9543-0ad55e0eb58a,2.3205e+08,1.3,2.3205
1658121681,ANTUSDT,Sell,28,1.780,MinusTick,5343e67a-6110-50cb-b8dc-dec5e49620aa,4.984e+09,28,49.84
1658121704,ANTUSDT,Sell,56.9,1.780,ZeroMinusTick,819c25a7-db56-532d-bac9-aa797e027266,1.01282e+10,56.9,101.282
1658121704,ANTUSDT,Sell,56.9,1.780,ZeroMinusTick,27d394b2-3514-5104-82b2-14811d2d1d8c,1.01282e+10,56.9,101.282
1658121705,ANTUSDT,Sell,56.9,1.780,ZeroMinusTick,f3a13e95-4c33-5aba-97ee-361eddf90d87,1.01282e+10,56.9,101.282
1658121705,ANTUSDT,Sell,56.9,1.780,ZeroMinusTick,e1ebac58-0577-53f3-9f5d-23dc0a9e558f,1.01282e+10,56.9,101.282
1658121705,ANTUSDT,Sell,56.9,1.780,ZeroMinusTick,6975b9b2-ada4-5b2a-9a8e-9925221ee5ce,1.01282e+10,56.9,101.282
1658121705,ANTUSDT,Sell,16.3,1.780,ZeroMinusTick,c8d0aed5-700c-52df-8460-ee3db9221157,2.9014000000000005e+09,16.3,29.014000000000003
1658121800,ANTUSDT,Buy,1,1.780,ZeroMinusTick,86985f3e-a57d-55dc-a6b0-820e74313bde,1.78e+08,1,1.78
1658122050,ANTUSDT,Sell,0.3,1.775,MinusTick,0d456af1-3add-520d-ae58-90d627e0e5ce,5.325e+07,0.3,0.5325
1658122085,ANTUSDT,Buy,56.9,1.780,PlusTick,03a510d1-f684-5834-92bf-f6f3f1007843,1.01282e+10,56.9,101.282
1658122086,ANTUSDT,Buy,56.9,1.780,ZeroMinusTick,d26e411c-b3fd-5324-aa7b-9de9719d4644,1.01282e+10,56.9,101.282
1658122086,ANTUSDT,Buy,56.9,1.780,ZeroMinusTick,545f76e0-35ae-5cef-8ab1-682f23190143,1.01282e+10,56.9,101.282
1658122086,ANTUSDT,Buy,56.9,1.780,ZeroMinusTick,0705ba23-0fe0-58b9-a00b-d76fe32b2041,1.01282e+10,56.9,101.282
1658122086,ANTUSDT,Buy,56.9,1.780,ZeroMinusTick,382cfeb1-faaa-5e59-b0c8-b282548c3de0,1.01282e+10,56.9,101.282
1658122086,ANTUSDT,Buy,43.3,1.780,ZeroMinusTick,320bde0e-14d1-5fb9-b7cd-5042dd4e625d,7.7074e+09,43.3,77.074
1658122118,ANTUSDT,Buy,448.4,1.785,PlusTick,f85f46c7-1fb5-5031-a739-679add2d6ad9,8.003939999999998e+10,448.4,800.3939999999999
1658122118,ANTUSDT,Buy,82.8,1.785,ZeroMinusTick,65487b7c-35c5-556c-99b1-16ea87b6fb88,1.47798e+10,82.8,147.798
1658122118,ANTUSDT,Buy,112.5,1.785,ZeroMinusTick,3a9f0ae1-2d43-512a-a545-eef0527025d5,2.008125e+10,112.5,200.8125
1658122118,ANTUSDT,Buy,356.3,1.785,ZeroMinusTick,433abaaa-c8d8-5354-94cd-4fc67c0ec3a8,6.359955e+10,356.3,635.9955
1658122190,ANTUSDT,Sell,1.3,1.780,MinusTick,f58f6d71-c9e8-5358-97a5-6ae32d57ffba,2.314e+08,1.3,2.314
1658122300,ANTUSDT,Buy,0.8,1.790,PlusTick,97348c21-f226-5ffe-b05f-801e4a31c336,1.4320000000000003e+08,0.8,1.4320000000000002
1658122320,ANTUSDT,Sell,0.1,1.785,MinusTick,f1ea51a1-b191-593e-a312-38990c8e7005,1.785e+07,0.1,0.1785
1658122420,ANTUSDT,Buy,0.3,1.780,MinusTick,5ec838c4-029c-58fe-a84f-c3db70c6c088,5.34e+07,0.3,0.534
1658122530,ANTUSDT,Buy,1.4,1.780,ZeroMinusTick,fb366d89-5b76-5fc9-ad2d-906c06828e2c,2.492e+08,1.4,2.492
1658122601,ANTUSDT,Buy,56.9,1.780,ZeroMinusTick,a1073ee1-6977-5a06-a620-a4e84386384c,1.01282e+10,56.9,101.282
1658122601,ANTUSDT,Buy,44,1.780,ZeroMinusTick,41319665-4945-522c-8c62-e8be996b1da4,7.832000000000001e+09,44,78.32000000000001
1658122601,ANTUSDT,Buy,12.9,1.780,ZeroMinusTick,9c85685c-c108-5b3f-9276-d13be09ca756,2.2962e+09,12.9,22.962
1658122601,ANTUSDT,Buy,56.9,1.780,ZeroMinusTick,e235deee-a985-5345-b4a5-9aacad915299,1.01282e+10,56.9,101.282
1658122601,ANTUSDT,Buy,56.9,1.780,ZeroMinusTick,4e5690f6-c9af-5c70-bf6b-6d1a7ea900ed,1.01282e+10,56.9,101.282
1658122620,ANTUSDT,Sell,0.1,1.780,ZeroMinusTick,b7219399-ec66-5648-9c8b-6ac337571cc5,1.7800000000000004e+07,0.1,0.17800000000000002
1658122676,ANTUSDT,Buy,5.5,1.785,PlusTick,679a9c11-0da0-579e-a456-5c4bf6f7ba47,9.817499999999999e+08,5.5,9.817499999999999
1658122780,ANTUSDT,Sell,10,1.785,ZeroMinusTick,2d41c5dd-093e-52b2-9896-8fdf18751331,1.7849999999999998e+09,10,17.849999999999998
1658122930,ANTUSDT,Sell,1.7,1.785,ZeroMinusTick,006e90ad-28db-5c96-b7fd-dc838389c93d,3.0345e+08,1.7,3.0345
1658122949,ANTUSDT,Sell,96,1.790,PlusTick,16f46f24-8790-5349-a909-cf227591e586,1.7184e+10,96,171.84
1658122949,ANTUSDT,Sell,96,1.790,ZeroMinusTick,36f0a7d2-07d8-5faf-9c57-18a70c8d1f71,1.7184e+10,96,171.84
1658122949,ANTUSDT,Sell,62,1.790,ZeroMinusTick,81174437-fb2e-5a3e-a623-15e5c3db9476,1.1098e+10,62,110.98
1658122950,ANTUSDT,Sell,74.8,1.790,ZeroMinusTick,d41dc043-608b-574f-98b0-c13297dbf57a,1.33892e+10,74.8,133.892
1658123017,ANTUSDT,Buy,137.6,1.790,ZeroMinusTick,d1ee4676-6ed6-5b2f-bb12-d95c86b5753e,2.46304e+10,137.6,246.304
1658123030,ANTUSDT,Sell,0.6,1.785,MinusTick,ffc54166-528c-528e-ab46-d515a3034acd,1.071e+08,0.6,1.071
1658123030,ANTUSDT,Sell,0.9,1.785,ZeroMinusTick,4192d049-5ba6-56c2-bf84-18abaeb2c4a1,1.6065e+08,0.9,1.6065
1658123180,ANTUSDT,Sell,0.3,1.780,MinusTick,5030b086-a958-5414-b0a0-2c71138d9227,5.34e+07,0.3,0.534
1658123180,ANTUSDT,Sell,28.2,1.780,ZeroMinusTick,043dc961-cfe9-51c8-960f-a680ccac26a2,5.0196e+09,28.2,50.196
1658123240,ANTUSDT,Sell,449.5,1.780,ZeroMinusTick,7fd5edeb-893e-5079-9751-5c21499fb8e4,8.0011e+10,449.5,800.11
1658123260,ANTUSDT,Sell,1.4,1.785,PlusTick,ec3b4a9a-a52b-569b-9b87-9e075e1c7a39,2.4989999999999997e+08,1.4,2.4989999999999997
1658123288,ANTUSDT,Sell,56.9,1.785,ZeroMinusTick,e374e1c5-b12e-5e80-9367-9c2621552986,1.015665e+10,56.9,101.56649999999999
1658123288,ANTUSDT,Sell,56.9,1.785,ZeroMinusTick,0bbfda4e-cf04-5d1a-81a7-b805c47e2576,1.015665e+10,56.9,101.56649999999999
1658123288,ANTUSDT,Sell,56.9,1.785,ZeroMinusTick,c9b5c48d-ea87-57b3-a4a8-45ec26158d8c,1.015665e+10,56.9,101.56649999999999
1658123288,ANTUSDT,Sell,56.9,1.785,ZeroMinusTick,6ba520cc-71b7-5701-9cc1-99f7cf735691,1.015665e+10,56.9,101.56649999999999
1658123288,ANTUSDT,Sell,56.9,1.785,ZeroMinusTick,00e5e4e8-063f-5646-a89f-d128ff9dd5da,1.015665e+10,56.9,101.56649999999999
1658123288,ANTUSDT,Sell,42.9,1.785,ZeroMinusTick,bae0fb9c-7120-5cb4-8368-c9cc2b882809,7.65765e+09,42.9,76.5765
1658123320,ANTUSDT,Buy,1.7,1.785,ZeroMinusTick,f0d264d6-8200-5920-bc90-af9c0c3f93bc,3.0345e+08,1.7,3.0345
1658123400,ANTUSDT,Sell,0.1,1.780,MinusTick,dbc4a003-ff38-59c0-9711-3b81e7f3033d,1.7800000000000004e+07,0.1,0.17800000000000002
1658123480,ANTUSDT,Sell,2,1.785,PlusTick,53e11405-0b4d-541a-ac34-c994b2782a04,3.57e+08,2,3.57
1658123594,ANTUSDT,Buy,56.9,1.785,ZeroMinusTick,12c4829c-6c1f-5c9b-8675-87eef5d85e0b,1.015665e+10,56.9,101.56649999999999
1658123594,ANTUSDT,Buy,56.9,1.785,ZeroMinusTick,e165cd4d-33ef-50d6-b206-736fc14dc725,1.015665e+10,56.9,101.56649999999999
1658123594,ANTUSDT,Buy,56.9,1.785,ZeroMinusTick,ee5fb6c5-ccb7-57b5-9f42-d3345ac64dea,1.015665e+10,56.9,101.56649999999999
1658123595,ANTUSDT,Buy,34,1.785,ZeroMinusTick,dedbbed9-6861-55c4-b39d-38a78ed5f583,6.069e+09,34,60.69
1658123595,ANTUSDT,Buy,34,1.785,ZeroMinusTick,c2edfbd1-e8ca-51e1-b2b8-787bcdf8b6b2,6.069e+09,34,60.69
1658123595,ANTUSDT,Buy,56.9,1.785,ZeroMinusTick,34acb598-6062-532d-a9c6-39f20a7eff0e,1.015665e+10,56.9,101.56649999999999
1658123595,ANTUSDT,Buy,33.2,1.785,ZeroMinusTick,33292b87-2b71-5091-8e9c-5661f68647e0,5.9262e+09,33.2,59.262
1658123650,ANTUSDT,Buy,166.5,1.790,PlusTick,2682f7a3-ef5a-5e1a-bbfc-102e98d87337,2.9803500000000004e+10,166.5,298.035
1658123660,ANTUSDT,Buy,1.4,1.790,ZeroMinusTick,56ed5009-eaf0-5060-94ed-7eec8512031a,2.5059999999999997e+08,1.4,2.506
1658123743,ANTUSDT,Buy,174,1.785,MinusTick,e84b9b37-6968-5ca6-83e2-16fb7f1ec45d,3.1058999999999996e+10,174,310.59
1658123751,ANTUSDT,Buy,20.9,1.785,ZeroMinusTick,3ba20bdf-a708-5e7d-85cd-75fa2992cd18,3.730649999999999e+09,20.9,37.30649999999999
1658123860,ANTUSDT,Buy,1.9,1.795,PlusTick,d7e94da2-c4a5-5e44-96af-152169d2cbe1,3.4105e+08,1.9,3.4105
1658123971,ANTUSDT,Sell,328.7,1.795,ZeroMinusTick,0e0f85b4-cb4c-5c07-ac44-d3b1ef957dbe,5.900164999999999e+10,328.7,590.0165
1658123973,ANTUSDT,Sell,0.1,1.795,ZeroMinusTick,accecb49-df02-5733-80d3-262e4f4e624c,1.795e+07,0.1,0.1795
1658124060,ANTUSDT,Buy,1.2,1.795,ZeroMinusTick,5d39c68f-65b7-518e-9ef5-c134f601e49e,2.154e+08,1.2,2.154
1658124080,ANTUSDT,Buy,0.1,1.795,ZeroMinusTick,e6257327-b276-50b7-8977-5036719dcbf5,1.795e+07,0.1,0.1795
1658124240,ANTUSDT,Sell,2,1.785,MinusTick,bc6b5e21-90de-512a-b4e4-a9ff5d3637cc,3.57e+08,2,3.57
1658124350,ANTUSDT,Sell,1.4,1.790,PlusTick,23405b25-4db9-5d61-b5da-76b521a407dc,2.5059999999999997e+08,1.4,2.506
1658124359,ANTUSDT,Sell,74,1.790,ZeroMinusTick,7c89a28a-3c08-589f-892f-7343120384b0,1.3246e+10,74,132.46
1658124359,ANTUSDT,Sell,193.8,1.790,ZeroMinusTick,497ac253-5d9a-53f3-8df9-a43e57f82dd6,3.469020000000001e+10,193.8,346.90200000000004
1658124410,ANTUSDT,Sell,1.6,1.785,MinusTick,578ff33c-c596-5eef-8681-e558edf96ac7,2.856e+08,1.6,2.856
1658124488,ANTUSDT,Sell,34.7,1.785,ZeroMinusTick,2d4a6a57-4f47-5c0e-95be-89d6d4ce2c1d,6.19395e+09,34.7,61.9395
1658124545,ANTUSDT,Buy,353.1,1.790,PlusTick,551ee666-b386-5e0c-941c-56df15b69797,6.320490000000001e+10,353.1,632.0490000000001
1658124545,ANTUSDT,Buy,95.7,1.790,ZeroMinusTick,2986e61b-638a-51f7-b18a-681183da959e,1.71303e+10,95.7,171.303
1658124620,ANTUSDT,Sell,10,1.785,MinusTick,22ed8728-200c-54a0-bcef-8a42d0798b61,1.7849999999999998e+09,10,17.849999999999998
1658124870,ANTUSDT,Buy,1,1.785,ZeroMinusTick,9af77010-4766-502e-9906-817f965b2859,1.785e+08,1,1.785
1658124980,ANTUSDT,Buy,1.4,1.785,ZeroMinusTick,090cca90-edca-5019-a0a6-a05094b1f0a7,2.4989999999999997e+08,1.4,2.4989999999999997
1658125025,ANTUSDT,Buy,3.5,1.785,ZeroMinusTick,1a6083b5-927d-5810-b1ad-65ee393298b3,6.2475e+08,3.5,6.2475
1658125025,ANTUSDT,Buy,3.5,1.785,ZeroMinusTick,69918d01-1429-54db-b661-cb6647337430,6.2475e+08,3.5,6.2475
1658125026,ANTUSDT,Buy,56.9,1.785,ZeroMinusTick,a3fd9a2e-c76f-59e5-9e46-e43d8e188e55,1.015665e+10,56.9,101.56649999999999
1658125026,ANTUSDT,Buy,56.9,1.785,ZeroMinusTick,afcb874a-bc1a-5fc6-bc06-c69dd4d4280b,1.015665e+10,56.9,101.56649999999999
1658125026,ANTUSDT,Buy,56.9,1.785,ZeroMinusTick,288fa230-21e2-5dec-a5aa-179e7419b50a,1.015665e+10,56.9,101.56649999999999
1658125027,ANTUSDT,Buy,56.9,1.785,ZeroMinusTick,a002a686-2b09-5be6-9ac2-57a612c0f339,1.015665e+10,56.9,101.56649999999999
1658125027,ANTUSDT,Buy,56.9,1.785,ZeroMinusTick,c3f66f69-4388-5a71-a13e-ec18935f6202,1.015665e+10,56.9,101.56649999999999
1658125027,ANTUSDT,Buy,34.9,1.785,ZeroMinusTick,ace9b0e4-dfe9-52c2-b88f-61c3a16f8d80,6.229649999999999e+09,34.9,62.296499999999995
1658125079,ANTUSDT,Buy,11,1.790,PlusTick,510e1f9b-d5d1-5624-94e8-43518675da80,1.9690000000000002e+09,11,19.69
1658125080,ANTUSDT,Buy,0.7,1.790,ZeroMinusTick,8b802708-896f-54ee-b9a1-4e44eab5fa98,1.2529999999999999e+08,0.7,1.253
1658125103,ANTUSDT,Buy,90,1.790,ZeroMinusTick,db178539-2bc9-5a2b-9141-32d2267f11d8,1.611e+10,90,161.1
1658125150,ANTUSDT,Sell,0.8,1.785,MinusTick,f0e3df7c-5088-5f2f-906b-ae69c8b89b10,1.428e+08,0.8,1.428
1658125251,ANTUSDT,Buy,71.8,1.790,PlusTick,d38e5257-753a-5a66-aa90-151989303729,1.28522e+10,71.8,128.522
1658125251,ANTUSDT,Buy,0.6,1.790,ZeroMinusTick,0ad33972-1623-5163-a421-d1a7af03b79a,1.074e+08,0.6,1.074
1658125251,ANTUSDT,Buy,53.9,1.790,ZeroMinusTick,66594050-cccc-564f-9e86-7240e6328252,9.6481e+09,53.9,96.481
1658125290,ANTUSDT,Sell,1.5,1.785,MinusTick,bda43a7b-dc3b-5ea5-ba8c-831c8c658bfd,2.6774999999999997e+08,1.5,2.6774999999999998
1658125380,ANTUSDT,Buy,1.6,1.795,PlusTick,0f664949-2928-5bde-8ae8-7d83f470b8ff,2.872e+08,1.6,2.872
1658125505,ANTUSDT,Sell,99,1.795,ZeroMinusTick,8aa091cf-7618-5615-bd1a-47138b75180b,1.77705e+10,99,177.70499999999998
1658125505,ANTUSDT,Sell,118,1.795,ZeroMinusTick,6b95d188-96f8-555c-9284-51f7d4d309fb,2.1181e+10,118,211.81
1658125505,ANTUSDT,Sell,111.8,1.795,ZeroMinusTick,2583e173-0ffd-56b3-b143-fea4a87f0aea,2.00681e+10,111.8,200.68099999999998
1658125580,ANTUSDT,Sell,0.6,1.790,MinusTick,75005174-18ca-5bec-8547-412dd860780e,1.074e+08,0.6,1.074
1658125586,ANTUSDT,Buy,328.8,1.795,PlusTick,ea044f60-5305-5ae4-8aee-d0c271e05117,5.90196e+10,328.8,590.196
1658125691,ANTUSDT,Sell,102,1.795,ZeroMinusTick,388cb701-5df9-53e8-87f4-901dfe850528,1.8309e+10,102,183.09
1658125691,ANTUSDT,Sell,34,1.795,ZeroMinusTick,1cf7e79a-749b-53bf-b507-dd1dd2c1dbe4,6.103e+09,34,61.03
1658125691,ANTUSDT,Sell,34,1.795,ZeroMinusTick,c237055b-d236-5edb-9760-97bf974cbf13,6.103e+09,34,61.03
1658125691,ANTUSDT,Sell,102,1.795,ZeroMinusTick,a484c3ce-8a2e-5544-b25f-27c42632dfe3,1.8309e+10,102,183.09
1658125700,ANTUSDT,Sell,0.1,1.795,ZeroMinusTick,de40e45d-8096-5291-8486-4051a36665de,1.795e+07,0.1,0.1795
1658125703,ANTUSDT,Sell,56.7,1.795,ZeroMinusTick,bbb5bfc0-3c1b-50f1-89a2-23ac1166369c,1.017765e+10,56.7,101.7765
1658125800,ANTUSDT,Buy,0.4,1.790,MinusTick,4445040b-782f-5af9-92b1-c71952fa7e4d,7.160000000000001e+07,0.4,0.7160000000000001
1658125839,ANTUSDT,Buy,56.9,1.790,ZeroMinusTick,2aeb8192-2db1-5b3e-bf9e-d0b33f687aab,1.01851e+10,56.9,101.851
1658125839,ANTUSDT,Buy,56.9,1.790,ZeroMinusTick,00f7f257-b380-5ce9-879b-e250b5542516,1.01851e+10,56.9,101.851
1658125839,ANTUSDT,Buy,56.9,1.790,ZeroMinusTick,44aff461-948c-5eb4-bdd7-491dc0a01f38,1.01851e+10,56.9,101.851
1658125839,ANTUSDT,Buy,56.9,1.790,ZeroMinusTick,96696b4f-3a22-5953-9d5a-81529a2cac6a,1.01851e+10,56.9,101.851
1658125839,ANTUSDT,Buy,56.9,1.790,ZeroMinusTick,f248122e-19ed-5ffb-9bc9-fdde62164810,1.01851e+10,56.9,101.851
1658125839,ANTUSDT,Buy,43.9,1.790,ZeroMinusTick,bab13168-7918-5b94-afd8-ba610a6a81e7,7.8581e+09,43.9,78.581
1658125847,ANTUSDT,Sell,328.8,1.795,PlusTick,9c6dda02-8588-56ee-bc31-2a47b3cd9597,5.90196e+10,328.8,590.196
1658125921,ANTUSDT,Buy,56.9,1.795,ZeroMinusTick,99ee08b2-1278-5c19-907c-49b3b837701a,1.021355e+10,56.9,102.1355
1658125921,ANTUSDT,Buy,56.9,1.795,ZeroMinusTick,efb2d1c7-dc80-5975-be12-0c837e542e5a,1.021355e+10,56.9,102.1355
1658125921,ANTUSDT,Buy,56.9,1.795,ZeroMinusTick,5be6a0f5-5450-5e44-ba81-2672a1bda30c,1.021355e+10,56.9,102.1355
1658125921,ANTUSDT,Buy,38.4,1.795,ZeroMinusTick,a900e0d3-e5a9-5033-8925-8a5f87d90d30,6.8928e+09,38.4,68.928
1658125925,ANTUSDT,Buy,56.9,1.795,ZeroMinusTick,e6249316-be3e-59e6-bba4-c76b5b5332f8,1.021355e+10,56.9,102.1355
1658125925,ANTUSDT,Buy,56.9,1.795,ZeroMinusTick,64b977b7-aec3-5b64-859b-c2f78bd05aee,1.021355e+10,56.9,102.1355
1658125925,ANTUSDT,Buy,5.9,1.795,ZeroMinusTick,9aeafdc4-6568-5250-8034-52bac6f652f8,1.05905e+09,5.9,10.5905
1658125960,ANTUSDT,Buy,0.1,1.800,PlusTick,51bfcbb8-f2f3-5f57-b680-1db3045e904b,1.8000000000000004e+07,0.1,0.18000000000000002
1658125960,ANTUSDT,Sell,0.9,1.795,MinusTick,e47644a4-8719-5031-8abe-91396b7d2f0e,1.6155e+08,0.9,1.6155
1658125962,ANTUSDT,Sell,26,1.795,ZeroMinusTick,ff63c322-9e16-5f95-9bca-c626a06c21c5,4.667e+09,26,46.67
1658125969,ANTUSDT,Sell,227,1.795,ZeroMinusTick,de813f12-6878-592c-9c84-6d18c8bb2c72,4.07465e+10,227,407.465
1658125969,ANTUSDT,Sell,74.9,1.795,ZeroMinusTick,2f0ab842-dd90-56fb-8327-e1fa94bfba92,1.3444550000000002e+10,74.9,134.4455
1658126080,ANTUSDT,Buy,1.5,1.790,MinusTick,4d599194-00b9-5853-ac94-3309140d518a,2.685e+08,1.5,2.685
1658126162,ANTUSDT,Buy,0.9,1.790,ZeroMinusTick,f1786d5f-7561-563c-9671-b987ca42d4c4,1.611e+08,0.9,1.611
1658126181,ANTUSDT,Buy,56.9,1.790,ZeroMinusTick,55526063-c0e4-5278-a482-1ce1e456d6c1,1.01851e+10,56.9,101.851
1658126181,ANTUSDT,Buy,56.9,1.790,ZeroMinusTick,c63f34c1-9284-52b8-947a-a9e2fb9add7b,1.01851e+10,56.9,101.851
1658126181,ANTUSDT,Buy,56.9,1.790,ZeroMinusTick,6d80c3ea-5ae6-5823-82d5-fb1ff47d1648,1.01851e+10,56.9,101.851
1658126181,ANTUSDT,Buy,56.9,1.790,ZeroMinusTick,6eb3ac08-1063-51f5-8e52-06ffe2bf75dc,1.01851e+10,56.9,101.851
1658126181,ANTUSDT,Buy,56.9,1.790,ZeroMinusTick,53dd8f7b-3d2a-5df3-a0c3-60af0a451a4e,1.01851e+10,56.9,101.851
1658126181,ANTUSDT,Buy,41.9,1.790,ZeroMinusTick,da8b7c0f-aaed-5f99-87b9-a14e4b5d244f,7.500100000000001e+09,41.9,75.001
1658126280,ANTUSDT,Sell,0.9,1.795,PlusTick,655c7576-6894-52fa-855c-7266427c22f1,1.6155e+08,0.9,1.6155
1658126435,ANTUSDT,Buy,0.1,1.800,PlusTick,84c87354-c111-5067-900f-c9e1a6781a1b,1.8000000000000004e+07,0.1,0.18000000000000002
1658126435,ANTUSDT,Buy,464.1,1.805,PlusTick,285567d4-e47d-5ff1-8ddd-4627c142a7c7,8.377005e+10,464.1,837.7005
1658126435,ANTUSDT,Buy,0.1,1.805,ZeroMinusTick,a4562e4d-a8fc-5b0a-aed5-1e29448b5779,1.805e+07,0.1,0.1805
1658126435,ANTUSDT,Sell,0.1,1.805,ZeroMinusTick,03a056cb-1c7c-59dd-9c7a-cebce65bc696,1.805e+07,0.1,0.1805
1658126450,ANTUSDT,Sell,1.6,1.810,PlusTick,9c32e112-2ebf-564c-8834-1fafc4791d27,2.8960000000000006e+08,1.6,2.8960000000000004
1658126450,ANTUSDT,Buy,0.2,1.815,PlusTick,5a09704e-544b-5174-b43a-909afa701d76,3.63e+07,0.2,0.363
1658126450,ANTUSDT,Buy,149.1,1.815,ZeroMinusTick,61b4aad1-cef3-5010-99cb-b8c963d3dae6,2.7061649999999996e+10,149.1,270.6165
1658126450,ANTUSDT,Buy,102.7,1.815,ZeroMinusTick,813252ab-abbe-59d4-a07a-31f086dc6cd6,1.864005e+10,102.7,186.4005
1658126450,ANTUSDT,Sell,0.9,1.810,MinusTick,8e0eb837-c8b8-5689-81c7-f005547bfea9,1.629e+08,0.9,1.629
1658126513,ANTUSDT,Buy,0.1,1.815,PlusTick,6bbd93f7-d3ce-551e-8859-bdb5254462ed,1.815e+07,0.1,0.1815
1658126513,ANTUSDT,Buy,2.9,1.815,ZeroMinusTick,2accc580-1869-5e61-8078-03885b44215c,5.2634999999999994e+08,2.9,5.2635
1658126520,ANTUSDT,Sell,0.5,1.815,ZeroMinusTick,b75e268b-88cd-545b-b3d1-bd0864d6a8f7,9.075e+07,0.5,0.9075
1658126522,ANTUSDT,Sell,109.6,1.815,ZeroMinusTick,595f9c92-f75a-5ef4-9646-4f71191d75f9,1.9892399999999996e+10,109.6,198.92399999999998
1658126635,ANTUSDT,Sell,56.9,1.815,ZeroMinusTick,9e32a584-ac38-592e-b36e-624554b18ce3,1.032735e+10,56.9,103.2735
1658126635,ANTUSDT,Sell,56.9,1.815,ZeroMinusTick,42a1c176-75e0-547a-99bc-774cae63beb1,1.032735e+10,56.9,103.2735
1658126635,ANTUSDT,Sell,56.9,1.815,ZeroMinusTick,c6c08ba5-b5b6-57a5-a8cb-a5e959ca5db7,1.032735e+10,56.9,103.2735
1658126635,ANTUSDT,Sell,48,1.815,ZeroMinusTick,758ede4f-cbcb-5d10-b982-77631b017ac5,8.712e+09,48,87.12
1658126659,ANTUSDT,Sell,541.2,1.810,MinusTick,facea003-b9ef-58ed-8c53-c2d320046ec2,9.795720000000002e+10,541.2,979.5720000000001
1658126659,ANTUSDT,Sell,458.8,1.810,ZeroMinusTick,7ad80ae2-8cea-532b-82a0-a7ade55804c6,8.30428e+10,458.8,830.428
1658126659,ANTUSDT,Sell,5.2,1.810,ZeroMinusTick,1a2216a0-97fe-5e82-9fb4-24cd9546f8e9,9.412000000000001e+08,5.2,9.412
1658126659,ANTUSDT,Sell,18.1,1.805,MinusTick,856f754a-b0f3-5d55-af19-1e5923a3bfee,3.2670500000000005e+09,18.1,32.670500000000004
1658126659,ANTUSDT,Sell,425.2,1.805,ZeroMinusTick,2ee504ab-27cc-590a-9418-8f81a7be7e45,7.67486e+10,425.2,767.486
1658126659,ANTUSDT,Sell,207.6,1.805,ZeroMinusTick,b4eb35bf-50be-54c5-a98a-2731dc5e3c1b,3.747179999999999e+10,207.6,374.71799999999996
1658126659,ANTUSDT,Sell,343.9,1.805,ZeroMinusTick,8708b845-25e9-5df2-b7a8-16ef28d59ffb,6.207394999999999e+10,343.9,620.7394999999999
1658126659,ANTUSDT,Sell,312.2,1.805,ZeroMinusTick,b57ab929-8ee2-5646-9e87-66c70365d0d5,5.635209999999999e+10,312.2,563.521
1658126659,ANTUSDT,Sell,188.4,1.805,ZeroMinusTick,f87a2ef6-0f07-52f3-bcb3-7d65602a01e5,3.40062e+10,188.4,340.062
1658126659,ANTUSDT,Sell,152.6,1.805,ZeroMinusTick,20d88d27-f6b8-51f3-8558-73db42cb9cdd,2.75443e+10,152.6,275.443
1658126659,ANTUSDT,Sell,82.8,1.805,ZeroMinusTick,4a19bc4e-d1c1-5e94-b227-f09269c13d1c,1.4945399999999998e+10,82.8,149.45399999999998
1658126659,ANTUSDT,Sell,264,1.805,ZeroMinusTick,2b372b87-a4b8-5456-b0eb-c1a0cb73f31a,4.7652e+10,264,476.52
1658126659,ANTUSDT,Sell,186,1.805,ZeroMinusTick,b1726207-cfb0-5da4-b301-4a5386564084,3.3572999999999996e+10,186,335.72999999999996
1658126659,ANTUSDT,Sell,136.1,1.805,ZeroMinusTick,707772f9-dd40-57ef-8104-f7454d87fbdf,2.456605e+10,136.1,245.66049999999998
1658126659,ANTUSDT,Sell,202.6,1.805,ZeroMinusTick,c44e5177-493c-58ca-b5b0-e4d454adb37e,3.65693e+10,202.6,365.693
1658126659,ANTUSDT,Sell,441.3,1.805,ZeroMinusTick,dea1317c-0e04-5a6d-848a-66e1acc1db39,7.965465e+10,441.3,796.5465
1658126659,ANTUSDT,Sell,34,1.805,ZeroMinusTick,b37b5296-cc25-5cb3-9b63-5342b45d0d45,6.137e+09,34,61.37
1658126659,ANTUSDT,Sell,441.3,1.805,ZeroMinusTick,8e1eeb7e-2fd8-5d04-8a44-d388064732d4,7.965465e+10,441.3,796.5465
1658126659,ANTUSDT,Sell,441.3,1.805,ZeroMinusTick,d6fe584c-6c97-5f63-ab2f-9d64ea891564,7.965465e+10,441.3,796.5465
1658126659,ANTUSDT,Sell,117.4,1.805,ZeroMinusTick,45ad9df3-9058-59e1-b094-16a8ab4b252b,2.11907e+10,117.4,211.907
1658126660,ANTUSDT,Sell,274.6,1.805,ZeroMinusTick,3645dee6-c245-5c02-a581-1d7bda2b151d,4.95653e+10,274.6,495.653
1658126660,ANTUSDT,Sell,277,1.805,ZeroMinusTick,32215bb6-4fd9-531a-8afb-c0ecf99e8763,4.999849999999999e+10,277,499.98499999999996
1658126660,ANTUSDT,Sell,55,1.805,ZeroMinusTick,ca374d73-843e-56ca-95a6-695f818ada22,9.9275e+09,55,99.27499999999999
1658126660,ANTUSDT,Sell,393.4,1.805,ZeroMinusTick,f3e8007f-71c6-5c16-96a8-d765d4cfe323,7.10087e+10,393.4,710.087
1658126680,ANTUSDT,Sell,0.1,1.800,MinusTick,46077184-4d48-5b33-8174-c498306e2f67,1.8000000000000004e+07,0.1,0.18000000000000002
1658126723,ANTUSDT,Buy,328.8,1.805,PlusTick,95226290-f3ce-5dce-9efb-747e654c983c,5.93484e+10,328.8,593.484
1658126723,ANTUSDT,Buy,215.9,1.805,ZeroMinusTick,088e70fc-b09c-52d2-b9a4-92c0587c5bfe,3.896995e+10,215.9,389.6995
1658126740,ANTUSDT,Sell,0.2,1.800,MinusTick,3cec66e5-e90a-5f8b-9616-3d224f579d6c,3.600000000000001e+07,0.2,0.36000000000000004
1658126740,ANTUSDT,Sell,1.5,1.800,ZeroMinusTick,f3b08b54-f1ea-57e8-82ec-280e186c876f,2.7e+08,1.5,2.7
1658126870,ANTUSDT,Buy,0.2,1.805,PlusTick,812e8754-6244-56d3-9623-37c86f9c2d84,3.61e+07,0.2,0.361
1658126887,ANTUSDT,Buy,0.9,1.805,ZeroMinusTick,34f19ac3-c733-5152-b48f-ebf49c1f9673,1.6245e+08,0.9,1.6245
1658127020,ANTUSDT,Sell,0.3,1.800,MinusTick,c1fd1c41-c3bc-5b95-835b-c726a01a3f25,5.4e+07,0.3,0.54
1658127120,ANTUSDT,Buy,0.2,1.810,PlusTick,2d0d661c-86e3-5088-a637-540829b96a82,3.620000000000001e+07,0.2,0.36200000000000004
1658127173,ANTUSDT,Buy,222.1,1.810,ZeroMinusTick,5de39d48-38a0-500a-b572-7ea9495941ae,4.02001e+10,222.1,402.001
1658127173,ANTUSDT,Buy,188.4,1.810,ZeroMinusTick,3d59ca27-ef7d-5e1c-8c2e-ccb90adb1f3b,3.4100400000000004e+10,188.4,341.004
1658127231,ANTUSDT,Buy,217,1.810,ZeroMinusTick,60902a6a-610d-56bc-b13a-0a622c7d94ed,3.927700000000001e+10,217,392.77000000000004
1658127231,ANTUSDT,Buy,450,1.810,ZeroMinusTick,3932262e-df85-5758-9896-786b85c4e13e,8.145e+10,450,814.5
1658127234,ANTUSDT,Sell,74.3,1.810,ZeroMinusTick,2e47dbf4-ffb3-5ca1-ac06-9a9c9118b2f2,1.34483e+10,74.3,134.483
1658127237,ANTUSDT,Sell,56.9,1.810,ZeroMinusTick,bc181b59-9ba5-5796-b513-880a84aa8fed,1.02989e+10,56.9,102.989
1658127237,ANTUSDT,Sell,56.9,1.810,ZeroMinusTick,50ae23bf-f328-5fa5-8c11-2355313fa0e3,1.02989e+10,56.9,102.989
1658127237,ANTUSDT,Sell,56.9,1.810,ZeroMinusTick,7d66dc23-7e92-501d-9a86-1ac8b2f64304,1.02989e+10,56.9,102.989
1658127237,ANTUSDT,Sell,56.9,1.810,ZeroMinusTick,91302152-dd01-5e0d-8173-f88d905c5333,1.02989e+10,56.9,102.989
1658127237,ANTUSDT,Sell,26.9,1.810,ZeroMinusTick,9240d95b-4ce5-57ae-9cfa-ffdd423b7d70,4.8689e+09,26.9,48.689
1658127270,ANTUSDT,Sell,2,1.800,MinusTick,c0a043d8-eda6-518f-9258-87cf36ca0d76,3.6e+08,2,3.6
1658127298,ANTUSDT,Buy,328.8,1.805,PlusTick,9961a530-c3f3-590a-96cf-2a87adaaf80f,5.93484e+10,328.8,593.484
1658127340,ANTUSDT,Buy,1.1,1.810,PlusTick,a6866cc2-e9c4-55b4-83ec-99e3b8aaa530,1.9910000000000003e+08,1.1,1.9910000000000003
1658127417,ANTUSDT,Sell,40.6,1.805,MinusTick,851a5d6b-e1ce-5447-a3b6-f4bcf4e05d83,7.3283e+09,40.6,73.283
1658127417,ANTUSDT,Buy,82.8,1.810,PlusTick,c6a0da90-7458-553b-9fcd-1b5b1f22448c,1.49868e+10,82.8,149.868
1658127417,ANTUSDT,Buy,4.1,1.815,PlusTick,09dfe35e-38ad-57ed-a85d-22337c09b75e,7.4415e+08,4.1,7.4415
1658127442,ANTUSDT,Sell,272.7,1.810,MinusTick,6f5d8571-5957-5fd2-9fcb-e45506ee8fbc,4.93587e+10,272.7,493.587
1658127442,ANTUSDT,Sell,56.1,1.810,ZeroMinusTick,172ba7ab-a305-5a5c-87c6-550b095edd03,1.0154100000000002e+10,56.1,101.54100000000001
1658127500,ANTUSDT,Buy,1.6,1.810,ZeroMinusTick,222f59a9-c32c-5767-bc60-c3f668a29396,2.8960000000000006e+08,1.6,2.8960000000000004
1658127542,ANTUSDT,Sell,197,1.805,MinusTick,63467c0e-e643-5659-a91d-001d9a3337b9,3.55585e+10,197,355.585
1658127542,ANTUSDT,Sell,28.2,1.805,ZeroMinusTick,9112f604-5e43-5ae8-bf5e-055529906da4,5.0901e+09,28.2,50.900999999999996
1658127650,ANTUSDT,Buy,1.2,1.800,MinusTick,39a2d4c1-8b0d-5510-8511-c5e16025bcf1,2.16e+08,1.2,2.16
1658127746,ANTUSDT,Buy,7.4,1.800,ZeroMinusTick,d9ab0844-b8ec-558a-bafa-36bd2772cd65,1.332e+09,7.4,13.32
1658127746,ANTUSDT,Buy,56.9,1.800,ZeroMinusTick,0960901b-9bc7-5632-b7c7-fc650a1319a3,1.0242e+10,56.9,102.42
1658127746,ANTUSDT,Buy,56.9,1.800,ZeroMinusTick,988d1a97-15f8-59ff-b972-7464e8b400d9,1.0242e+10,56.9,102.42
1658127746,ANTUSDT,Buy,56.9,1.800,ZeroMinusTick,40e253d8-464c-5ac4-8765-fb7600cae6be,1.0242e+10,56.9,102.42
1658127746,ANTUSDT,Buy,56.9,1.800,ZeroMinusTick,e135dc5e-b647-5020-8243-0f0273426264,1.0242e+10,56.9,102.42
1658127746,ANTUSDT,Buy,56.9,1.800,ZeroMinusTick,8ddd9bf9-ad7b-55a8-a46d-9658f74395e9,1.0242e+10,56.9,102.42
1658127746,ANTUSDT,Buy,35.7,1.800,ZeroMinusTick,64e848af-3ac0-583b-96d2-0083f58f6f0b,6.426000000000001e+09,35.7,64.26
1658127750,ANTUSDT,Buy,53.9,1.805,PlusTick,90776449-b39d-5221-a6ca-33eff4747445,9.728949999999998e+09,53.9,97.28949999999999
1658127760,ANTUSDT,Sell,0.5,1.800,MinusTick,8f1573f8-e142-5b7d-9761-13f711082178,9e+07,0.5,0.9
1658127824,ANTUSDT,Buy,33.4,1.805,PlusTick,f40f532a-88d0-53e4-8052-9937bd52158e,6.028699999999999e+09,33.4,60.28699999999999
1658127850,ANTUSDT,Buy,1.9,1.805,ZeroMinusTick,919f5d19-3598-5a9c-9772-05e717138be9,3.4294999999999994e+08,1.9,3.4294999999999995
1658128030,ANTUSDT,Buy,1.6,1.810,PlusTick,399beb23-bf30-5389-8459-4db9a047fc26,2.8960000000000006e+08,1.6,2.8960000000000004
1658128130,ANTUSDT,Sell,1.1,1.810,ZeroMinusTick,9668c4e5-93c2-58ba-be00-5a5508c6b059,1.9910000000000003e+08,1.1,1.9910000000000003
1658128139,ANTUSDT,Sell,56.9,1.810,ZeroMinusTick,46b8e953-8b64-51b3-bf35-7fdb52afd8b0,1.02989e+10,56.9,102.989
1658128139,ANTUSDT,Sell,270.8,1.810,ZeroMinusTick,c1f58beb-7218-5b14-9f06-7778a969d28d,4.90148e+10,270.8,490.148
1658128223,ANTUSDT,Buy,56.9,1.810,ZeroMinusTick,8335c82b-ea6e-5b0b-a6c2-cd2f05ff0fe8,1.02989e+10,56.9,102.989
1658128223,ANTUSDT,Buy,56.9,1.810,ZeroMinusTick,bf54ba44-484c-5fb1-80b8-f41803cf16dd,1.02989e+10,56.9,102.989
1658128223,ANTUSDT,Buy,214.9,1.810,ZeroMinusTick,5091138d-b76b-5528-85a0-cb84cd458eb9,3.88969e+10,214.9,388.969
1658128223,ANTUSDT,Buy,0.1,1.810,ZeroMinusTick,6af8d9ad-13e0-5044-9283-f22bd569a1ce,1.8100000000000004e+07,0.1,0.18100000000000002
1658128327,ANTUSDT,Sell,26,1.810,ZeroMinusTick,71648fa2-8eef-5fe0-a750-a616b5a132cc,4.706e+09,26,47.06
1658128330,ANTUSDT,Buy,0.2,1.815,PlusTick,e40da0fc-fcd3-5694-9286-4282e1fca6e5,3.63e+07,0.2,0.363
1658128330,ANTUSDT,Buy,0.4,1.815,ZeroMinusTick,7cc76f3c-a075-5ddd-a404-f6ca385a20ab,7.26e+07,0.4,0.726
1658128371,ANTUSDT,Sell,48,1.810,MinusTick,a06030c2-801a-51a5-bf09-d2d319f5a78a,8.688e+09,48,86.88
1658128371,ANTUSDT,Sell,48,1.810,ZeroMinusTick,dbda151d-11b6-50f7-a7a5-ae087beebc97,8.688e+09,48,86.88
1658128371,ANTUSDT,Sell,32,1.810,ZeroMinusTick,6c4e775b-b339-5ddf-8e9c-99233de37a83,5.792e+09,32,57.92
1658128373,ANTUSDT,Sell,200.8,1.810,ZeroMinusTick,891a7a3d-639a-51cc-84d8-da08587a31d8,3.63448e+10,200.8,363.44800000000004
1658128470,ANTUSDT,Sell,0.2,1.800,MinusTick,d2a12a7b-3565-51a3-9344-993b6a413cde,3.600000000000001e+07,0.2,0.36000000000000004
1658128470,ANTUSDT,Sell,1,1.800,ZeroMinusTick,38c074d7-4fc9-54ee-977a-1b531abb8ecb,1.8e+08,1,1.8
1658128640,ANTUSDT,Buy,0.1,1.800,ZeroMinusTick,0c88787d-fd6b-57bd-99c4-079801853584,1.8000000000000004e+07,0.1,0.18000000000000002
1658128721,ANTUSDT,Buy,0.1,1.795,MinusTick,61c1973e-d08d-51e2-a095-72c32cd25392,1.795e+07,0.1,0.1795
1658128758,ANTUSDT,Sell,13.9,1.790,MinusTick,12a4704c-1981-55df-a5c1-5e495a6694ec,2.4881e+09,13.9,24.881
1658128758,ANTUSDT,Sell,4.2,1.790,ZeroMinusTick,6eb03468-a84e-57b1-b3f8-97f49df58e2f,7.518000000000001e+08,4.2,7.518000000000001
1658128758,ANTUSDT,Sell,419,1.790,ZeroMinusTick,2748577d-045a-5542-99cb-1fea7d56a3fe,7.5001e+10,419,750.01
1658128758,ANTUSDT,Sell,82.8,1.790,ZeroMinusTick,49c2092c-f5f8-5690-bbfd-9505819920d6,1.4821199999999998e+10,82.8,148.212
1658128758,ANTUSDT,Sell,189.9,1.790,ZeroMinusTick,c53dc749-a3df-5dda-b1bb-498617b0b579,3.39921e+10,189.9,339.921
1658128758,ANTUSDT,Sell,290.2,1.790,ZeroMinusTick,16347ae7-e5a6-5198-8289-be53c9b96e39,5.19458e+10,290.2,519.458
1658128759,ANTUSDT,Sell,371.3,1.790,ZeroMinusTick,94f070ab-45b9-5b5b-aaf0-60a947e73c1c,6.646270000000001e+10,371.3,664.6270000000001
1658128759,ANTUSDT,Sell,445,1.790,ZeroMinusTick,0af07d24-bb25-5b6d-a66a-fe72250a4a98,7.9655e+10,445,796.5500000000001
1658128759,ANTUSDT,Sell,183.7,1.790,ZeroMinusTick,8b2f1baf-5ab3-5b79-a185-13d36fe832f0,3.2882299999999996e+10,183.7,328.823
1658128760,ANTUSDT,Sell,445,1.790,ZeroMinusTick,472fc578-6fd6-55e2-aae3-1ad10dbe5881,7.9655e+10,445,796.5500000000001
1658128760,ANTUSDT,Sell,445,1.790,ZeroMinusTick,53c268f8-3fba-53a1-8077-623bf15d7dde,7.9655e+10,445,796.5500000000001
1658128760,ANTUSDT,Sell,110,1.790,ZeroMinusTick,03e7b1c1-1d4a-5a39-ac68-cde397a530b6,1.969e+10,110,196.9
1658128761,ANTUSDT,Sell,169.3,1.790,ZeroMinusTick,1f1d4ae6-76c2-5cde-b783-4abae99197ba,3.0304700000000004e+10,169.3,303.047
1658128761,ANTUSDT,Sell,445.6,1.790,ZeroMinusTick,c5f362dd-5066-5caa-a283-f1cfc55e8548,7.97624e+10,445.6,797.624
1658128761,ANTUSDT,Sell,385.1,1.790,ZeroMinusTick,1bc67e38-f1b8-549a-827d-7f732e1e20de,6.89329e+10,385.1,689.3290000000001
1658128763,ANTUSDT,Sell,64.9,1.790,ZeroMinusTick,56e4e765-9701-5fcc-8abe-9fdbb87970e0,1.16171e+10,64.9,116.171
1658128763,ANTUSDT,Sell,111.2,1.790,ZeroMinusTick,3192f362-dac8-5ba9-855c-43681834c3ae,1.99048e+10,111.2,199.048
1658128763,ANTUSDT,Sell,18.1,1.790,ZeroMinusTick,1d5d10be-7b26-59c7-96a4-0249c6a1c6f2,3.2399e+09,18.1,32.399
1658128763,ANTUSDT,Sell,66,1.790,ZeroMinusTick,5f421758-e9a6-5827-a2e0-5b445eec9fd5,1.1814e+10,66,118.14
1658128763,ANTUSDT,Sell,739.8,1.790,ZeroMinusTick,0fc57b2d-03b2-5c08-a709-20cba45f9683,1.324242e+11,739.8,1324.242
1658128764,ANTUSDT,Sell,260.2,1.790,ZeroMinusTick,d10a1caa-7cf0-59e1-9e37-4c4635c7fcbb,4.65758e+10,260.2,465.758
1658128764,ANTUSDT,Sell,169.1,1.790,ZeroMinusTick,e9aece1f-79a2-5116-83a6-6c68c95734d4,3.0268900000000004e+10,169.1,302.689
1658128861,ANTUSDT,Sell,0.6,1.790,ZeroMinusTick,fbf0640d-0e54-5880-8d60-2179f80831b4,1.074e+08,0.6,1.074
1658128862,ANTUSDT,Sell,32.7,1.790,ZeroMinusTick,19ae7c2c-7896-56a3-b99c-5d72ac4e28c2,5.853300000000001e+09,32.7,58.53300000000001
1658128926,ANTUSDT,Sell,0.2,1.785,MinusTick,20082275-7a66-58ca-bd78-ac3c8688d6f8,3.57e+07,0.2,0.357
1658128987,ANTUSDT,Buy,55.2,1.785,ZeroMinusTick,c3dba0d7-3521-524b-85c9-a46a6cfad286,9.8532e+09,55.2,98.532
1658128987,ANTUSDT,Buy,55.2,1.785,ZeroMinusTick,a3846558-f736-557e-a7cf-5d2eaab539a2,9.8532e+09,55.2,98.532
1658128987,ANTUSDT,Buy,55.2,1.785,ZeroMinusTick,d70dc72a-2534-506a-ad22-3019aac39316,9.8532e+09,55.2,98.532
1658128987,ANTUSDT,Buy,55.2,1.785,ZeroMinusTick,3158239a-b20f-5208-b7ee-85ee6ebb03b9,9.8532e+09,55.2,98.532
1658128987,ANTUSDT,Buy,0.1,1.785,ZeroMinusTick,85cd8f1e-8e1c-5849-9f77-6c25455c446a,1.785e+07,0.1,0.1785
1658128987,ANTUSDT,Buy,55.2,1.785,ZeroMinusTick,92b330d6-b561-55e8-bc5c-ad7f6d8ca95e,9.8532e+09,55.2,98.532
1658128987,ANTUSDT,Buy,52.7,1.785,ZeroMinusTick,34d36f54-e1af-5686-8f3d-09a88842f730,9.40695e+09,52.7,94.0695
1658129021,ANTUSDT,Buy,131,1.790,PlusTick,bdb68883-853d-5b3e-acf0-b84784f3a6fe,2.3449e+10,131,234.49
1658129021,ANTUSDT,Buy,321,1.790,ZeroMinusTick,764c2e2e-9581-55c1-86d4-627c45f1e686,5.7459e+10,321,574.59
1658129021,ANTUSDT,Buy,72,1.790,ZeroMinusTick,446f3bf0-2d75-5a15-b0d7-ec1c8efc90f7,1.2888e+10,72,128.88
1658129061,ANTUSDT,Sell,0.1,1.790,ZeroMinusTick,6989fc53-6c06-51f2-bb6c-7a2f3485db43,1.7900000000000004e+07,0.1,0.17900000000000002
1658129161,ANTUSDT,Sell,0.1,1.790,ZeroMinusTick,2c9dc7e5-1398-5057-8a25-15c68c93f57b,1.7900000000000004e+07,0.1,0.17900000000000002
1658129182,ANTUSDT,Sell,449.8,1.790,ZeroMinusTick,f7fbe84c-935b-5a92-8380-40a41895d8fb,8.05142e+10,449.8,805.142
1658129182,ANTUSDT,Sell,28.3,1.790,ZeroMinusTick,06941b6f-0097-57f2-aeb6-5adc5bc55c48,5.0657e+09,28.3,50.657000000000004
1658129222,ANTUSDT,Buy,0.2,1.800,PlusTick,fb146a62-18de-5d3d-94d3-6baae512eb42,3.600000000000001e+07,0.2,0.36000000000000004
1658129222,ANTUSDT,Buy,5.3,1.800,ZeroMinusTick,7013d30d-6487-5732-ac86-5a3c9f9d09d6,9.539999999999999e+08,5.3,9.54
1658129222,ANTUSDT,Buy,58,1.800,ZeroMinusTick,ea0b6eb6-4e0c-59f6-804f-32544b04a7fd,1.044e+10,58,104.4
1658129227,ANTUSDT,Buy,375.3,1.800,ZeroMinusTick,b8144d4f-2545-5328-8121-6eca1a114e98,6.755400000000001e+10,375.3,675.5400000000001
1658129227,ANTUSDT,Buy,85.7,1.800,ZeroMinusTick,d6964a48-9bce-5e9d-b430-1ee8b93f78bb,1.5426000000000002e+10,85.7,154.26000000000002
1658129227,ANTUSDT,Buy,91.2,1.800,ZeroMinusTick,8834dfb2-4a64-5940-8de4-697fb7242412,1.6416e+10,91.2,164.16
1658129233,ANTUSDT,Buy,273.1,1.800,ZeroMinusTick,64c5a033-42c7-5336-8cd0-057d590634a8,4.915800000000001e+10,273.1,491.58000000000004
1658129233,ANTUSDT,Buy,152.6,1.800,ZeroMinusTick,7e1c1ea6-c7e6-52fa-bd38-4a74b5492d04,2.7468e+10,152.6,274.68
1658129233,ANTUSDT,Buy,82.8,1.800,ZeroMinusTick,b03b0813-7707-572e-9524-8be8a0d67f33,1.4904e+10,82.8,149.04
1658129233,ANTUSDT,Buy,45.9,1.800,ZeroMinusTick,4408f990-6685-5c92-899d-ab6bb3d3838c,8.262e+09,45.9,82.62
1658129233,ANTUSDT,Buy,180.6,1.800,ZeroMinusTick,70f0614a-d7ae-5807-8a6c-68085c6c2cf4,3.2508e+10,180.6,325.08
1658129235,ANTUSDT,Buy,461,1.800,ZeroMinusTick,a0c1e4b4-2295-54bb-be5b-ec31082b61ff,8.298e+10,461,829.8000000000001
1658129235,ANTUSDT,Buy,19.9,1.800,ZeroMinusTick,c6095795-c4ce-5e5a-8718-ef4717c7d1af,3.582e+09,19.9,35.82
1658129235,ANTUSDT,Buy,360.1,1.800,ZeroMinusTick,79773ac2-02be-59d7-a4de-c8a04d9c8c19,6.481800000000001e+10,360.1,648.1800000000001
1658129236,ANTUSDT,Buy,346,1.800,ZeroMinusTick,4222e1d5-f0ae-50a4-a883-7385b0dbfc01,6.228000000000001e+10,346,622.8000000000001
1658129236,ANTUSDT,Buy,145,1.800,ZeroMinusTick,2915eab3-95ef-5961-9b1f-97284e74c612,2.61e+10,145,261
1658129237,ANTUSDT,Buy,29,1.800,ZeroMinusTick,87c25802-72ce-5164-a220-6c9efd62a838,5.22e+09,29,52.2
1658129238,ANTUSDT,Buy,260,1.800,ZeroMinusTick,c2b60e26-a18c-52ae-b14a-7211cc479dba,4.68e+10,260,468
1658129241,ANTUSDT,Buy,114,1.800,ZeroMinusTick,7d49988c-124d-51e3-b15d-42b900d10c8d,2.052e+10,114,205.20000000000002
1658129241,ANTUSDT,Buy,115,1.800,ZeroMinusTick,b1705c9d-8c7c-5de5-b0c0-5919d5c11e52,2.07e+10,115,207
1658129242,ANTUSDT,Buy,48.7,1.800,ZeroMinusTick,c437a803-d760-556d-b543-e7365c6cf61d,8.766000000000002e+09,48.7,87.66000000000001
1658129242,ANTUSDT,Buy,56,1.800,ZeroMinusTick,cc1290a5-ab13-591f-a81f-c7fc9d44bd0f,1.008e+10,56,100.8
1658129242,ANTUSDT,Buy,66,1.800,ZeroMinusTick,d1e120ce-feb3-589a-90a3-c4238c5be02b,1.188e+10,66,118.8
1658129242,ANTUSDT,Buy,445,1.800,ZeroMinusTick,09b29c71-6150-529f-b793-fda14b87d5d3,8.01e+10,445,801
1658129242,ANTUSDT,Buy,274.8,1.800,ZeroMinusTick,6340d0d5-0f8f-5207-be9d-5bb304eae99c,4.946400000000001e+10,274.8,494.64000000000004
1658129242,ANTUSDT,Buy,43,1.800,ZeroMinusTick,07b06708-e963-580d-a213-1b04bb2a4069,7.740000000000001e+09,43,77.4
1658129242,ANTUSDT,Buy,66.5,1.800,ZeroMinusTick,d72575da-9390-5c8e-aeed-6744faa63c9f,1.197e+10,66.5,119.7
1658129244,ANTUSDT,Buy,391.9,1.800,ZeroMinusTick,e7adb3b2-4c47-5636-994b-23579c496e3b,7.0542e+10,391.9,705.42
1658129244,ANTUSDT,Buy,72,1.800,ZeroMinusTick,7c48edeb-cac1-5f38-9912-c35381ef74d4,1.296e+10,72,129.6
1658129244,ANTUSDT,Buy,152.6,1.800,ZeroMinusTick,f28ab9fe-7def-57b8-bf28-223ffa78a341,2.7468e+10,152.6,274.68
1658129244,ANTUSDT,Buy,13.5,1.800,ZeroMinusTick,465dfd92-99c5-5aa0-bb62-e74e16cf217e,2.43e+09,13.5,24.3
1658129245,ANTUSDT,Buy,69.3,1.800,ZeroMinusTick,607b4bc3-e664-5a55-bf02-25b04a674ca5,1.2474e+10,69.3,124.74
1658129245,ANTUSDT,Buy,1.7,1.800,ZeroMinusTick,f72f9e3a-c1cf-531a-aef8-263c181e8266,3.06e+08,1.7,3.06
1658129245,ANTUSDT,Sell,334,1.795,MinusTick,b164260c-6127-5d30-88db-084426b69f5f,5.9953e+10,334,599.53
1658129245,ANTUSDT,Sell,19.1,1.795,ZeroMinusTick,5565b049-edcd-5429-8f29-6c017ff8089b,3.42845e+09,19.1,34.2845
1658129245,ANTUSDT,Sell,328.8,1.795,ZeroMinusTick,cd2e73c9-44ab-5b9d-b274-f643eb21c0e9,5.90196e+10,328.8,590.196
1658129301,ANTUSDT,Sell,1.1,1.790,MinusTick,438e025f-7a7d-5543-b014-97275b90fca0,1.9690000000000003e+08,1.1,1.9690000000000003
1658129302,ANTUSDT,Buy,226.4,1.795,PlusTick,b3ff8d6c-fdcd-58d5-916c-3830ac924fda,4.06388e+10,226.4,406.388
1658129367,ANTUSDT,Buy,102.3,1.795,ZeroMinusTick,57f4f70f-f30a-5c1c-b18b-362693f0b71a,1.8362849999999996e+10,102.3,183.62849999999997
1658129463,ANTUSDT,Sell,11,1.785,MinusTick,b74bade0-e4ef-58e6-8189-a6308ff0dae6,1.9634999999999998e+09,11,19.634999999999998
1658129521,ANTUSDT,Sell,0.1,1.790,PlusTick,6041c835-9412-5307-a4d5-e5a84038ba94,1.7900000000000004e+07,0.1,0.17900000000000002
1658129671,ANTUSDT,Sell,0.1,1.785,MinusTick,29c7a62e-a3d9-5b2e-83e6-186f53b6c510,1.785e+07,0.1,0.1785
1658129692,ANTUSDT,Buy,55.2,1.790,PlusTick,c7ad7cda-17a0-52bb-8835-5c9db88078c7,9.8808e+09,55.2,98.808
1658129692,ANTUSDT,Buy,55.2,1.790,ZeroMinusTick,bdadbe99-53ec-5522-bab0-84e0decdbc39,9.8808e+09,55.2,98.808
1658129692,ANTUSDT,Buy,55.2,1.790,ZeroMinusTick,c6d13b3b-f5e9-5257-bd94-d4f5fdfd7a7f,9.8808e+09,55.2,98.808
