timestamp,symbol,side,size,price,tickDirection,trdMatchID,grossValue,homeNotional,foreignNotional
1658188818,ANTUSDT,Buy,375.6,1.910,MinusTick,2413923f-9f2e-5aa0-af0f-bf4cb740a38e,7.17396e+10,375.6,717.396
1658188853,ANTUSDT,Buy,0.6,1.915,PlusTick,219cfd00-e1cd-5735-8df3-dd674dc82702,1.149e+08,0.6,1.149
1658188853,ANTUSDT,Buy,0.9,1.915,ZeroMinusTick,a3d1383e-4957-564c-af3d-01218d791b93,1.7235e+08,0.9,1.7235
1658188875,ANTUSDT,Sell,0.2,1.905,MinusTick,e906ade3-4aa4-51fd-802e-718eec1e6d82,3.81e+07,0.2,0.381
1658188924,ANTUSDT,Sell,2,1.895,MinusTick,529f8f59-8019-528e-8a4c-6d48b3c477db,3.79e+08,2,3.79
1658188973,ANTUSDT,Buy,1.5,1.900,PlusTick,bbfe1df2-0c23-5f32-a292-38acb1cdf57d,2.8499999999999994e+08,1.5,2.8499999999999996
1658188991,ANTUSDT,Sell,80.9,1.895,MinusTick,87296655-d794-5641-930f-c779a4c337aa,1.5330550000000002e+10,80.9,153.30550000000002
1658188995,ANTUSDT,Sell,0.1,1.890,MinusTick,9329a60d-d5b4-5896-b2ab-4957d61d8fd8,1.89e+07,0.1,0.189
1658188995,ANTUSDT,Sell,0.1,1.890,ZeroMinusTick,6f3d960e-f13f-522e-bb0a-62607b9e2c1c,1.89e+07,0.1,0.189
1658189003,ANTUSDT,Buy,131.3,1.890,ZeroMinusTick,bcceab26-49d0-5c9b-8199-e138ec58cd6b,2.48157e+10,131.3,248.157
1658189083,ANTUSDT,Sell,1.3,1.895,PlusTick,df70f282-8b1b-52bf-8f96-3332042313e4,2.4635000000000003e+08,1.3,2.4635000000000002
1658189091,ANTUSDT,Buy,274.2,1.900,PlusTick,0b34c509-b15a-58ee-981b-4376225dae42,5.209799999999999e+10,274.2,520.9799999999999
1658189091,ANTUSDT,Buy,25.8,1.900,ZeroMinusTick,18126708-3ccc-5a44-8879-539c6fba78f4,4.902e+09,25.8,49.019999999999996
1658189117,ANTUSDT,Buy,0.2,1.905,PlusTick,4b3e85d7-cba4-53fa-9bbd-583663200e45,3.81e+07,0.2,0.381
1658189153,ANTUSDT,Sell,1.3,1.895,MinusTick,b2ceaf9d-9d32-59d1-bf55-51fcb69853f2,2.4635000000000003e+08,1.3,2.4635000000000002
1658189263,ANTUSDT,Buy,0.1,1.905,PlusTick,9dd31d00-a59d-54fa-bf73-c5cbfb4a27ec,1.905e+07,0.1,0.1905
1658189383,ANTUSDT,Buy,0.1,1.915,PlusTick,79c17555-0a66-5e55-aa32-fc77499f0352,1.915e+07,0.1,0.1915
1658189386,ANTUSDT,Buy,125.1,1.915,ZeroMinusTick,d01a57d1-c1be-5dc5-bc5d-7865c13731d2,2.395665e+10,125.1,239.5665
1658189464,ANTUSDT,Buy,0.2,1.920,PlusTick,7d803a78-e42f-5b4b-957e-7463955b3969,3.84e+07,0.2,0.384
1658189492,ANTUSDT,Buy,0.1,1.930,PlusTick,bf374b62-0bce-563f-8b0a-8ebcc24b8ce4,1.93e+07,0.1,0.193
1658189492,ANTUSDT,Buy,103.8,1.930,ZeroMinusTick,7fd20d6f-8d43-50d9-86c0-8851e1b87bf6,2.0033399999999996e+10,103.8,200.33399999999997
1658189492,ANTUSDT,Sell,40,1.925,MinusTick,979cfc0b-995d-5ce2-bc96-cf25eed9749a,7.7e+09,40,77
1658189501,ANTUSDT,Sell,62.5,1.930,PlusTick,fd53f80e-9033-551c-8031-3003634d9f7a,1.20625e+10,62.5,120.625
1658189501,ANTUSDT,Sell,250.1,1.930,ZeroMinusTick,ecb586a9-c3b7-53dc-871a-8f828dc8698c,4.82693e+10,250.1,482.693
1658189501,ANTUSDT,Sell,95,1.930,ZeroMinusTick,c5cbb9ac-e31b-5895-b020-f3c4ea878284,1.8335e+10,95,183.35
1658189501,ANTUSDT,Sell,157.7,1.930,ZeroMinusTick,cceae497-4396-5bbc-bb28-3e07bacac66d,3.04361e+10,157.7,304.361
1658189502,ANTUSDT,Sell,190.5,1.930,ZeroMinusTick,7fe8d7e9-7524-54eb-9a60-a9fe9ac9aae7,3.67665e+10,190.5,367.66499999999996
1658189502,ANTUSDT,Sell,81.1,1.930,ZeroMinusTick,71bb257b-0af6-57d9-9ec1-35b1025be4b3,1.56523e+10,81.1,156.523
1658189507,ANTUSDT,Sell,10,1.925,MinusTick,c11187e7-d59a-54a6-8dca-53f8dd952cf6,1.925e+09,10,19.25
1658189507,ANTUSDT,Sell,33,1.925,ZeroMinusTick,cd253be4-f0b5-5c0c-8cee-fe7c1f08e56a,6.3525e+09,33,63.525
1658189507,ANTUSDT,Sell,145.4,1.925,ZeroMinusTick,206b8412-743f-5d42-a4ca-e2b64e95d144,2.7989500000000004e+10,145.4,279.89500000000004
1658189507,ANTUSDT,Sell,12.3,1.925,ZeroMinusTick,e5247f23-0186-5730-85e9-863e9a3f9b7c,2.36775e+09,12.3,23.677500000000002
1658189507,ANTUSDT,Sell,59.7,1.925,ZeroMinusTick,744b1826-2bdc-5ab3-b01e-2575738da18b,1.1492250000000002e+10,59.7,114.92250000000001
1658189540,ANTUSDT,Buy,52,1.915,MinusTick,7beee4ff-d4ec-57df-b53e-951b977ab292,9.958e+09,52,99.58
1658189553,ANTUSDT,Sell,1.7,1.915,ZeroMinusTick,ba7114c2-253e-5419-9c6f-861102c8a046,3.2555e+08,1.7,3.2555
1658189556,ANTUSDT,Buy,52,1.920,PlusTick,66f2af69-7c7c-56e7-885f-95bdbbea72f9,9.984e+09,52,99.84
1658189589,ANTUSDT,Sell,40,1.925,PlusTick,6ce05e1b-dfca-5f3c-8d67-25938b0d2f82,7.7e+09,40,77
1658189590,ANTUSDT,Sell,40,1.925,ZeroMinusTick,8f23a146-90b2-5ce9-a644-54957d79ceac,7.7e+09,40,77
1658189590,ANTUSDT,Sell,52.1,1.925,ZeroMinusTick,0cc8975c-4cef-56bf-8e7d-00be623a94f5,1.002925e+10,52.1,100.2925
1658189590,ANTUSDT,Sell,52.1,1.925,ZeroMinusTick,fdc0bc55-59c0-51f4-8a1b-d945480a88e1,1.002925e+10,52.1,100.2925
1658189590,ANTUSDT,Sell,52.1,1.925,ZeroMinusTick,1ce3cf9f-2309-518b-ad5f-8837a014e26d,1.002925e+10,52.1,100.2925
1658189590,ANTUSDT,Sell,1.8,1.925,ZeroMinusTick,6b600fe5-cc55-5100-bfec-b34f735b3016,3.4650000000000006e+08,1.8,3.4650000000000003
1658189590,ANTUSDT,Sell,50.3,1.925,ZeroMinusTick,441c4fa7-1af2-5ee7-801a-e3c479eb5542,9.68275e+09,50.3,96.8275
1658189590,ANTUSDT,Sell,44,1.925,ZeroMinusTick,b61912f2-8e1e-5e05-9d8b-e17f0a4bb0ca,8.47e+09,44,84.7
1658189590,ANTUSDT,Sell,403.8,1.925,ZeroMinusTick,d435e4cf-76c6-5274-ba11-43e5dcf05860,7.77315e+10,403.8,777.315
1658189590,ANTUSDT,Sell,42.2,1.925,ZeroMinusTick,0d4ec4cf-33f3-5bdd-b9ae-20cffee23815,8.123500000000001e+09,42.2,81.23500000000001
1658189590,ANTUSDT,Sell,42.9,1.925,ZeroMinusTick,86e9c8c0-b2ee-5547-8f8c-302a9790f6b7,8.25825e+09,42.9,82.5825
1658189597,ANTUSDT,Sell,146.4,1.920,MinusTick,14765bb7-926e-5930-8739-a8d851657f2d,2.8108800000000004e+10,146.4,281.088
1658189597,ANTUSDT,Sell,70,1.920,ZeroMinusTick,0ebc2fcf-7322-5c49-b4bd-f3086c9101ed,1.344e+10,70,134.4
1658189667,ANTUSDT,Buy,138.8,1.920,ZeroMinusTick,13e9d1d1-6fb6-510a-9bec-fafc869c40cb,2.6649600000000004e+10,138.8,266.49600000000004
1658189703,ANTUSDT,Buy,0.2,1.915,MinusTick,aac574d7-16f9-58c8-af56-1f1c976f2c60,3.83e+07,0.2,0.383
1658189820,ANTUSDT,Buy,102.1,1.910,MinusTick,60782792-ca2e-5e06-bf11-510310d8659e,1.9501099999999996e+10,102.1,195.01099999999997
1658189830,ANTUSDT,Buy,52.8,1.915,PlusTick,059a3f76-5075-5f89-9830-70082738d0b1,1.01112e+10,52.8,101.112
1658189883,ANTUSDT,Buy,0.1,1.920,PlusTick,65b5c90e-9ffc-5fdb-8cbf-2873d12edc23,1.92e+07,0.1,0.192
1658189978,ANTUSDT,Sell,0.1,1.905,MinusTick,b6b91ff0-f64c-51b5-acc5-7bf035b0a132,1.905e+07,0.1,0.1905
1658189978,ANTUSDT,Sell,0.1,1.905,ZeroMinusTick,d8d5ae0b-d662-5cda-80e7-e290377c82c5,1.905e+07,0.1,0.1905
1658189978,ANTUSDT,Sell,188.3,1.900,MinusTick,1b60152c-2a25-5978-bf25-13f2e4b3fbc8,3.5777e+10,188.3,357.77
1658190004,ANTUSDT,Buy,0.7,1.905,PlusTick,d97db41d-9ef9-5829-ad57-ccab9df04f0c,1.3334999999999999e+08,0.7,1.3335
1658190054,ANTUSDT,Buy,0.1,1.900,MinusTick,36847d12-84a7-5f96-a214-fba5ec3998e9,1.9e+07,0.1,0.19
1658190074,ANTUSDT,Buy,0.5,1.900,ZeroMinusTick,b59f8df5-b562-56ca-ba8a-03d579e46f96,9.5e+07,0.5,0.95
1658190097,ANTUSDT,Buy,0.1,1.900,ZeroMinusTick,f0bc12de-3f71-559b-b57f-77bd702f32c7,1.9e+07,0.1,0.19
1658190194,ANTUSDT,Buy,0.8,1.905,PlusTick,e06eee95-2561-504c-b9fe-ad65ec4e6969,1.524e+08,0.8,1.524
1658190240,ANTUSDT,Buy,209.4,1.905,ZeroMinusTick,672bbe5d-9d26-5d33-85c9-937eda489e12,3.989070000000001e+10,209.4,398.90700000000004
1658190265,ANTUSDT,Sell,50,1.895,MinusTick,7dbb7f6e-fb49-53f8-9211-d33b4827340a,9.475e+09,50,94.75
1658190281,ANTUSDT,Sell,0.2,1.890,MinusTick,3a56a6f3-a395-595c-8f0a-1384511b5bbd,3.78e+07,0.2,0.378
1658190334,ANTUSDT,Buy,0.5,1.895,PlusTick,8f9f4752-0f84-598c-8788-6d0fe6b7c778,9.475e+07,0.5,0.9475
1658190437,ANTUSDT,Sell,1.9,1.880,MinusTick,a97736a4-ce40-523c-a84d-5ca463fb3694,3.5719999999999994e+08,1.9,3.5719999999999996
1658190437,ANTUSDT,Sell,116.1,1.880,ZeroMinusTick,d764f018-c2ef-5cdd-a03b-cc9a3524f632,2.1826799999999996e+10,116.1,218.26799999999997
1658190437,ANTUSDT,Sell,9.7,1.880,ZeroMinusTick,b5dca97c-db51-50bb-a33e-9ae555baa9dc,1.8235999999999998e+09,9.7,18.235999999999997
1658190437,ANTUSDT,Sell,263.6,1.880,ZeroMinusTick,85de5603-264b-594f-8392-1e06e78d7960,4.955680000000001e+10,263.6,495.56800000000004
1658190453,ANTUSDT,Sell,0.2,1.875,MinusTick,a092cd18-9cdc-5238-bc84-02e3b85d27ff,3.75e+07,0.2,0.375
1658190453,ANTUSDT,Sell,33.3,1.875,ZeroMinusTick,3d0d953b-52c3-5a07-9e71-7ceb9aada177,6.243749999999999e+09,33.3,62.43749999999999
1658190453,ANTUSDT,Sell,69.9,1.875,ZeroMinusTick,619c466b-d05e-58d5-8d4c-a6fc77a2b940,1.310625e+10,69.9,131.0625
1658190453,ANTUSDT,Sell,46.6,1.875,ZeroMinusTick,3bb2522d-c295-5898-8d05-0f0903f490ee,8.7375e+09,46.6,87.375
1658190482,ANTUSDT,Sell,80.7,1.875,ZeroMinusTick,4a364ead-4a8c-56de-a332-7978e7d1429a,1.513125e+10,80.7,151.3125
1658190504,ANTUSDT,Sell,1.8,1.875,ZeroMinusTick,1609d953-64e1-5f0b-9a12-48f101904486,3.375e+08,1.8,3.375
1658190557,ANTUSDT,Sell,197.8,1.885,PlusTick,d38e55e4-a769-59d0-a102-24d930c8ff41,3.72853e+10,197.8,372.853
1658190636,ANTUSDT,Buy,52.1,1.890,PlusTick,ecdc238c-d528-5f8b-b431-85815e430411,9.8469e+09,52.1,98.469
1658190636,ANTUSDT,Buy,52.1,1.890,ZeroMinusTick,aaa8c3bf-6ea5-5e5c-88f6-a986d79e45ed,9.8469e+09,52.1,98.469
1658190636,ANTUSDT,Buy,52.1,1.890,ZeroMinusTick,77d532ba-a54b-5458-8cec-334af012e97d,9.8469e+09,52.1,98.469
1658190636,ANTUSDT,Buy,52.1,1.890,ZeroMinusTick,9b706e61-4774-50c8-9370-b2443ab75ebf,9.8469e+09,52.1,98.469
1658190636,ANTUSDT,Buy,52.1,1.890,ZeroMinusTick,e914f73a-229e-5a00-b43c-99b66612993d,9.8469e+09,52.1,98.469
1658190640,ANTUSDT,Buy,52.1,1.890,ZeroMinusTick,8b7da83a-f736-5cce-9b8a-c3f0f1cb334d,9.8469e+09,52.1,98.469
1658190640,ANTUSDT,Buy,52.1,1.890,ZeroMinusTick,d0f215f7-ad2f-5014-b94e-3d6e1aaf1073,9.8469e+09,52.1,98.469
1658190640,ANTUSDT,Buy,52.1,1.890,ZeroMinusTick,1a86c836-eecb-5a28-8fb9-08b612d5190e,9.8469e+09,52.1,98.469
1658190640,ANTUSDT,Buy,52.1,1.890,ZeroMinusTick,4c2bb252-91b1-5ac1-a69c-2753042cf661,9.8469e+09,52.1,98.469
1658190640,ANTUSDT,Buy,52.1,1.890,ZeroMinusTick,6ece502a-bbe6-5d59-8845-e9d1d8199afa,9.8469e+09,52.1,98.469
1658190640,ANTUSDT,Buy,52.1,1.890,ZeroMinusTick,85388153-60e0-5f17-879d-056f398820ce,9.8469e+09,52.1,98.469
1658190640,ANTUSDT,Buy,52.1,1.890,ZeroMinusTick,dd9d0e47-e14a-5baf-b790-92c7909d9559,9.8469e+09,52.1,98.469
1658190641,ANTUSDT,Buy,52.1,1.890,ZeroMinusTick,c5ed81ea-ae43-5ad0-9e0e-3394a6b1806a,9.8469e+09,52.1,98.469
1658190641,ANTUSDT,Buy,52.1,1.890,ZeroMinusTick,87f640d4-d7d6-5ea0-ab6b-bfa1549cb74e,9.8469e+09,52.1,98.469
1658190641,ANTUSDT,Buy,52.1,1.890,ZeroMinusTick,841e328c-c783-50f5-a899-8e9cd5692ff1,9.8469e+09,52.1,98.469
1658190641,ANTUSDT,Buy,52.1,1.890,ZeroMinusTick,6a273942-f4fd-56ca-ac77-a75d6926e624,9.8469e+09,52.1,98.469
1658190641,ANTUSDT,Buy,52.1,1.890,ZeroMinusTick,8904ff26-76c3-5064-92a2-75e42c68ab99,9.8469e+09,52.1,98.469
1658190641,ANTUSDT,Buy,52.1,1.890,ZeroMinusTick,8348231a-054b-506b-8af0-de0f42765581,9.8469e+09,52.1,98.469
1658190643,ANTUSDT,Buy,52.1,1.890,ZeroMinusTick,47a85e74-a6b7-56cf-9658-4281887d76de,9.8469e+09,52.1,98.469
1658190643,ANTUSDT,Buy,10.1,1.890,ZeroMinusTick,f8b57e13-7e49-577e-87e9-146e12d1cd13,1.9088999999999998e+09,10.1,19.089
1658190643,ANTUSDT,Buy,0.2,1.890,ZeroMinusTick,1dbcc9df-7af0-5129-a554-a8cabe323411,3.78e+07,0.2,0.378
1658190674,ANTUSDT,Sell,0.9,1.890,ZeroMinusTick,1ff7d746-703b-5283-9979-a79ff80b5d01,1.7009999999999997e+08,0.9,1.7009999999999998
1658190676,ANTUSDT,Buy,423.8,1.895,PlusTick,d66f3f8c-49dc-5128-865c-de9b0733a795,8.03101e+10,423.8,803.101
1658190676,ANTUSDT,Buy,422.7,1.895,ZeroMinusTick,95d1185d-3db5-5a74-99b8-9ad32930853c,8.010165e+10,422.7,801.0165
1658190676,ANTUSDT,Buy,200.6,1.895,ZeroMinusTick,eb98954b-0410-5f79-8257-4fd203c47e71,3.80137e+10,200.6,380.137
1658190734,ANTUSDT,Buy,0.1,1.895,ZeroMinusTick,1a58e626-3ff4-58e3-9dd9-fd84a76206c0,1.895e+07,0.1,0.1895
1658190748,ANTUSDT,Sell,73,1.890,MinusTick,74b5f331-5ef2-5b77-afd7-62bd1ec0eb26,1.3797e+10,73,137.97
1658190748,ANTUSDT,Sell,73,1.890,ZeroMinusTick,4f9c4daf-623e-5f93-8c80-2e50cfe7e466,1.3797e+10,73,137.97
1658190817,ANTUSDT,Buy,108.8,1.885,MinusTick,aac3ce5d-eed5-5938-bac6-0a8a1e8d1604,2.05088e+10,108.8,205.088
1658190844,ANTUSDT,Buy,0.2,1.890,PlusTick,b49b62b1-15b2-543b-ab22-67d50d74c9d8,3.78e+07,0.2,0.378
1658190904,ANTUSDT,Buy,10,1.880,MinusTick,3a69452e-0d0f-55bf-a314-6458e7228b41,1.8799999999999998e+09,10,18.799999999999997
1658190915,ANTUSDT,Sell,0.2,1.875,MinusTick,0e9aa907-0fa3-5424-9249-00a5785ca7f5,3.75e+07,0.2,0.375
1658191014,ANTUSDT,Buy,10,1.880,PlusTick,b3ea4615-2bd3-5e19-ba61-2c6d8f70de7f,1.8799999999999998e+09,10,18.799999999999997
1658191059,ANTUSDT,Sell,118,1.870,MinusTick,14df2d67-93fd-567b-a602-955a81bef4ab,2.2066000000000004e+10,118,220.66000000000003
1658191164,ANTUSDT,Buy,1.8,1.870,ZeroMinusTick,0c63e5bc-154d-5675-934b-ae674e7eeb91,3.366e+08,1.8,3.366
1658191254,ANTUSDT,Sell,1.3,1.865,MinusTick,99ffe270-75c3-590d-b563-a414588954b5,2.4245e+08,1.3,2.4245
1658191289,ANTUSDT,Buy,85.6,1.870,PlusTick,ded5a234-989f-5248-baa1-8bb59fc55b8d,1.60072e+10,85.6,160.072
1658191289,ANTUSDT,Buy,113.2,1.870,ZeroMinusTick,35c74d4f-dacf-531c-9f1a-73b11b7a0b21,2.1168400000000004e+10,113.2,211.68400000000003
1658191289,ANTUSDT,Buy,292.1,1.870,ZeroMinusTick,18df0825-4564-529e-975a-07975651f7ac,5.462270000000001e+10,292.1,546.2270000000001
1658191289,ANTUSDT,Buy,149.1,1.870,ZeroMinusTick,76103352-0344-52fa-931b-89486b3cfabd,2.78817e+10,149.1,278.817
1658191320,ANTUSDT,Buy,405.3,1.870,ZeroMinusTick,3282cb6c-8c43-59e6-9ed0-407f2fb6e214,7.57911e+10,405.3,757.9110000000001
1658191414,ANTUSDT,Buy,1.3,1.875,PlusTick,433da87e-cbc7-5dc1-9a45-a7f3588706dc,2.4375e+08,1.3,2.4375
1658191554,ANTUSDT,Buy,0.6,1.880,PlusTick,3bb44b1c-9afa-5b8d-b117-64325aec1aea,1.1279999999999999e+08,0.6,1.128
1658191724,ANTUSDT,Sell,0.5,1.870,MinusTick,955404f9-81da-5d90-9cb6-9fde47abd522,9.35e+07,0.5,0.935
1658191834,ANTUSDT,Sell,0.1,1.875,PlusTick,a655f192-0a46-5b17-aac2-ffe08ddafd83,1.875e+07,0.1,0.1875
1658191874,ANTUSDT,Buy,0.1,1.880,PlusTick,1c2899d6-4958-5f6b-95fa-d5c47b2b095e,1.88e+07,0.1,0.188
1658191904,ANTUSDT,Buy,0.1,1.880,ZeroMinusTick,993df9f9-29c0-5d0c-ac4a-4df0dd4f6a94,1.88e+07,0.1,0.188
1658191934,ANTUSDT,Sell,0.1,1.875,MinusTick,5a7a916a-89f3-5937-9269-100905c33ae0,1.875e+07,0.1,0.1875
1658192064,ANTUSDT,Sell,1.1,1.875,ZeroMinusTick,fac41602-f40a-52e9-abf1-a4d902659078,2.0625e+08,1.1,2.0625
1658192117,ANTUSDT,Buy,450,1.880,PlusTick,0e8a585a-be03-54d8-8c39-34e8e68448a5,8.46e+10,450,846
1658192117,ANTUSDT,Buy,265.9,1.880,ZeroMinusTick,e3a08fed-5907-5ac6-a0d2-b10990ad6fb7,4.998919999999999e+10,265.9,499.89199999999994
1658192144,ANTUSDT,Buy,0.1,1.880,ZeroMinusTick,6f50c42d-7e77-5c31-bc26-4ac257c4d4af,1.88e+07,0.1,0.188
1658192284,ANTUSDT,Sell,10,1.870,MinusTick,c2d2b7a7-9256-5b74-bcad-b1129c75c0db,1.8700000000000002e+09,10,18.700000000000003
1658192364,ANTUSDT,Sell,0.1,1.870,ZeroMinusTick,2bee6d8b-4817-528d-977d-6f7a2cc90f32,1.8700000000000004e+07,0.1,0.18700000000000003
1658192384,ANTUSDT,Sell,0.1,1.870,ZeroMinusTick,f3e56262-6eaa-54a9-9133-0291570edc36,1.8700000000000004e+07,0.1,0.18700000000000003
1658192574,ANTUSDT,Buy,0.2,1.890,PlusTick,93c1c67e-7fae-5c59-8d5c-c64eb2023819,3.78e+07,0.2,0.378
1658192644,ANTUSDT,Buy,1.6,1.895,PlusTick,7d102dc9-887d-58d6-bd96-e78edec545e5,3.032e+08,1.6,3.032
1658192726,ANTUSDT,Buy,423.8,1.895,ZeroMinusTick,0845e36a-403c-5863-b764-011a94e5a25c,8.03101e+10,423.8,803.101
1658192726,ANTUSDT,Buy,263.8,1.895,ZeroMinusTick,5a79402f-2de8-56cd-85af-1c0538b38dad,4.99901e+10,263.8,499.901
1658192726,ANTUSDT,Buy,312.4,1.895,ZeroMinusTick,1ad33cc4-5fba-5311-9cfe-5919f27de22b,5.919979999999999e+10,312.4,591.9979999999999
1658192729,ANTUSDT,Buy,197.8,1.895,ZeroMinusTick,898b55f3-59fa-5edf-8171-ed22d7cf753c,3.74831e+10,197.8,374.831
1658192744,ANTUSDT,Sell,1.3,1.890,MinusTick,0297c671-258b-5a32-b6a9-adde28d2189b,2.4569999999999997e+08,1.3,2.457
1658192824,ANTUSDT,Sell,0.2,1.885,MinusTick,9500ad11-a523-5dad-99a6-b1fb9b55c1e0,3.77e+07,0.2,0.377
1658192859,ANTUSDT,Sell,0.1,1.885,ZeroMinusTick,fff0865d-fa3a-5597-a6ad-825bb4e7c73f,1.885e+07,0.1,0.1885
1658192859,ANTUSDT,Sell,26.6,1.885,ZeroMinusTick,0677520e-fccf-50c9-b6c1-afc8d2e4a5c2,5.014100000000001e+09,26.6,50.141000000000005
1658192984,ANTUSDT,Sell,0.2,1.875,MinusTick,4e6ba3a0-2634-59d9-9d4b-eafdcfd8855a,3.75e+07,0.2,0.375
1658192984,ANTUSDT,Sell,0.2,1.875,ZeroMinusTick,603270c7-b6f5-569b-80f0-38ea21b1953d,3.75e+07,0.2,0.375
1658193074,ANTUSDT,Buy,0.6,1.880,PlusTick,9e26b2d4-ed87-5416-b356-ef0e8ac3513d,1.1279999999999999e+08,0.6,1.128
1658193074,ANTUSDT,Buy,0.6,1.880,ZeroMinusTick,95f1d3a0-561a-5c95-b37e-f51d90a05784,1.1279999999999999e+08,0.6,1.128
1658193244,ANTUSDT,Sell,0.4,1.870,MinusTick,66427ded-2114-5b69-b9c3-4b1fd29dc095,7.480000000000001e+07,0.4,0.7480000000000001
1658193324,ANTUSDT,Buy,1.6,1.880,PlusTick,baf4a669-d9f3-5653-850d-6815fe39b22f,3.008e+08,1.6,3.008
1658193444,ANTUSDT,Buy,0.5,1.875,MinusTick,62d209f8-d530-5c5b-92d5-d130e6b5e989,9.375e+07,0.5,0.9375
1658193592,ANTUSDT,Buy,30.3,1.875,ZeroMinusTick,69ee7fa2-5799-55d2-ac15-cbdc1da9d963,5.68125e+09,30.3,56.8125
1658193604,ANTUSDT,Buy,0.6,1.880,PlusTick,abf843e4-f2ed-58f9-be3a-61d1e08a8bf7,1.1279999999999999e+08,0.6,1.128
1658193604,ANTUSDT,Buy,1,1.880,ZeroMinusTick,ba804444-7e29-5e29-ae62-126127026693,1.88e+08,1,1.88
1658193714,ANTUSDT,Buy,0.1,1.875,MinusTick,24174e7a-0d37-5a45-bbe9-3c5ef75fafad,1.875e+07,0.1,0.1875
1658193726,ANTUSDT,Sell,0.1,1.870,MinusTick,96709b71-4a82-52a8-85fb-4a8d038f5152,1.8700000000000004e+07,0.1,0.18700000000000003
1658193726,ANTUSDT,Sell,26.5,1.870,ZeroMinusTick,4cc894e3-c450-5aa7-845a-55476e5143da,4.9555e+09,26.5,49.555
1658193800,ANTUSDT,Buy,155.4,1.875,PlusTick,a3dbf065-9524-573e-b9c8-f3c84875fecd,2.91375e+10,155.4,291.375
1658193884,ANTUSDT,Sell,0.4,1.870,MinusTick,86b1fcfa-dbc3-5aa1-a05a-826666e3ddb8,7.480000000000001e+07,0.4,0.7480000000000001
1658194054,ANTUSDT,Sell,1.3,1.870,ZeroMinusTick,52dc5c2c-6a35-55fb-abca-5b241a606803,2.431e+08,1.3,2.431
1658194254,ANTUSDT,Sell,0.6,1.875,PlusTick,587a0a97-6217-5789-bf4b-5aebd44b5636,1.125e+08,0.6,1.125
1658194254,ANTUSDT,Sell,0.4,1.875,ZeroMinusTick,4908abdc-de88-5baf-995e-15e1968234a9,7.5e+07,0.4,0.75
1658194404,ANTUSDT,Sell,1.5,1.870,MinusTick,81804aff-ed59-5cbc-9ba8-a9b5e3785de1,2.805e+08,1.5,2.805
1658194584,ANTUSDT,Sell,0.1,1.865,MinusTick,7b297955-bffd-5593-bcac-493aa613558c,1.865e+07,0.1,0.1865
1658194674,ANTUSDT,Sell,1.1,1.865,ZeroMinusTick,f9f11aea-3bd5-5243-936e-cd0d9cd675be,2.0515000000000003e+08,1.1,2.0515000000000003
1658194704,ANTUSDT,Buy,0.1,1.870,PlusTick,fdf3431f-40c2-512e-8a11-0b511da77ec5,1.8700000000000004e+07,0.1,0.18700000000000003
1658194834,ANTUSDT,Sell,0.2,1.860,MinusTick,7cf07d19-50f3-5d8a-968b-52d3efa97053,3.720000000000001e+07,0.2,0.37200000000000005
1658194944,ANTUSDT,Buy,0.6,1.860,ZeroMinusTick,3eb9478c-1446-541e-ab25-ccfea43eb452,1.1160000000000001e+08,0.6,1.116
1658194944,ANTUSDT,Buy,0.2,1.860,ZeroMinusTick,ff119d11-0e5d-5385-a7e7-6d4011bf878a,3.720000000000001e+07,0.2,0.37200000000000005
1658194970,ANTUSDT,Sell,0.2,1.855,MinusTick,8c1458cf-40bc-57a5-a346-c27b0abd5247,3.71e+07,0.2,0.371
1658195036,ANTUSDT,Buy,33.3,1.850,MinusTick,0963ec67-306f-5af8-bdae-b520dfcdd872,6.1605e+09,33.3,61.605
1658195036,ANTUSDT,Buy,30.3,1.850,ZeroMinusTick,e76e9b59-a858-556e-8337-11d86d11eb9e,5.605500000000001e+09,30.3,56.05500000000001
1658195036,ANTUSDT,Sell,0.2,1.845,MinusTick,3a43a4f2-1bf1-559d-9b5f-04af6dd7bdff,3.69e+07,0.2,0.369
1658195036,ANTUSDT,Sell,0.3,1.845,ZeroMinusTick,b728ae8c-6494-5592-a782-2c1ea9f76e41,5.535e+07,0.3,0.5535
1658195036,ANTUSDT,Buy,39.6,1.850,PlusTick,22a59f03-0508-58d3-a271-863a0b324b2f,7.326000000000001e+09,39.6,73.26
1658195036,ANTUSDT,Buy,97,1.850,ZeroMinusTick,723fe2da-e5d8-59d4-8858-eb3432e3cf23,1.7945e+10,97,179.45000000000002
1658195036,ANTUSDT,Buy,8.2,1.850,ZeroMinusTick,ed6bb62d-42a1-5b15-8817-0cf4116f3897,1.517e+09,8.2,15.17
1658195041,ANTUSDT,Buy,0.6,1.855,PlusTick,2a3bd89e-1922-59d1-9814-6287c646cfec,1.113e+08,0.6,1.113
1658195041,ANTUSDT,Buy,49.8,1.855,ZeroMinusTick,0fc27e3b-62ff-57eb-b514-1881b05ca0c3,9.2379e+09,49.8,92.37899999999999
1658195056,ANTUSDT,Buy,279,1.850,MinusTick,ba00d4cd-727e-5d1a-90ab-259860d41421,5.1615e+10,279,516.15
1658195056,ANTUSDT,Buy,133.2,1.850,ZeroMinusTick,65f54bfa-c969-537f-a1c8-730de44768bc,2.4642e+10,133.2,246.42
1658195056,ANTUSDT,Buy,51.4,1.850,ZeroMinusTick,b11bf7cc-1fa3-5a51-90e5-e78bb3e402de,9.509e+09,51.4,95.09
1658195080,ANTUSDT,Sell,118,1.850,ZeroMinusTick,1d780de1-97c7-5869-8b91-46fbec701afb,2.183e+10,118,218.3
1658195094,ANTUSDT,Buy,1.5,1.850,ZeroMinusTick,e65ec5ca-96e6-51e0-9cfd-9323a1b4ed90,2.7750000000000006e+08,1.5,2.7750000000000004
1658195224,ANTUSDT,Buy,0.1,1.845,MinusTick,90c06547-aecd-54ec-936c-d227ed29c1a9,1.845e+07,0.1,0.1845
1658195264,ANTUSDT,Sell,0.1,1.840,MinusTick,de83dfbc-c668-5a29-994f-6056dadb27dc,1.8400000000000004e+07,0.1,0.18400000000000002
1658195264,ANTUSDT,Sell,90.2,1.840,ZeroMinusTick,1d179a0c-0ea2-5bde-adee-f3ad9139620a,1.6596800000000002e+10,90.2,165.96800000000002
1658195264,ANTUSDT,Buy,8.2,1.845,PlusTick,39e78b39-acc9-5f0f-bc3d-67108ef5e6a5,1.5128999999999998e+09,8.2,15.128999999999998
1658195267,ANTUSDT,Buy,45.7,1.845,ZeroMinusTick,2a62094e-c406-5d29-b776-9ef393f34233,8.431650000000001e+09,45.7,84.3165
1658195267,ANTUSDT,Buy,434.1,1.845,ZeroMinusTick,b5a6652e-a3fc-5411-af5d-e5c4f3713750,8.009145e+10,434.1,800.9145
1658195267,ANTUSDT,Buy,31.2,1.845,ZeroMinusTick,f41d1bf8-05a8-5ed5-9b9c-3faea0f9b757,5.7564e+09,31.2,57.564
1658195286,ANTUSDT,Buy,155.2,1.845,ZeroMinusTick,d9ae636d-fd84-5f2b-a012-2c71fa33cd02,2.86344e+10,155.2,286.344
1658195286,ANTUSDT,Buy,89.7,1.845,ZeroMinusTick,81cafd13-fb2a-572c-8da5-e2747c3ec985,1.654965e+10,89.7,165.4965
1658195291,ANTUSDT,Buy,51.1,1.850,PlusTick,a63cd07a-d858-5739-864d-b95ca765c62e,9.453500000000002e+09,51.1,94.53500000000001
1658195291,ANTUSDT,Buy,47,1.850,ZeroMinusTick,c7eec531-09f4-57a5-afdf-a05ab42b2072,8.695e+09,47,86.95
1658195297,ANTUSDT,Sell,8,1.850,ZeroMinusTick,4f835ac8-4b7d-5b69-a5c5-c343d5e586c9,1.48e+09,8,14.8
1658195301,ANTUSDT,Sell,150,1.850,ZeroMinusTick,47a33767-1472-53ae-8044-4276cf149c0b,2.775e+10,150,277.5
1658195346,ANTUSDT,Sell,27,1.850,ZeroMinusTick,e0499514-2cef-5c54-b052-8780d3101246,4.995e+09,27,49.95
1658195346,ANTUSDT,Sell,18,1.850,ZeroMinusTick,6b717c21-e8e4-5d18-bc25-85489c65757c,3.3300000000000005e+09,18,33.300000000000004
1658195347,ANTUSDT,Sell,55,1.850,ZeroMinusTick,8f65c833-9250-5a56-8fd8-578523e46f2c,1.0175e+10,55,101.75
1658195382,ANTUSDT,Buy,54,1.855,PlusTick,7569ad00-1632-5a80-b4e2-d6cad1d4b826,1.0017e+10,54,100.17
1658195382,ANTUSDT,Buy,0.6,1.855,ZeroMinusTick,ac92beae-c8c5-5acf-af2b-1163263cbf01,1.113e+08,0.6,1.113
1658195382,ANTUSDT,Buy,450,1.855,ZeroMinusTick,910b2519-6b75-593c-a63d-ee42fa5df3ae,8.3475e+10,450,834.75
1658195404,ANTUSDT,Sell,0.7,1.850,MinusTick,9cbe5f90-9b64-5a89-b393-b0c0cb9a1c0b,1.295e+08,0.7,1.295
1658195594,ANTUSDT,Buy,1.7,1.855,PlusTick,eb853437-172d-5b35-92b1-bcbd3a6e0309,3.1535e+08,1.7,3.1534999999999997
1658195637,ANTUSDT,Sell,109,1.850,MinusTick,ed89402f-3580-5e66-bf65-bffd520b5553,2.0165e+10,109,201.65
1658195637,ANTUSDT,Sell,47,1.850,ZeroMinusTick,14068586-4257-5e30-80cd-98cc235b7dcb,8.695e+09,47,86.95
1658195637,ANTUSDT,Sell,150,1.850,ZeroMinusTick,8c167579-dfa3-5b61-b679-9ba4eae542b8,2.775e+10,150,277.5
1658195637,ANTUSDT,Sell,435.3,1.850,ZeroMinusTick,9cda363e-15b5-507f-8b97-56f38a4cef2e,8.05305e+10,435.3,805.3050000000001
1658195637,ANTUSDT,Sell,14.7,1.850,ZeroMinusTick,99cc4d77-5dd1-5939-845d-aec14354b42c,2.7195e+09,14.7,27.195
1658195637,ANTUSDT,Sell,150,1.850,ZeroMinusTick,4ef13083-5664-5195-b5f9-9a0d208430e7,2.775e+10,150,277.5
1658195638,ANTUSDT,Sell,46.2,1.850,ZeroMinusTick,52dcf347-c129-5c8a-a1ca-dd8e78c79809,8.547000000000001e+09,46.2,85.47000000000001
1658195704,ANTUSDT,Buy,1.8,1.850,ZeroMinusTick,2de785f8-1b26-5cfb-b229-c4a15bf822a5,3.33e+08,1.8,3.33
1658195704,ANTUSDT,Sell,0.2,1.845,MinusTick,f8e18556-0f9b-5208-bfe9-d034c33cdd13,3.69e+07,0.2,0.369
1658195706,ANTUSDT,Buy,63.6,1.850,PlusTick,63978a5a-92dd-5e1a-a5bb-61f9bf554e43,1.1766000000000002e+10,63.6,117.66000000000001
1658195707,ANTUSDT,Buy,20.8,1.850,ZeroMinusTick,a861c441-10ae-56d3-b6ff-4e83b268cd83,3.8480000000000005e+09,20.8,38.480000000000004
1658195707,ANTUSDT,Buy,128,1.850,ZeroMinusTick,8dbead90-8fd6-55a3-9873-991b5c4b64ab,2.368e+10,128,236.8
1658195707,ANTUSDT,Buy,0.1,1.850,ZeroMinusTick,b5a6607b-a3ac-5459-a802-c43d17b89360,1.8500000000000004e+07,0.1,0.18500000000000003
1658195735,ANTUSDT,Buy,50.9,1.855,PlusTick,50bb7c15-e726-501c-b440-c7ceb9839100,9.44195e+09,50.9,94.4195
1658195794,ANTUSDT,Sell,0.1,1.850,MinusTick,51aa1075-4b05-5a1a-a961-3d9f1b0a4d43,1.8500000000000004e+07,0.1,0.18500000000000003
1658195884,ANTUSDT,Sell,0.1,1.850,ZeroMinusTick,651fa332-5bc6-55f9-9eae-6c639b6c5668,1.8500000000000004e+07,0.1,0.18500000000000003
1658195895,ANTUSDT,Sell,68,1.850,ZeroMinusTick,f0dbeee1-21d1-5db5-96f8-06f79f1e86c5,1.2580000000000002e+10,68,125.80000000000001
1658195936,ANTUSDT,Buy,54,1.850,ZeroMinusTick,54056383-8782-5ece-8959-0f5095a89c6d,9.99e+09,54,99.9
1658195936,ANTUSDT,Buy,52.2,1.850,ZeroMinusTick,3804e9b6-a96f-5d5c-950b-8ac3e86207fd,9.657e+09,52.2,96.57000000000001
1658195936,ANTUSDT,Buy,49.2,1.850,ZeroMinusTick,8409257a-b43f-50d3-9cc8-21618ff5b296,9.102000000000002e+09,49.2,91.02000000000001
1658196074,ANTUSDT,Buy,0.3,1.855,PlusTick,cfc29568-24ea-5589-a63a-1fd3b58939e5,5.565e+07,0.3,0.5565
1658196134,ANTUSDT,Sell,0.6,1.845,MinusTick,e14f1d9f-6b99-5b94-8463-d549d7b81e7a,1.107e+08,0.6,1.107
1658196134,ANTUSDT,Sell,0.3,1.845,ZeroMinusTick,af99bf87-ebc6-5684-8f2d-f77026e89482,5.535e+07,0.3,0.5535
1658196223,ANTUSDT,Sell,118,1.850,PlusTick,ecec76ab-0ec4-57ee-820f-af83f29971b4,2.183e+10,118,218.3
1658196284,ANTUSDT,Buy,0.2,1.850,ZeroMinusTick,770fda74-0e4b-5910-87eb-27abda641a9a,3.700000000000001e+07,0.2,0.37000000000000005
1658196292,ANTUSDT,Buy,0.2,1.850,ZeroMinusTick,e3c7bc9e-bfb6-58c4-a91f-7a92b22c718f,3.700000000000001e+07,0.2,0.37000000000000005
1658196311,ANTUSDT,Sell,81,1.850,ZeroMinusTick,27a2ddf7-a399-5170-8744-2081d51ddec9,1.4985e+10,81,149.85
1658196311,ANTUSDT,Sell,353,1.850,ZeroMinusTick,f36bf9f8-5c40-5e8e-be24-62dc61f54bb8,6.530500000000001e+10,353,653.0500000000001
1658196354,ANTUSDT,Buy,124.5,1.845,MinusTick,2279eff3-3688-54b8-b19f-c0891f10733e,2.297025e+10,124.5,229.7025
1658196354,ANTUSDT,Buy,59.5,1.845,ZeroMinusTick,9715c4d8-0e53-5859-b02b-8487b024fcd2,1.097775e+10,59.5,109.7775
1658196354,ANTUSDT,Buy,37.5,1.845,ZeroMinusTick,05501af5-d3e4-56df-95de-7b48e7c58227,6.91875e+09,37.5,69.1875
1658196414,ANTUSDT,Sell,0.8,1.845,ZeroMinusTick,a10646d3-ea20-5382-8cbf-3579cc3f3918,1.476e+08,0.8,1.476
1658196512,ANTUSDT,Sell,68,1.855,PlusTick,a7940b83-f34d-5efa-a940-ba32d0801726,1.2614e+10,68,126.14
1658196564,ANTUSDT,Sell,0.1,1.855,ZeroMinusTick,3b0b6826-c5b2-5897-81c3-f3429d0cb715,1.855e+07,0.1,0.1855
1658196565,ANTUSDT,Buy,0.2,1.860,PlusTick,58f88351-9d27-55ab-b287-4a9bf31a62bd,3.720000000000001e+07,0.2,0.37200000000000005
1658196565,ANTUSDT,Buy,69.7,1.860,ZeroMinusTick,26a608ef-6a23-5491-af6e-1d43f24c8605,1.2964200000000002e+10,69.7,129.64200000000002
1658196734,ANTUSDT,Buy,10,1.850,MinusTick,55e5d356-9612-557a-be43-82b7a1d9eedb,1.85e+09,10,18.5
1658196734,ANTUSDT,Sell,69.9,1.845,MinusTick,085af0ce-48c8-507f-88d0-2efde534d9cb,1.2896550000000002e+10,69.9,128.96550000000002
1658196814,ANTUSDT,Sell,0.2,1.845,ZeroMinusTick,1da2aa76-1d59-553a-8dcd-ff07b9301401,3.69e+07,0.2,0.369
1658196814,ANTUSDT,Sell,0.3,1.845,ZeroMinusTick,d36c5968-d14a-59ce-8554-089d89a55670,5.535e+07,0.3,0.5535
1658197014,ANTUSDT,Sell,0.6,1.840,MinusTick,0e645b91-460e-5293-b830-a9566521a7e9,1.1040000000000001e+08,0.6,1.104
1658197119,ANTUSDT,Buy,44.6,1.850,PlusTick,50e4b9e3-c227-581e-86de-ea11a96923ec,8.251000000000001e+09,44.6,82.51
1658197184,ANTUSDT,Sell,0.5,1.845,MinusTick,fe4f5156-5805-598f-953b-b28e2741579e,9.225e+07,0.5,0.9225
1658197267,ANTUSDT,Sell,0.6,1.845,ZeroMinusTick,7e7006f0-85c2-5762-86c2-25254cd6ef07,1.107e+08,0.6,1.107
1658197267,ANTUSDT,Sell,44,1.845,ZeroMinusTick,4472ef1b-f7c8-572a-aced-ecd5676e9a43,8.117999999999999e+09,44,81.17999999999999
1658197274,ANTUSDT,Sell,0.1,1.845,ZeroMinusTick,e8938579-b346-5a48-85a3-d61244e1bd48,1.845e+07,0.1,0.1845
1658197434,ANTUSDT,Buy,1,1.855,PlusTick,65a06486-b68b-585f-9715-e8f294794249,1.855e+08,1,1.855
1658197504,ANTUSDT,Buy,0.1,1.855,ZeroMinusTick,550d11fa-9fae-5459-a64f-d3c6e441a42f,1.855e+07,0.1,0.1855
1658197614,ANTUSDT,Buy,0.1,1.855,ZeroMinusTick,f9461458-a3c6-5e75-9d43-35893b963b3a,1.855e+07,0.1,0.1855
1658197704,ANTUSDT,Sell,0.6,1.850,MinusTick,74f7dd8f-5bda-5a26-bb19-ad35b15850d1,1.1100000000000001e+08,0.6,1.11
1658197704,ANTUSDT,Sell,0.5,1.850,ZeroMinusTick,c8937c51-99af-5fdb-a22c-e06f5dadbe1a,9.25e+07,0.5,0.925
1658197734,ANTUSDT,Buy,0.1,1.855,PlusTick,6abc9940-b103-5c4c-a864-27c0a4e2b403,1.855e+07,0.1,0.1855
1658197874,ANTUSDT,Buy,0.2,1.860,PlusTick,7d6914f2-7944-5893-9084-ac451c58cc74,3.720000000000001e+07,0.2,0.37200000000000005
1658197914,ANTUSDT,Buy,0.1,1.865,PlusTick,8ea144cc-8aab-535f-9288-cefb9e6a7524,1.865e+07,0.1,0.1865
1658197964,ANTUSDT,Sell,0.1,1.860,MinusTick,d263ec02-0794-51c9-9737-0d984bedce1d,1.8600000000000004e+07,0.1,0.18600000000000003
1658198004,ANTUSDT,Sell,0.1,1.860,ZeroMinusTick,bced8927-4ad6-58a5-8c3c-b4b7b04ed5de,1.8600000000000004e+07,0.1,0.18600000000000003
1658198124,ANTUSDT,Buy,0.1,1.860,ZeroMinusTick,8c240692-1288-5d5f-aac1-724eed59d627,1.8600000000000004e+07,0.1,0.18600000000000003
1658198254,ANTUSDT,Buy,1.5,1.865,PlusTick,62f6aba1-e5ca-5cfd-b9a3-f2675e3be1c1,2.7975e+08,1.5,2.7975
1658198454,ANTUSDT,Sell,1.2,1.865,ZeroMinusTick,80d98ec0-035f-502f-ae29-1e19676dc72d,2.238e+08,1.2,2.238
1658198624,ANTUSDT,Buy,0.1,1.865,ZeroMinusTick,401aa81a-7d29-553d-94fc-7d2f79e3fe79,1.865e+07,0.1,0.1865
1658198664,ANTUSDT,Buy,10,1.865,ZeroMinusTick,105e083c-5e91-5158-ac42-77b3e2f0cc1e,1.8649999999999998e+09,10,18.65
1658198814,ANTUSDT,Sell,0.6,1.860,MinusTick,0ef07716-1d97-51be-99c9-5e0f9fca3a6b,1.1160000000000001e+08,0.6,1.116
1658198814,ANTUSDT,Sell,1,1.860,ZeroMinusTick,50dcbd30-930a-565e-8a09-8312ec56830e,1.86e+08,1,1.86
1658198854,ANTUSDT,Buy,10,1.865,PlusTick,d7f92bed-c4a9-5ec1-8bdb-ffca49116ce9,1.8649999999999998e+09,10,18.65
1658199004,ANTUSDT,Sell,0.6,1.860,MinusTick,5ca89a85-53ab-552c-bbb8-0951b202ecf7,1.1160000000000001e+08,0.6,1.116
1658199164,ANTUSDT,Sell,0.7,1.860,ZeroMinusTick,e9918a9e-d425-5629-9389-4e0cf8ee8511,1.302e+08,0.7,1.302
1658199217,ANTUSDT,Sell,2.6,1.860,ZeroMinusTick,dd713b04-3d64-5342-ac0d-75ce32004818,4.8360000000000006e+08,2.6,4.836
1658199304,ANTUSDT,Buy,1.5,1.865,PlusTick,1fb587c1-aeb6-5ec2-b925-ea8c4b050ece,2.7975e+08,1.5,2.7975
1658199354,ANTUSDT,Sell,63.6,1.860,MinusTick,1df0bce3-15f3-58b6-b0c8-df522f51c16d,1.18296e+10,63.6,118.296
1658199354,ANTUSDT,Sell,2.5,1.860,ZeroMinusTick,98c63c79-15bb-5895-8f46-1cd5a7a270c0,4.6500000000000006e+08,2.5,4.65
1658199384,ANTUSDT,Buy,1.3,1.865,PlusTick,2014c555-2810-5be2-afef-6538b75d7cfc,2.4245e+08,1.3,2.4245
1658199514,ANTUSDT,Buy,0.7,1.865,ZeroMinusTick,086e607d-6340-5e98-b824-acb8e8927995,1.3054999999999999e+08,0.7,1.3054999999999999
1658199634,ANTUSDT,Sell,0.1,1.860,MinusTick,8e90eb0b-c16b-5911-a2a8-e34b3293a4e9,1.8600000000000004e+07,0.1,0.18600000000000003
1658199734,ANTUSDT,Sell,2,1.865,PlusTick,b8e7a62f-9fec-59fb-8b62-e081a997b13a,3.73e+08,2,3.73
1658199904,ANTUSDT,Buy,1.1,1.870,PlusTick,28fa41bf-51f0-5693-9dde-8b5bb279136b,2.0570000000000003e+08,1.1,2.0570000000000004
1658200094,ANTUSDT,Sell,1.6,1.870,ZeroMinusTick,0fdc5c58-08e5-54c2-b27f-4fcb1a3e9734,2.9920000000000006e+08,1.6,2.9920000000000004
1658200156,ANTUSDT,Buy,0.2,1.875,PlusTick,93d211d2-dbc8-576e-9361-cbf48e787fd0,3.75e+07,0.2,0.375
1658200156,ANTUSDT,Buy,46.8,1.875,ZeroMinusTick,0faa5c17-692b-5a42-896f-28512da40eda,8.775e+09,46.8,87.75
1658200175,ANTUSDT,Buy,23,1.875,ZeroMinusTick,fbd81054-de52-5bf8-9210-7e22a21cb930,4.3125e+09,23,43.125
1658200175,ANTUSDT,Buy,23,1.875,ZeroMinusTick,507c4c89-15dd-58a4-8e7d-94bd740f5131,4.3125e+09,23,43.125
1658200175,ANTUSDT,Buy,23,1.875,ZeroMinusTick,e83d70a0-1435-5a1d-bad4-50845c8c12c8,4.3125e+09,23,43.125
1658200175,ANTUSDT,Buy,23,1.875,ZeroMinusTick,bf268add-f770-50de-b2c2-c15f966677c5,4.3125e+09,23,43.125
1658200175,ANTUSDT,Buy,6.1,1.875,ZeroMinusTick,d6bf36c2-2d31-5633-a3ad-3eaa09e85327,1.14375e+09,6.1,11.4375
1658200175,ANTUSDT,Buy,16.9,1.875,ZeroMinusTick,16d447e9-7739-5d95-b9c8-860ec36e4fee,3.1687499999999995e+09,16.9,31.687499999999996
1658200175,ANTUSDT,Buy,24,1.875,ZeroMinusTick,5a00e3df-dc3c-585b-abd9-8f49a9625996,4.5e+09,24,45
1658200175,ANTUSDT,Buy,30,1.875,ZeroMinusTick,e2c3e7fc-e548-5389-85d1-d3e36400182b,5.625e+09,30,56.25
1658200175,ANTUSDT,Buy,22,1.875,ZeroMinusTick,ab34f636-e78b-5470-b650-029e040f7fe3,4.125e+09,22,41.25
1658200264,ANTUSDT,Buy,0.1,1.880,PlusTick,40fd1eff-d102-5948-b61c-ec5da07176e1,1.88e+07,0.1,0.188
1658200374,ANTUSDT,Buy,0.1,1.875,MinusTick,d6148550-0f4d-56e5-b37a-2ed78d0d65e9,1.875e+07,0.1,0.1875
1658200383,ANTUSDT,Buy,427.2,1.875,ZeroMinusTick,461908a4-2a05-58cc-8f8b-d0e27573d84e,8.01e+10,427.2,801
1658200404,ANTUSDT,Buy,0.1,1.875,ZeroMinusTick,0f4edbcb-5dc6-5204-a4fa-6f05bd6e993f,1.875e+07,0.1,0.1875
1658200504,ANTUSDT,Sell,0.7,1.875,ZeroMinusTick,e45d55be-6e3d-51fb-b1d2-0a9f04537e4d,1.3125e+08,0.7,1.3125
1658200624,ANTUSDT,Sell,71,1.875,ZeroMinusTick,3df7bc5d-bbae-58a1-8682-25d49e7cc6f9,1.33125e+10,71,133.125
1658200654,ANTUSDT,Sell,0.8,1.875,ZeroMinusTick,8c7b63ae-344c-5581-ad31-897f5a50fa26,1.5e+08,0.8,1.5
1658200730,ANTUSDT,Buy,262,1.885,PlusTick,332fe26e-d5ca-5641-89c4-14e1929f9fa0,4.9387e+10,262,493.87
1658200730,ANTUSDT,Buy,0.6,1.885,ZeroMinusTick,bcb5cf7c-6b64-50f8-9738-de27a5d7873a,1.131e+08,0.6,1.131
1658200814,ANTUSDT,Buy,0.2,1.890,PlusTick,08a78c74-b9a1-5d60-9269-5929b9b11c8d,3.78e+07,0.2,0.378
1658200814,ANTUSDT,Buy,0.5,1.890,ZeroMinusTick,463b04fb-5c17-57be-9d83-73f9225efea5,9.45e+07,0.5,0.945
1658201014,ANTUSDT,Buy,1,1.890,ZeroMinusTick,b04dd8da-8ae2-5b10-a355-95f598a6767c,1.89e+08,1,1.89
1658201204,ANTUSDT,Sell,0.1,1.885,MinusTick,ab7a5405-db5a-526e-87f8-e56e33f1db6d,1.885e+07,0.1,0.1885
1658201264,ANTUSDT,Sell,0.5,1.880,MinusTick,74d4b0a8-a2d7-5d26-9cfd-5cbb58f6e691,9.4e+07,0.5,0.94
1658201364,ANTUSDT,Buy,0.6,1.890,PlusTick,0b049a72-b20c-5779-991d-62ab0c417cd7,1.1339999999999999e+08,0.6,1.134
1658201364,ANTUSDT,Buy,0.6,1.890,ZeroMinusTick,22994361-fcbd-54df-a685-76281927f72e,1.1339999999999999e+08,0.6,1.134
1658201534,ANTUSDT,Sell,1.5,1.890,ZeroMinusTick,dba1dcfa-c2b5-5d18-85e9-e5ff3d21af2d,2.835e+08,1.5,2.835
1658201589,ANTUSDT,Sell,155.7,1.890,ZeroMinusTick,b082ae39-3343-585b-a9dd-4807958568ff,2.9427299999999996e+10,155.7,294.27299999999997
1658201607,ANTUSDT,Buy,294.8,1.895,PlusTick,4bce981f-c159-5ac2-a554-413005352499,5.586460000000001e+10,294.8,558.6460000000001
1658201608,ANTUSDT,Buy,121.6,1.895,ZeroMinusTick,75acf860-07e9-5efe-9169-6b700e42150b,2.30432e+10,121.6,230.432
1658201608,ANTUSDT,Buy,80.9,1.895,ZeroMinusTick,66b75558-7ebf-5ad6-9e41-686556e251ca,1.5330550000000002e+10,80.9,153.30550000000002
1658201608,ANTUSDT,Buy,423.8,1.895,ZeroMinusTick,4df182c2-351a-5c77-8e3a-e0e1d60fb804,8.03101e+10,423.8,803.101
1658201608,ANTUSDT,Buy,0.6,1.895,ZeroMinusTick,8e6e1b44-086a-58dd-98c8-eb86b87365d7,1.137e+08,0.6,1.137
1658201608,ANTUSDT,Buy,373.1,1.895,ZeroMinusTick,65867ae2-98bc-5d4c-b7c0-65127c1b00d9,7.070245000000002e+10,373.1,707.0245000000001
1658201704,ANTUSDT,Sell,0.6,1.890,MinusTick,e6f3a1d5-2cc7-5836-a184-3f0301fa79d6,1.1339999999999999e+08,0.6,1.134
1658201704,ANTUSDT,Sell,0.5,1.890,ZeroMinusTick,a1fdfd45-5036-5b19-893d-3b834c5008ef,9.45e+07,0.5,0.945
1658201894,ANTUSDT,Sell,0.6,1.885,MinusTick,b44169d5-b701-5cd5-85eb-8b8cd3019e48,1.131e+08,0.6,1.131
1658201894,ANTUSDT,Sell,0.7,1.885,ZeroMinusTick,fa2ff60b-f1ec-5cf3-8762-18cba0288180,1.3194999999999999e+08,0.7,1.3195
1658202040,ANTUSDT,Sell,265.2,1.885,ZeroMinusTick,a7b052cd-e17c-55af-b341-9ffb35e8f5cd,4.99902e+10,265.2,499.902
1658202084,ANTUSDT,Buy,0.1,1.885,ZeroMinusTick,86cb51ba-bf02-54f2-b45c-13c438802989,1.885e+07,0.1,0.1885
1658202174,ANTUSDT,Sell,0.5,1.880,MinusTick,e9755031-06b1-56db-9061-a85947b6d055,9.4e+07,0.5,0.94
1658202208,ANTUSDT,Sell,0.1,1.880,ZeroMinusTick,b51ef600-b6bc-5e8c-8cb3-e4f5fb2d50af,1.88e+07,0.1,0.188
1658202208,ANTUSDT,Sell,9.9,1.880,ZeroMinusTick,c1471d9c-6c80-5432-ac60-ef57e5027035,1.8611999999999998e+09,9.9,18.612
1658202264,ANTUSDT,Buy,10,1.885,PlusTick,57479530-703d-551b-b71f-662966707a1b,1.8850000000000002e+09,10,18.85
1658202334,ANTUSDT,Buy,0.6,1.885,ZeroMinusTick,35fc70bd-72ef-5d9f-9a38-d73e1ce30484,1.131e+08,0.6,1.131
1658202334,ANTUSDT,Buy,1.2,1.885,ZeroMinusTick,43af6877-936d-5e30-bb0f-141c9dd0b4cc,2.262e+08,1.2,2.262
1658202444,ANTUSDT,Sell,0.2,1.875,MinusTick,472ec71c-5934-5179-a7da-d9326171ed59,3.75e+07,0.2,0.375
1658202554,ANTUSDT,Buy,0.1,1.865,MinusTick,3b42a852-25ea-5642-afab-8d34520d8db6,1.865e+07,0.1,0.1865
1658202569,ANTUSDT,Sell,0.2,1.860,MinusTick,38d02962-d4d6-5672-9fe0-09c9d1f0b9ef,3.720000000000001e+07,0.2,0.37200000000000005
1658202569,ANTUSDT,Sell,50.2,1.860,ZeroMinusTick,291e95c8-d325-5995-95ba-644566d58d33,9.337200000000002e+09,50.2,93.37200000000001
1658202624,ANTUSDT,Sell,1.4,1.855,MinusTick,e69b34a2-9394-56ae-ae84-3e1f37564764,2.597e+08,1.4,2.597
1658202633,ANTUSDT,Sell,351.7,1.855,ZeroMinusTick,ed62dc7b-fdf6-5b98-8118-3f35301eb485,6.524035e+10,351.7,652.4035
1658202633,ANTUSDT,Sell,0.6,1.855,ZeroMinusTick,820e1b02-2bec-5d49-9d25-d811c89db599,1.113e+08,0.6,1.113
1658202633,ANTUSDT,Sell,147.7,1.855,ZeroMinusTick,7baea4d3-163e-52cf-b8c9-99fe964d9c5f,2.739835e+10,147.7,273.9835
1658202764,ANTUSDT,Sell,0.2,1.845,MinusTick,f9121037-07e8-5ebc-91a1-6fed4e95d4c0,3.69e+07,0.2,0.369
1658202764,ANTUSDT,Sell,0.6,1.845,ZeroMinusTick,3da48189-9dea-5019-b9b2-6681186ff8e9,1.107e+08,0.6,1.107
1658202764,ANTUSDT,Sell,0.4,1.845,ZeroMinusTick,2696e5ed-29e6-5f4e-936e-a3361790129d,7.38e+07,0.4,0.738
1658202814,ANTUSDT,Sell,0.1,1.845,ZeroMinusTick,01e276f7-2e38-5291-91aa-96d5afe466dc,1.845e+07,0.1,0.1845
1658202904,ANTUSDT,Sell,0.1,1.845,ZeroMinusTick,3d9ac515-ee90-58b9-826c-844b32d09b9b,1.845e+07,0.1,0.1845
1658203054,ANTUSDT,Buy,76,1.850,PlusTick,82ffeac8-8dad-55f1-86f6-95c28bd28925,1.406e+10,76,140.6
1658203094,ANTUSDT,Sell,1,1.840,MinusTick,69fd6eb1-c7b4-5555-8f06-ba7b059241e9,1.84e+08,1,1.84
1658203254,ANTUSDT,Buy,0.4,1.845,PlusTick,52160554-be72-5562-8ed7-bf5cba0d1283,7.38e+07,0.4,0.738
1658203277,ANTUSDT,Sell,4.1,1.840,MinusTick,cd1b38be-7c42-5289-a54e-51b47e8700cb,7.544e+08,4.1,7.544
1658203279,ANTUSDT,Sell,4.2,1.840,ZeroMinusTick,558c87e5-deac-5b5a-aa87-94283c8351cf,7.728000000000001e+08,4.2,7.728000000000001
1658203394,ANTUSDT,Sell,10,1.835,MinusTick,2d5d6e89-240d-5b48-bb1a-5556f91186ed,1.8350000000000002e+09,10,18.35
1658203496,ANTUSDT,Sell,0.2,1.830,MinusTick,7112449e-5a90-5abf-871a-23c048c7fbb9,3.660000000000001e+07,0.2,0.36600000000000005
1658203522,ANTUSDT,Sell,13.4,1.820,MinusTick,ea1a2265-af45-5db5-a202-37aead62da38,2.4388e+09,13.4,24.388
1658203522,ANTUSDT,Sell,0.5,1.820,ZeroMinusTick,a7ccedb8-5a79-561f-8114-1a361508401d,9.1e+07,0.5,0.91
1658203522,ANTUSDT,Sell,19.5,1.820,ZeroMinusTick,ab8333bc-19f6-54e5-879e-583b9b07f41d,3.549e+09,19.5,35.49
1658203522,ANTUSDT,Sell,76,1.820,ZeroMinusTick,5f32de8d-e162-5d9c-a609-1cd088147b97,1.3832e+10,76,138.32
1658203524,ANTUSDT,Buy,1.7,1.825,PlusTick,ab45d713-fcd2-5417-be52-b95834745fb6,3.1025e+08,1.7,3.1025
1658203527,ANTUSDT,Buy,63.6,1.825,ZeroMinusTick,a26e46be-dacc-54fb-b3ca-aeebb59de35c,1.1607e+10,63.6,116.07
1658203527,ANTUSDT,Buy,63.6,1.825,ZeroMinusTick,65c8d7b9-3cab-53bd-9fa2-926b274f6f63,1.1607e+10,63.6,116.07
1658203527,ANTUSDT,Buy,63.6,1.825,ZeroMinusTick,0cee7c77-9257-5c8f-babc-f246254718fe,1.1607e+10,63.6,116.07
1658203527,ANTUSDT,Buy,63.6,1.825,ZeroMinusTick,3f8c5fd9-0144-55cd-86c3-743189cf913d,1.1607e+10,63.6,116.07
1658203527,ANTUSDT,Buy,31.4,1.825,ZeroMinusTick,6e90137f-9640-5a6c-a917-613dddc48477,5.730499999999999e+09,31.4,57.30499999999999
1658203527,ANTUSDT,Buy,32.2,1.825,ZeroMinusTick,db34ec76-c069-5a12-897f-cc8083434030,5.8765e+09,32.2,58.765
1658203527,ANTUSDT,Buy,63.6,1.825,ZeroMinusTick,6f5eb15f-f1b8-56bd-8ed4-bd6711a81ff0,1.1607e+10,63.6,116.07
1658203527,ANTUSDT,Buy,63.6,1.825,ZeroMinusTick,b372041e-7006-50bd-b4d6-cd82a6c3fab9,1.1607e+10,63.6,116.07
1658203527,ANTUSDT,Buy,63.6,1.825,ZeroMinusTick,8639519a-155f-59bd-83cc-599ba10c02e0,1.1607e+10,63.6,116.07
1658203527,ANTUSDT,Buy,63.6,1.825,ZeroMinusTick,05b3f3a4-678f-5e8b-a7ed-bc8dab56a0fe,1.1607e+10,63.6,116.07
1658203527,ANTUSDT,Buy,63.6,1.825,ZeroMinusTick,4dfba6b1-4c71-50aa-bc2e-a3cfaf0d55fe,1.1607e+10,63.6,116.07
1658203527,ANTUSDT,Buy,63.6,1.825,ZeroMinusTick,10ba3787-581e-5745-8384-7fba6f1530fb,1.1607e+10,63.6,116.07
1658203527,ANTUSDT,Buy,63.6,1.825,ZeroMinusTick,75dbd5e0-3e9e-5fc0-974e-284e131c2ca4,1.1607e+10,63.6,116.07
1658203528,ANTUSDT,Buy,63.6,1.825,ZeroMinusTick,e35e2546-1fd7-5336-b4ce-b4654c543ded,1.1607e+10,63.6,116.07
1658203528,ANTUSDT,Buy,11,1.825,ZeroMinusTick,0ca770d9-915e-5682-a292-741f7aa52628,2.0075e+09,11,20.075
1658203545,ANTUSDT,Sell,63.6,1.820,MinusTick,f827046b-4d07-5ea3-9e7d-b8923652c951,1.1575200000000002e+10,63.6,115.75200000000001
1658203545,ANTUSDT,Sell,63.6,1.820,ZeroMinusTick,afac4d7e-ce4d-5260-91c4-3e7c908bc3ce,1.1575200000000002e+10,63.6,115.75200000000001
1658203545,ANTUSDT,Sell,63.6,1.820,ZeroMinusTick,9c2e3b6b-e64f-5f65-8c67-0fb861405f58,1.1575200000000002e+10,63.6,115.75200000000001
1658203545,ANTUSDT,Sell,63.6,1.820,ZeroMinusTick,67f7c96f-48bb-56da-ac58-d77ff7c5abaa,1.1575200000000002e+10,63.6,115.75200000000001
1658203545,ANTUSDT,Sell,150.1,1.820,ZeroMinusTick,6c3d3a35-cd66-5f74-a624-47e360887090,2.73182e+10,150.1,273.182
1658203548,ANTUSDT,Sell,0.2,1.815,MinusTick,d44f1b90-1d42-59b8-8776-02c82869f963,3.63e+07,0.2,0.363
1658203548,ANTUSDT,Sell,32.2,1.815,ZeroMinusTick,d23c2225-25f1-5b3e-8032-18d2aac0ad88,5.844300000000001e+09,32.2,58.443000000000005
1658203565,ANTUSDT,Buy,63.6,1.820,PlusTick,af3a0622-b2f6-511f-8ed6-8ee99e7fc371,1.1575200000000002e+10,63.6,115.75200000000001
1658203565,ANTUSDT,Buy,59.9,1.820,ZeroMinusTick,953d3760-c7e8-50bd-aa69-9e84bfaf8dab,1.09018e+10,59.9,109.018
1658203684,ANTUSDT,Buy,0.2,1.830,PlusTick,3e02ced1-b4ad-5a58-9ad3-737eb7fc3bd6,3.660000000000001e+07,0.2,0.36600000000000005
1658203684,ANTUSDT,Buy,1.5,1.830,ZeroMinusTick,6a454af4-3dbd-5829-94e5-4cb09cc64d52,2.745e+08,1.5,2.745
1658203823,ANTUSDT,Buy,61,1.830,ZeroMinusTick,20f0c78a-5e74-53ba-9393-1287326e5bad,1.1163000000000002e+10,61,111.63000000000001
1658203823,ANTUSDT,Buy,94.1,1.830,ZeroMinusTick,0f46991e-6e1a-5d6f-8d53-fa03fe99fa79,1.72203e+10,94.1,172.203
1658203823,ANTUSDT,Buy,206.1,1.830,ZeroMinusTick,edfa385c-b669-55c0-964a-ea4719cfaf72,3.77163e+10,206.1,377.163
1658203854,ANTUSDT,Sell,0.3,1.830,ZeroMinusTick,dd4919a1-3c58-5ae5-81fa-27f92a63afbc,5.490000000000001e+07,0.3,0.549
1658203914,ANTUSDT,Sell,0.1,1.825,MinusTick,c44edc56-2cb6-5f29-ba82-67e4df9f0fdc,1.825e+07,0.1,0.1825
1658203923,ANTUSDT,Buy,94.8,1.825,ZeroMinusTick,8724dd09-6584-5e65-be53-165da338505c,1.7301e+10,94.8,173.01
1658203923,ANTUSDT,Buy,198.6,1.825,ZeroMinusTick,bb8edda2-6a54-584b-9e78-a062ff968560,3.62445e+10,198.6,362.445
1658204009,ANTUSDT,Buy,2.7,1.825,ZeroMinusTick,8fb92788-8f34-5403-a734-125e351dca1d,4.9275e+08,2.7,4.9275
1658204046,ANTUSDT,Buy,0.6,1.825,ZeroMinusTick,09808bbb-c03a-5e24-9d48-352a09d31383,1.095e+08,0.6,1.095
1658204046,ANTUSDT,Buy,0.6,1.830,PlusTick,75b886ce-1f90-5853-8d81-85479899ff37,1.0980000000000001e+08,0.6,1.098
1658204046,ANTUSDT,Buy,4.2,1.830,ZeroMinusTick,2dc27c06-ee1e-58f9-a0ee-a5dd264a9b25,7.686000000000001e+08,4.2,7.686000000000001
1658204094,ANTUSDT,Sell,10,1.820,MinusTick,d9d2f7a1-2fcb-59f0-8371-52464f736a28,1.82e+09,10,18.2
1658204224,ANTUSDT,Sell,0.2,1.815,MinusTick,88794551-f467-518b-ad5c-91a27a151e6a,3.63e+07,0.2,0.363
1658204224,ANTUSDT,Sell,1,1.815,ZeroMinusTick,51b3a68a-906e-5258-a32b-ff7648f91d49,1.815e+08,1,1.815
1658204266,ANTUSDT,Buy,55.4,1.820,PlusTick,681dfaad-6740-5389-95a1-dbea59a37c30,1.00828e+10,55.4,100.828
1658204266,ANTUSDT,Buy,881.7,1.820,ZeroMinusTick,4c5cedeb-ea1f-5dee-b7d9-bb46dc482bfb,1.6046940000000003e+11,881.7,1604.6940000000002
1658204434,ANTUSDT,Buy,0.3,1.830,PlusTick,301c961a-4b50-5ecf-84ed-294fa6177871,5.490000000000001e+07,0.3,0.549
1658204504,ANTUSDT,Buy,0.2,1.830,ZeroMinusTick,a6d2ea3f-1a4f-5998-a83a-d1880aeb5038,3.660000000000001e+07,0.2,0.36600000000000005
1658204504,ANTUSDT,Buy,0.6,1.830,ZeroMinusTick,65bc62fc-4d0f-593e-8249-3f96bd584d6d,1.0980000000000001e+08,0.6,1.098
1658204504,ANTUSDT,Buy,0.1,1.830,ZeroMinusTick,a4615e96-7400-528a-98a6-9392c9407a96,1.8300000000000004e+07,0.1,0.18300000000000002
1658204634,ANTUSDT,Buy,0.1,1.840,PlusTick,1c958d84-39d9-5ede-9a0a-cc467dca3b0e,1.8400000000000004e+07,0.1,0.18400000000000002
1658204757,ANTUSDT,Sell,82.9,1.840,ZeroMinusTick,4c88387a-1ffb-5504-af69-34db116d26a0,1.5253600000000004e+10,82.9,152.53600000000003
1658204784,ANTUSDT,Buy,0.2,1.845,PlusTick,7c6d0902-14dd-5fcd-88a8-cdf106801dd3,3.69e+07,0.2,0.369
1658204784,ANTUSDT,Buy,1.7,1.845,ZeroMinusTick,68be032d-b67a-55fa-a88d-ac02798d49bf,3.1365e+08,1.7,3.1365
1658204904,ANTUSDT,Buy,0.6,1.845,ZeroMinusTick,3dbbf88d-50be-5141-a8dd-830b1b9066ef,1.107e+08,0.6,1.107
1658204904,ANTUSDT,Buy,1.1,1.845,ZeroMinusTick,d8a64bad-5bd3-511d-9b6e-60da9257d17b,2.0295e+08,1.1,2.0295
1658205034,ANTUSDT,Sell,0.3,1.845,ZeroMinusTick,19c4620f-4ffd-56ae-9b38-deee2695de41,5.535e+07,0.3,0.5535
1658205122,ANTUSDT,Buy,0.6,1.850,PlusTick,d864a421-3fe8-5b2e-b6b6-33ed2574cacd,1.1100000000000001e+08,0.6,1.11
1658205122,ANTUSDT,Buy,49.1,1.850,ZeroMinusTick,6af1cad1-c69b-5cda-accb-8b580e43b385,9.0835e+09,49.1,90.83500000000001
1658205134,ANTUSDT,Buy,1.5,1.845,MinusTick,8498e165-802a-5d2a-a4c3-801563114917,2.7675e+08,1.5,2.7675
1658205284,ANTUSDT,Buy,2,1.850,PlusTick,825d2a42-d30a-5f3a-8765-2dc49fd0c8f0,3.7e+08,2,3.7
1658205414,ANTUSDT,Buy,1.8,1.850,ZeroMinusTick,446e12d0-87ad-51b5-866e-1da73b1476d6,3.33e+08,1.8,3.33
1658205474,ANTUSDT,Sell,0.6,1.845,MinusTick,3c1e0e4f-1573-5b96-a1ed-17aefdf2fba8,1.107e+08,0.6,1.107
1658205474,ANTUSDT,Sell,1,1.845,ZeroMinusTick,8a9529ee-c801-50a8-9c34-fb440585cb9e,1.845e+08,1,1.845
1658205684,ANTUSDT,Buy,0.9,1.855,PlusTick,56e6e064-6347-5b18-93fe-cbb276fc0ecd,1.6695e+08,0.9,1.6695
1658205726,ANTUSDT,Sell,5.4,1.850,MinusTick,addcac52-a2a0-5aad-813a-7a18883ab20b,9.990000000000002e+08,5.4,9.990000000000002
1658205726,ANTUSDT,Sell,5.4,1.850,ZeroMinusTick,5583a709-bfbb-55e1-b692-d84bf1d5ee85,9.990000000000002e+08,5.4,9.990000000000002
1658205804,ANTUSDT,Buy,1,1.855,PlusTick,10807979-81cc-5a4d-a63e-6de44e56c66b,1.855e+08,1,1.855
1658205844,ANTUSDT,Sell,0.9,1.850,MinusTick,9170a568-cbeb-557f-9d9d-e8d89f81bbf0,1.665e+08,0.9,1.665
1658205874,ANTUSDT,Buy,2,1.855,PlusTick,e6cf0716-47f0-5229-9551-75bfbaa13981,3.71e+08,2,3.71
1658206094,ANTUSDT,Buy,2,1.855,ZeroMinusTick,4b19a4a4-44d8-56e5-966d-d5228c156ce8,3.71e+08,2,3.71
1658206172,ANTUSDT,Sell,26.2,1.850,MinusTick,ab3a489e-d19f-530c-8cb5-6ec6a7386c4e,4.847e+09,26.2,48.47
1658206224,ANTUSDT,Sell,0.5,1.840,MinusTick,b0239fff-b642-599f-a545-b8ec28a74a3a,9.2e+07,0.5,0.92
1658206401,ANTUSDT,Sell,0.6,1.845,PlusTick,2bdc5dcf-2b3f-5f65-98c2-ea5bb613a3ed,1.107e+08,0.6,1.107
1658206401,ANTUSDT,Sell,450,1.845,ZeroMinusTick,daca9565-b85c-588c-a480-36d8c6da186d,8.3025e+10,450,830.25
1658206401,ANTUSDT,Sell,271,1.845,ZeroMinusTick,7af2b51d-a753-563b-ae94-b13f3bbbc60c,4.99995e+10,271,499.995
1658206401,ANTUSDT,Sell,268,1.845,ZeroMinusTick,747fed2b-3a6f-5112-b11d-d8b481605653,4.9446e+10,268,494.46
1658206401,ANTUSDT,Sell,10.4,1.845,ZeroMinusTick,9edae7a4-cc97-5bfb-9e2d-a8467fee7354,1.9188e+09,10.4,19.188
1658206424,ANTUSDT,Sell,1.9,1.850,PlusTick,b6d35c12-befa-5f50-9ffc-30577350f071,3.515e+08,1.9,3.515
1658206584,ANTUSDT,Buy,1.5,1.855,PlusTick,13267219-177f-5b42-9245-bd965ff2a33b,2.7825e+08,1.5,2.7824999999999998
1658206587,ANTUSDT,Buy,360,1.855,ZeroMinusTick,e593a1b3-fb45-5120-bb27-cdd288604f3b,6.677999999999999e+10,360,667.8
1658206592,ANTUSDT,Buy,0.6,1.855,ZeroMinusTick,0bb44028-1b91-5c7f-b02e-2be7385f68e3,1.113e+08,0.6,1.113
1658206592,ANTUSDT,Buy,153.4,1.855,ZeroMinusTick,d9cf5257-e841-5cc2-ab88-50dd8d460981,2.84557e+10,153.4,284.557
1658206592,ANTUSDT,Buy,446.6,1.855,ZeroMinusTick,0f658f7b-33e6-54a5-946c-31cd52216aa1,8.28443e+10,446.6,828.443
1658206592,ANTUSDT,Buy,15.4,1.855,ZeroMinusTick,4a20caab-e103-547b-947b-3c75a7914c07,2.8567e+09,15.4,28.567
1658206654,ANTUSDT,Sell,0.2,1.855,ZeroMinusTick,c4a297b1-e5b3-5646-b896-c5cb9ced3319,3.71e+07,0.2,0.371
1658206738,ANTUSDT,Sell,31.8,1.855,ZeroMinusTick,3d4138c9-57f1-5e27-9ea1-6edfb99ee228,5.8989e+09,31.8,58.989
1658206804,ANTUSDT,Sell,0.6,1.850,MinusTick,94de5e36-8874-521d-8de3-3bac0c0fc346,1.1100000000000001e+08,0.6,1.11
1658206804,ANTUSDT,Sell,0.9,1.850,ZeroMinusTick,d0e41b38-0e94-590b-a20d-ee5b7a62c042,1.665e+08,0.9,1.665
1658206874,ANTUSDT,Sell,0.6,1.850,ZeroMinusTick,a386b2f1-fedb-5791-86b6-8f4b97207d77,1.1100000000000001e+08,0.6,1.11
1658206999,ANTUSDT,Buy,0.6,1.850,ZeroMinusTick,47e0eb67-7c72-587f-9ccc-1934a36624c7,1.1100000000000001e+08,0.6,1.11
1658206999,ANTUSDT,Buy,450,1.850,ZeroMinusTick,57968521-afeb-5d30-8b4e-6a25f0efae3d,8.325e+10,450,832.5
1658206999,ANTUSDT,Buy,270.2,1.850,ZeroMinusTick,e53f71a3-51c8-50d8-989e-99bf73bee6e9,4.9987e+10,270.2,499.87
1658207044,ANTUSDT,Sell,0.7,1.845,MinusTick,33d6573c-0ec6-5c91-8cea-3c27a2fb9468,1.2914999999999999e+08,0.7,1.2914999999999999
1658207164,ANTUSDT,Sell,0.6,1.850,PlusTick,b89607b1-d1a5-53de-bb13-a98f8f0a42fb,1.1100000000000001e+08,0.6,1.11
1658207206,ANTUSDT,Sell,60.7,1.850,ZeroMinusTick,9d55151b-c1df-58ef-9a42-15a9fc3dcf0c,1.1229500000000002e+10,60.7,112.29500000000002
1658207364,ANTUSDT,Buy,0.6,1.855,PlusTick,6f82f5b4-a5a8-5d04-813c-3f015f0ddf16,1.113e+08,0.6,1.113
1658207364,ANTUSDT,Buy,0.1,1.855,ZeroMinusTick,5a903999-598c-5e60-a4af-6607756e4fa8,1.855e+07,0.1,0.1855
1658207554,ANTUSDT,Buy,0.7,1.855,ZeroMinusTick,3d51c72c-f8c0-5ba4-bd22-61226d04398b,1.2985e+08,0.7,1.2985
1658207689,ANTUSDT,Buy,0.2,1.860,PlusTick,fba77554-cee9-5565-8cd3-ce2bad1bfcd5,3.720000000000001e+07,0.2,0.37200000000000005
1658207689,ANTUSDT,Buy,124.8,1.860,ZeroMinusTick,3800caa8-db15-5028-940a-eec0fb4219fa,2.32128e+10,124.8,232.12800000000001
1658207689,ANTUSDT,Buy,109,1.860,ZeroMinusTick,9ee61a67-95fa-5b62-86d3-ced9369192ea,2.0274e+10,109,202.74
1658207689,ANTUSDT,Buy,216.2,1.860,ZeroMinusTick,6737901f-dbe1-54f0-b03e-53209b487289,4.02132e+10,216.2,402.132
1658207689,ANTUSDT,Buy,0.6,1.860,ZeroMinusTick,62ededb4-9a8f-53ed-ad98-53948aabfd51,1.1160000000000001e+08,0.6,1.116
1658207707,ANTUSDT,Buy,234,1.865,PlusTick,649b3522-069a-5b5a-9fd4-5faaf641242a,4.3641e+10,234,436.41
1658207707,ANTUSDT,Buy,366,1.865,ZeroMinusTick,a3f9ac7a-d39f-5d2a-8387-c2d6eeb3d1d7,6.8259e+10,366,682.59
1658207707,ANTUSDT,Buy,571.1,1.865,ZeroMinusTick,b8a13e73-f5c0-5ffa-96c2-fb6079439200,1.0651015e+11,571.1,1065.1015
1658207707,ANTUSDT,Buy,28.9,1.865,ZeroMinusTick,27361130-b736-51b3-be0b-3b64cc40cb5d,5.38985e+09,28.9,53.8985
1658207707,ANTUSDT,Buy,205.1,1.865,ZeroMinusTick,528f9170-1327-551a-8bae-9d4f9b98443d,3.825115e+10,205.1,382.5115
1658207742,ANTUSDT,Buy,118,1.865,ZeroMinusTick,c79a9ad6-6fb9-5a49-bcf2-600c143235af,2.2007e+10,118,220.07
1658207744,ANTUSDT,Buy,0.1,1.865,ZeroMinusTick,38724528-a28a-540e-b241-531dfc8c410b,1.865e+07,0.1,0.1865
1658207760,ANTUSDT,Buy,75,1.865,ZeroMinusTick,d51ac1fe-a4b4-5269-ab1a-68ffba4d8155,1.39875e+10,75,139.875
1658207760,ANTUSDT,Buy,75,1.865,ZeroMinusTick,51e50372-7cb4-532c-a7d3-2c335c495c2b,1.39875e+10,75,139.875
1658207872,ANTUSDT,Buy,47,1.870,PlusTick,cd42b9bd-d666-5322-9e55-bd7da60b4d50,8.789e+09,47,87.89
1658207904,ANTUSDT,Buy,1.1,1.870,ZeroMinusTick,d19a7d33-fc10-594c-99cb-69976d26be86,2.0570000000000003e+08,1.1,2.0570000000000004
1658207957,ANTUSDT,Buy,39,1.870,ZeroMinusTick,ea288c3f-7226-56c4-a022-93074ddbad1f,7.293000000000001e+09,39,72.93
1658207957,ANTUSDT,Buy,39,1.870,ZeroMinusTick,2db0418c-b189-5869-8d8b-f4cbbd24db54,7.293000000000001e+09,39,72.93
1658207960,ANTUSDT,Buy,260,1.870,ZeroMinusTick,21a0d9eb-8cba-5dbb-9ee7-282c61a23f7a,4.862000000000001e+10,260,486.20000000000005
1658207960,ANTUSDT,Buy,15.1,1.870,ZeroMinusTick,6a0362b5-254d-5472-b6a7-915b5d3b2aee,2.8237e+09,15.1,28.237000000000002
1658207960,ANTUSDT,Buy,0.6,1.870,ZeroMinusTick,5222ba65-6453-574f-abb9-ae7dd4e773cf,1.1220000000000001e+08,0.6,1.122
1658208004,ANTUSDT,Sell,0.3,1.865,MinusTick,40e0e005-ca41-5e45-841b-4ed911842dc2,5.595e+07,0.3,0.5595
1658208114,ANTUSDT,Sell,0.1,1.865,ZeroMinusTick,fb39511a-9803-5d1d-a24e-f990a6809088,1.865e+07,0.1,0.1865
1658208204,ANTUSDT,Sell,0.6,1.865,ZeroMinusTick,0595c587-fd97-5f43-8b1e-5828a75d3b2e,1.119e+08,0.6,1.119
1658208204,ANTUSDT,Sell,0.4,1.865,ZeroMinusTick,07ef1bcc-0096-5d58-8544-9123879b2701,7.46e+07,0.4,0.746
1658208341,ANTUSDT,Buy,28,1.870,PlusTick,51a6ae4b-8db6-5401-8e3a-9d7afa8ffe9e,5.236e+09,28,52.36
1658208344,ANTUSDT,Sell,0.6,1.870,ZeroMinusTick,d578bcbd-839c-5f3e-86b8-8c0aeb24c96c,1.1220000000000001e+08,0.6,1.122
1658208434,ANTUSDT,Sell,0.6,1.870,ZeroMinusTick,204c4ae1-e14e-59cb-b2ab-64a820dec807,1.1220000000000001e+08,0.6,1.122
1658208434,ANTUSDT,Sell,0.3,1.870,ZeroMinusTick,8f3db457-3b99-541d-813e-fd5b8a2a9439,5.610000000000001e+07,0.3,0.561
1658208491,ANTUSDT,Buy,0.2,1.875,PlusTick,3c45f40d-f610-5644-82f4-fc6ee0b95383,3.75e+07,0.2,0.375
1658208491,ANTUSDT,Buy,20.5,1.875,ZeroMinusTick,e5f1aa96-6755-5d40-982c-03b089a25977,3.84375e+09,20.5,38.4375
1658208544,ANTUSDT,Sell,0.1,1.870,MinusTick,45e2aaa3-cc2e-5ce9-af49-96a6e3bdc1dd,1.8700000000000004e+07,0.1,0.18700000000000003
1658208547,ANTUSDT,Buy,0.1,1.875,PlusTick,5e1f7029-3122-5c58-8bf1-167eb557cb9b,1.875e+07,0.1,0.1875
1658208547,ANTUSDT,Buy,63.6,1.875,ZeroMinusTick,21b38812-0b67-58f6-975d-eca0e7dadbd6,1.1925e+10,63.6,119.25
1658208547,ANTUSDT,Buy,56,1.880,PlusTick,2368dfcd-6ac4-5432-9fb0-8dc2a100303c,1.0528e+10,56,105.28
1658208547,ANTUSDT,Buy,5,1.880,ZeroMinusTick,cef4a3f8-c4b1-5ebf-9932-d05dfb8a50dc,9.399999999999999e+08,5,9.399999999999999
1658208547,ANTUSDT,Buy,5,1.880,ZeroMinusTick,97e8ddb4-efb1-54c1-8f21-55faa67f600c,9.399999999999999e+08,5,9.399999999999999
1658208547,ANTUSDT,Buy,34,1.880,ZeroMinusTick,96de08c0-8127-56f7-adf2-9177a0d3100f,6.391999999999999e+09,34,63.919999999999995
1658208547,ANTUSDT,Buy,5,1.880,ZeroMinusTick,e7dd9895-378e-548b-8efa-765221f0f314,9.399999999999999e+08,5,9.399999999999999
1658208547,ANTUSDT,Buy,3.2,1.880,ZeroMinusTick,6c62cf50-4269-5e19-bd12-69cf0d07c655,6.016e+08,3.2,6.016
1658208550,ANTUSDT,Sell,53,1.880,ZeroMinusTick,8fed71f7-f160-5e2e-95b7-65a1fa0f0178,9.964e+09,53,99.64
1658208550,ANTUSDT,Sell,3.2,1.880,ZeroMinusTick,d18b9fc4-4c07-54d4-98af-9fbd25e08fad,6.016e+08,3.2,6.016
1658208564,ANTUSDT,Buy,56.2,1.880,ZeroMinusTick,92d66555-f23f-58bd-b719-a87229f15d9c,1.05656e+10,56.2,105.656
1658208564,ANTUSDT,Buy,0.6,1.880,ZeroMinusTick,1a731610-19c5-5e4c-a7e3-29b775a55540,1.1279999999999999e+08,0.6,1.128
1658208564,ANTUSDT,Buy,450,1.880,ZeroMinusTick,e3093a80-831c-5329-b3a0-63e0553f80b8,8.46e+10,450,846
1658208564,ANTUSDT,Buy,265.9,1.880,ZeroMinusTick,e0b18951-7355-5835-884f-a9b5b41b4d97,4.998919999999999e+10,265.9,499.89199999999994
1658208705,ANTUSDT,Buy,166.4,1.875,MinusTick,7caab0cf-161a-52f4-ae96-29687b5913fe,3.12e+10,166.4,312
1658208724,ANTUSDT,Sell,1.7,1.870,MinusTick,b5d4a1e5-b24e-5d6b-9b2f-cbf2b6e26442,3.179e+08,1.7,3.1790000000000003
1658208725,ANTUSDT,Buy,450,1.875,PlusTick,057bde38-7197-5635-b759-d8e069832e75,8.4375e+10,450,843.75
1658208725,ANTUSDT,Buy,0.6,1.875,ZeroMinusTick,e351e740-cb0d-5403-9a06-552f7c78e6df,1.125e+08,0.6,1.125
1658208725,ANTUSDT,Buy,0.6,1.880,PlusTick,59716797-55ec-51a6-a12e-9755e901cf3e,1.1279999999999999e+08,0.6,1.128
1658208725,ANTUSDT,Buy,265.9,1.880,ZeroMinusTick,098f395d-2b30-5166-aedc-771dd31afd88,4.998919999999999e+10,265.9,499.89199999999994
1658208725,ANTUSDT,Buy,282.9,1.880,ZeroMinusTick,09c44a6a-7ef5-5c96-83cb-b28a5e3fe084,5.31852e+10,282.9,531.852
1658208726,ANTUSDT,Buy,453.6,1.880,ZeroMinusTick,7794c44e-9600-5151-927a-0428bd2526ef,8.52768e+10,453.6,852.768
1658208726,ANTUSDT,Buy,106.5,1.880,ZeroMinusTick,c92297d3-3509-5657-abb8-a53f1398a29a,2.0022e+10,106.5,200.22
1658208726,ANTUSDT,Buy,426,1.880,ZeroMinusTick,dab034c1-4103-5cc7-88d3-7d3ab25600a6,8.0088e+10,426,800.88
1658208726,ANTUSDT,Buy,13.9,1.880,ZeroMinusTick,2ca1a2ee-6591-5e71-aae9-913bd6fba57a,2.6132e+09,13.9,26.131999999999998
1658208729,ANTUSDT,Buy,426,1.880,ZeroMinusTick,9d49ed1d-ef30-51bb-9dd0-0aa7f4137d51,8.0088e+10,426,800.88
1658208729,ANTUSDT,Buy,426,1.880,ZeroMinusTick,b9fbf35f-93ff-54e2-bb76-16af498e772d,8.0088e+10,426,800.88
1658208729,ANTUSDT,Buy,148,1.880,ZeroMinusTick,52de0d12-17bb-5b65-af65-829c0d663230,2.7824e+10,148,278.24
1658208748,ANTUSDT,Buy,255,1.880,ZeroMinusTick,72d28961-9007-5399-b437-87f4fb2f73f7,4.794e+10,255,479.4
1658208748,ANTUSDT,Buy,140,1.880,ZeroMinusTick,d560d248-ec31-5990-94c7-d709eabfb65c,2.632e+10,140,263.2
1658208754,ANTUSDT,Buy,250,1.880,ZeroMinusTick,a55c4bdc-1ade-5965-a51a-78d4fa3c5333,4.7e+10,250,470
1658208761,ANTUSDT,Buy,60,1.880,ZeroMinusTick,2ef726e0-2dad-54f9-94eb-800b15aa428d,1.128e+10,60,112.8
1658208791,ANTUSDT,Buy,67,1.880,ZeroMinusTick,d50109d5-9d85-5323-9aa6-49e80b3b839d,1.2596e+10,67,125.96
1658208804,ANTUSDT,Buy,10,1.880,ZeroMinusTick,26d1169c-e633-5e15-be87-6c856d56fef5,1.8799999999999998e+09,10,18.799999999999997
1658208854,ANTUSDT,Buy,10,1.880,ZeroMinusTick,8699f4de-4a32-5751-a2d7-cb0c251000cb,1.8799999999999998e+09,10,18.799999999999997
1658209002,ANTUSDT,Buy,11,1.880,ZeroMinusTick,d1eb3663-26c8-5988-986b-f28d5cc03290,2.068e+09,11,20.68
1658209002,ANTUSDT,Buy,19,1.880,ZeroMinusTick,bb96e028-b065-5356-996b-1181822048fc,3.572e+09,19,35.72
1658209004,ANTUSDT,Sell,0.6,1.875,MinusTick,77946e1b-2c46-546e-ad1a-8a3f08f13b66,1.125e+08,0.6,1.125
1658209004,ANTUSDT,Sell,0.3,1.875,ZeroMinusTick,f40a234d-6ee8-5d9d-9bd7-299f2733c519,5.625e+07,0.3,0.5625
1658209007,ANTUSDT,Buy,11,1.880,PlusTick,72b4694e-4035-570e-9bdb-d4ab4026319a,2.068e+09,11,20.68
1658209007,ANTUSDT,Buy,18,1.880,ZeroMinusTick,f32ec66b-136a-564f-ab3b-db4e482c1a61,3.3839999999999995e+09,18,33.839999999999996
1658209084,ANTUSDT,Buy,0.5,1.885,PlusTick,6fc0c0f1-5313-5562-a3f1-ae00f48d2886,9.425e+07,0.5,0.9425
1658209244,ANTUSDT,Buy,1.4,1.885,ZeroMinusTick,45b9eb6f-e651-58e2-8a09-e6ce249c0924,2.6389999999999997e+08,1.4,2.639
1658209402,ANTUSDT,Sell,0.6,1.880,MinusTick,f06fbd95-6fb6-587f-a82a-f90069f0eae5,1.1279999999999999e+08,0.6,1.128
1658209402,ANTUSDT,Sell,165.8,1.880,ZeroMinusTick,1cee1dc1-f973-5d21-8980-35f962a92e1b,3.11704e+10,165.8,311.704
1658209415,ANTUSDT,Buy,0.1,1.885,PlusTick,56619200-d200-5a3c-adc0-c92a3116f925,1.885e+07,0.1,0.1885
1658209448,ANTUSDT,Buy,73,1.885,ZeroMinusTick,7d9f695d-8465-550b-8b27-53174e9d74a9,1.3760499999999998e+10,73,137.605
1658209469,ANTUSDT,Buy,161,1.885,ZeroMinusTick,af1e1dae-c6f0-5a8e-baa6-157fb5455679,3.03485e+10,161,303.485
1658209469,ANTUSDT,Buy,54,1.885,ZeroMinusTick,93e94d46-4c31-5132-b0f5-8204f0269d5c,1.0179e+10,54,101.79
1658209577,ANTUSDT,Sell,2.4,1.885,ZeroMinusTick,b1e70a3a-6c4e-5fc2-b629-d3484520b641,4.524e+08,2.4,4.524
1658209602,ANTUSDT,Buy,73,1.885,ZeroMinusTick,1feaf222-c9bf-50ad-9882-990951154d6a,1.3760499999999998e+10,73,137.605
1658209611,ANTUSDT,Buy,224,1.885,ZeroMinusTick,9737e9bf-faf8-55f0-90f2-fb8467e62976,4.2224e+10,224,422.24
1658209611,ANTUSDT,Buy,75,1.885,ZeroMinusTick,d87d6c9e-d3c3-5b8c-a995-206b71582ea1,1.41375e+10,75,141.375
1658209615,ANTUSDT,Buy,0.1,1.885,ZeroMinusTick,e167fc06-3f91-56b1-b885-8fdaa147c0c2,1.885e+07,0.1,0.1885
1658209631,ANTUSDT,Buy,26,1.885,ZeroMinusTick,4ab753f2-e03e-5b2d-9866-0f9809bd80d4,4.901e+09,26,49.01
1658209805,ANTUSDT,Sell,0.6,1.885,ZeroMinusTick,6e1b6841-243e-5efb-b23b-8688c9748dfc,1.131e+08,0.6,1.131
1658209805,ANTUSDT,Sell,0.6,1.885,ZeroMinusTick,5ee6548c-9dee-5090-b0ad-2de8095a9adf,1.131e+08,0.6,1.131
1658209866,ANTUSDT,Buy,230,1.885,ZeroMinusTick,a7cdb085-fed0-5165-8cd9-fcb7d7e88bd7,4.3355e+10,230,433.55
1658209866,ANTUSDT,Buy,77,1.885,ZeroMinusTick,8f779c2c-0aa0-5474-b8cd-6b3d50b4d547,1.4514500000000002e+10,77,145.145
1658209915,ANTUSDT,Buy,0.1,1.885,ZeroMinusTick,573b3c0f-07df-5c63-9668-edad05785d70,1.885e+07,0.1,0.1885
1658210035,ANTUSDT,Buy,0.2,1.890,PlusTick,43958579-7e87-5c1f-94d1-03e32fd9001e,3.78e+07,0.2,0.378
1658210035,ANTUSDT,Buy,0.1,1.890,ZeroMinusTick,aa98ee96-1473-5de4-8175-95ae02e5a356,1.89e+07,0.1,0.189
1658210097,ANTUSDT,Buy,48.9,1.890,ZeroMinusTick,7a5125b8-0096-5f14-969e-9fec542bd6f9,9.2421e+09,48.9,92.42099999999999
1658210144,ANTUSDT,Sell,28,1.885,MinusTick,526ed6e6-5dc6-552c-8101-ff66ca221407,5.278e+09,28,52.78
1658210144,ANTUSDT,Sell,28,1.885,ZeroMinusTick,abd66a06-15f1-54e3-8ed6-dd615d53d68f,5.278e+09,28,52.78
1658210144,ANTUSDT,Sell,28,1.885,ZeroMinusTick,8656f7e2-7fae-5da0-bbfb-b18beebcac41,5.278e+09,28,52.78
1658210144,ANTUSDT,Sell,28,1.885,ZeroMinusTick,7615f020-dc2b-5289-8f97-60366d82f819,5.278e+09,28,52.78
1658210145,ANTUSDT,Sell,28,1.885,ZeroMinusTick,d433f93e-733c-5852-8f41-0a771e18b904,5.278e+09,28,52.78
1658210145,ANTUSDT,Sell,28,1.885,ZeroMinusTick,b3b34874-d9da-5d1b-b780-94c172b3beb8,5.278e+09,28,52.78
1658210145,ANTUSDT,Sell,63.6,1.885,ZeroMinusTick,3e0b7727-6b4c-5b71-ab19-08de61199242,1.1988600000000002e+10,63.6,119.88600000000001
1658210145,ANTUSDT,Sell,61.7,1.885,ZeroMinusTick,113d2752-d4ad-5451-80bf-60700beeee8d,1.163045e+10,61.7,116.3045
1658210145,ANTUSDT,Sell,1.9,1.885,ZeroMinusTick,85c9ef0b-173f-5679-a2c9-734f52e6310b,3.5814999999999994e+08,1.9,3.5814999999999997
1658210145,ANTUSDT,Sell,26.8,1.885,ZeroMinusTick,6af49017-14fb-572d-a2a0-a929859fc8a4,5.0518e+09,26.8,50.518
1658210205,ANTUSDT,Buy,0.1,1.885,ZeroMinusTick,852019e2-edfe-5dde-91d3-4eabd19a9fd4,1.885e+07,0.1,0.1885
1658210205,ANTUSDT,Sell,48.9,1.880,MinusTick,479ac34c-109a-5dd9-bca5-03afd99e12b7,9.193199999999998e+09,48.9,91.93199999999999
1658210272,ANTUSDT,Buy,28,1.885,PlusTick,5d244d4b-3653-5c2d-b9ee-a56acdb46014,5.278e+09,28,52.78
1658210278,ANTUSDT,Sell,55.6,1.880,MinusTick,681cc60e-c5f0-56d5-9845-f6ce46e23d60,1.04528e+10,55.6,104.52799999999999
1658210278,ANTUSDT,Sell,42.9,1.880,ZeroMinusTick,d362dfad-2a6a-5fb5-8b98-36a2fea67743,8.065199999999999e+09,42.9,80.65199999999999
1658210385,ANTUSDT,Buy,0.1,1.880,ZeroMinusTick,446ed557-aef5-50a1-b81b-1d0ae72d5a99,1.88e+07,0.1,0.188
1658210513,ANTUSDT,Sell,0.2,1.875,MinusTick,5a3b57b5-132a-5942-b60e-7edc7bd7069b,3.75e+07,0.2,0.375
1658210513,ANTUSDT,Sell,17.9,1.875,ZeroMinusTick,34eeb253-f07d-5df8-9fa9-a9f0a2d75605,3.35625e+09,17.9,33.5625
1658210575,ANTUSDT,Sell,0.7,1.875,ZeroMinusTick,f3598e58-3c09-5939-879e-d83caaf958a9,1.3125e+08,0.7,1.3125
1658210675,ANTUSDT,Sell,1.1,1.875,ZeroMinusTick,4ee3b00e-feb9-5334-8a2c-c9c04b6d003d,2.0625e+08,1.1,2.0625
1658210809,ANTUSDT,Sell,794.9,1.870,MinusTick,29e4f774-cd6c-5a0f-9f40-b74fd3f81237,1.486463e+11,794.9,1486.463
1658210855,ANTUSDT,Sell,1.4,1.865,MinusTick,96c46a6a-80de-56a4-8270-939ca744c112,2.6109999999999997e+08,1.4,2.6109999999999998
1658211045,ANTUSDT,Sell,0.1,1.870,PlusTick,b62affb8-d007-5c7f-9820-98ac7aa8c085,1.8700000000000004e+07,0.1,0.18700000000000003
1658211295,ANTUSDT,Sell,0.8,1.870,ZeroMinusTick,4b86d4bd-1650-5ba7-ab5e-1975bfe5a041,1.4960000000000003e+08,0.8,1.4960000000000002
1658211495,ANTUSDT,Sell,1.6,1.875,PlusTick,3d3a1685-18a2-5e3b-995b-810555bab601,3e+08,1.6,3
1658211545,ANTUSDT,Buy,0.1,1.885,PlusTick,27710d11-3f76-5549-8d84-7e63f0523ccf,1.885e+07,0.1,0.1885
1658211665,ANTUSDT,Sell,0.3,1.880,MinusTick,7055cb25-73db-5653-a9d1-ddbf5a30d3d3,5.639999999999999e+07,0.3,0.564
1658211745,ANTUSDT,Sell,1.3,1.880,ZeroMinusTick,7ce62437-0823-5067-8f2e-49731aa1aebf,2.444e+08,1.3,2.444
1658211786,ANTUSDT,Buy,1.2,1.885,PlusTick,a5d97070-4a09-5da7-92bc-0bdf06c98c3c,2.262e+08,1.2,2.262
1658211786,ANTUSDT,Buy,2.3,1.885,ZeroMinusTick,ec37776c-5b4b-5981-bdb5-822bf9b1bb15,4.3354999999999994e+08,2.3,4.3355
1658211786,ANTUSDT,Buy,4.7,1.885,ZeroMinusTick,0339a358-4a85-523a-b890-2faed404c140,8.859500000000001e+08,4.7,8.8595
1658211786,ANTUSDT,Buy,9.7,1.885,ZeroMinusTick,13bb451a-a833-5c51-90fe-99ebd515482c,1.8284499999999998e+09,9.7,18.284499999999998
1658211875,ANTUSDT,Sell,10,1.885,ZeroMinusTick,f62b929f-c009-543d-b79d-89ba12822422,1.8850000000000002e+09,10,18.85
1658211905,ANTUSDT,Sell,10,1.885,ZeroMinusTick,3940960a-f602-5cd7-b2d8-e51fb8f0bf1c,1.8850000000000002e+09,10,18.85
1658211985,ANTUSDT,Buy,0.7,1.890,PlusTick,c66acb50-5272-5229-873e-254e6770fe73,1.323e+08,0.7,1.323
1658212067,ANTUSDT,Buy,0.1,1.890,ZeroMinusTick,af587ed5-7cd1-5849-baf8-52c5c3f5b7c4,1.89e+07,0.1,0.189
1658212067,ANTUSDT,Buy,0.8,1.890,ZeroMinusTick,6008c795-a539-5469-9e1a-035bda72b769,1.512e+08,0.8,1.512
1658212067,ANTUSDT,Buy,0.2,1.890,ZeroMinusTick,3c9680a1-81ba-5de1-83c8-97a1fe38e614,3.78e+07,0.2,0.378
1658212070,ANTUSDT,Sell,0.8,1.890,ZeroMinusTick,18b4dff7-efbb-5602-bd08-6ee8b7745168,1.512e+08,0.8,1.512
1658212085,ANTUSDT,Buy,0.5,1.895,PlusTick,f9bd02fe-5dca-5d03-ba67-9e9330dcd0d7,9.475e+07,0.5,0.9475
1658212089,ANTUSDT,Sell,65,1.890,MinusTick,acd6c8c1-d361-5100-9952-198d60efc4a2,1.2285e+10,65,122.85
1658212089,ANTUSDT,Buy,92,1.890,ZeroMinusTick,0d1f7135-bfde-5c1d-9acb-283fb3ed3db3,1.7388e+10,92,173.88
1658212093,ANTUSDT,Buy,56,1.890,ZeroMinusTick,af1ee418-3caf-5982-bee2-90109b668bd2,1.0583999999999998e+10,56,105.83999999999999
1658212124,ANTUSDT,Buy,167,1.890,ZeroMinusTick,283b6fcc-79f8-5761-b9be-dc82a3cd7fa6,3.1563e+10,167,315.63
1658212124,ANTUSDT,Buy,333.7,1.890,ZeroMinusTick,637e52fb-dd54-52c1-b7a7-f8b19df96dc9,6.30693e+10,333.7,630.693
1658212202,ANTUSDT,Buy,91.2,1.895,PlusTick,75cf4acd-bba1-5105-a463-981ed617ae40,1.72824e+10,91.2,172.824
1658212202,ANTUSDT,Buy,3.8,1.895,ZeroMinusTick,409e5a48-3665-5ad6-abb5-0b6fc09a8cb8,7.201e+08,3.8,7.201
1658212203,ANTUSDT,Buy,422.7,1.895,ZeroMinusTick,13d5b7cc-fd27-5b4f-b416-2ecdd51ea3fb,8.010165e+10,422.7,801.0165
1658212203,ANTUSDT,Buy,0.3,1.895,ZeroMinusTick,f786a1f5-d63b-50fd-b6d3-2685f6336f8d,5.685e+07,0.3,0.5685
1658212285,ANTUSDT,Buy,0.1,1.900,PlusTick,647f7a20-b555-5fda-a82f-ebefd80972e5,1.9e+07,0.1,0.19
1658212446,ANTUSDT,Sell,4,1.895,MinusTick,6861825f-afb2-57d5-bb9b-fb779f36173c,7.58e+08,4,7.58
1658212485,ANTUSDT,Sell,0.5,1.895,ZeroMinusTick,9f22c49a-7c4e-515f-ba29-42437982341a,9.475e+07,0.5,0.9475
1658212585,ANTUSDT,Sell,0.6,1.895,ZeroMinusTick,dbbfbee6-c326-5045-aabf-6a3927379369,1.137e+08,0.6,1.137
1658212745,ANTUSDT,Buy,1.8,1.900,PlusTick,a7ea4823-9f0c-5e87-9986-5a4fb5416a6b,3.42e+08,1.8,3.42
1658212815,ANTUSDT,Sell,1.6,1.895,MinusTick,302d2491-5101-5e2f-b1f2-e3cb9f635f68,3.032e+08,1.6,3.032
1658212945,ANTUSDT,Buy,140,1.885,MinusTick,b5af6065-ae14-5552-b200-63595c1f0e19,2.6389999999999996e+10,140,263.9
1658213005,ANTUSDT,Sell,0.2,1.875,MinusTick,4d2392f0-a77c-5bff-8d13-f2d987e62e5a,3.75e+07,0.2,0.375
1658213005,ANTUSDT,Sell,0.1,1.875,ZeroMinusTick,10264a84-5a91-51c6-bd33-387898be5fc0,1.875e+07,0.1,0.1875
1658213005,ANTUSDT,Sell,49.7,1.875,ZeroMinusTick,79650ea6-209c-5ec5-b884-2175630a38fa,9.31875e+09,49.7,93.1875
1658213105,ANTUSDT,Sell,0.1,1.865,MinusTick,6ad9ae5c-8999-5bad-a802-3e00b90fb302,1.865e+07,0.1,0.1865
1658213219,ANTUSDT,Sell,0.2,1.860,MinusTick,f76577fd-bc0c-565c-8c7b-fc7a04330dce,3.720000000000001e+07,0.2,0.37200000000000005
1658213242,ANTUSDT,Buy,450,1.855,MinusTick,76456aa5-03fa-599a-a768-716117270183,8.3475e+10,450,834.75
1658213295,ANTUSDT,Sell,10,1.850,MinusTick,81a0a2f4-9974-534a-9ce2-c29c90505105,1.85e+09,10,18.5
1658213295,ANTUSDT,Sell,2,1.850,ZeroMinusTick,11b46e98-9f2f-534b-bb7a-f9ec5d7079b9,3.7e+08,2,3.7
1658213341,ANTUSDT,Sell,27,1.850,ZeroMinusTick,168af260-800d-55a4-9747-b7ffb9ae9dcf,4.995e+09,27,49.95
1658213365,ANTUSDT,Sell,0.1,1.845,MinusTick,e5704777-84bd-5f78-aef2-cfe023dbc4ae,1.845e+07,0.1,0.1845
1658213365,ANTUSDT,Sell,0.1,1.845,ZeroMinusTick,7a5e95de-31bc-5842-b5b0-b2c476efa950,1.845e+07,0.1,0.1845
1658213365,ANTUSDT,Sell,271,1.845,ZeroMinusTick,fcf0dd17-3841-5396-930b-aea17e4ce0c3,4.99995e+10,271,499.995
1658213365,ANTUSDT,Sell,108.2,1.845,ZeroMinusTick,0f415ac5-29fe-5f2f-a650-3b2fd1ced16d,1.99629e+10,108.2,199.629
1658213365,ANTUSDT,Sell,0.6,1.845,ZeroMinusTick,58a2a35f-45ef-5a91-8b36-7b9e816f7df6,1.107e+08,0.6,1.107
1658213365,ANTUSDT,Sell,18.1,1.840,MinusTick,b58611ec-6914-57aa-a6ce-2029cf79d89e,3.3304e+09,18.1,33.304
1658213365,ANTUSDT,Sell,602,1.840,ZeroMinusTick,44483e87-1427-5edf-8182-aafee9e234be,1.10768e+11,602,1107.68
1658213365,ANTUSDT,Sell,20.7,1.845,PlusTick,c42e8447-95e0-506b-a700-538d93119544,3.81915e+09,20.7,38.1915
1658213366,ANTUSDT,Sell,979.3,1.845,ZeroMinusTick,fb38ffd2-6b0c-5f5f-9df1-f69231e7a0ca,1.8068085e+11,979.3,1806.8084999999999
1658213366,ANTUSDT,Sell,0.6,1.845,ZeroMinusTick,93eedb06-fa38-5acf-a8de-8162fe174348,1.107e+08,0.6,1.107
1658213366,ANTUSDT,Sell,20.1,1.845,ZeroMinusTick,8221ec6c-835e-5f46-b9d7-1da6e8dcd42c,3.7084500000000005e+09,20.1,37.084500000000006
1658213369,ANTUSDT,Sell,250.9,1.845,ZeroMinusTick,6b1552b5-27bf-5186-a97b-8d5e969c01b7,4.629105e+10,250.9,462.9105
1658213369,ANTUSDT,Sell,0.6,1.845,ZeroMinusTick,a47b597a-5cd7-5668-bfd5-02033959f449,1.107e+08,0.6,1.107
1658213369,ANTUSDT,Sell,108.2,1.845,ZeroMinusTick,f1d9fcd6-51fb-5bee-aafc-b55c67a517a9,1.99629e+10,108.2,199.629
1658213369,ANTUSDT,Sell,398,1.840,MinusTick,91e2b033-4e33-5a30-9a0b-dc4ecf24832d,7.3232e+10,398,732.32
1658213369,ANTUSDT,Sell,242.3,1.840,ZeroMinusTick,52a92d70-e3db-59f4-ba43-e30adc4d3c23,4.458320000000001e+10,242.3,445.83200000000005
1658213400,ANTUSDT,Buy,1000,1.845,PlusTick,48a50c87-678f-5425-8567-180b731ef548,1.845e+11,1000,1845
1658213447,ANTUSDT,Sell,61,1.850,PlusTick,cf5c5ab4-f0ef-5037-a892-cee6eebe955c,1.1285e+10,61,112.85000000000001
1658213465,ANTUSDT,Sell,0.6,1.845,MinusTick,78555389-78c0-5a9c-b444-142f54382b63,1.107e+08,0.6,1.107
1658213465,ANTUSDT,Sell,0.9,1.845,ZeroMinusTick,cf4deb80-5883-5924-98ef-12ffbce7bde7,1.6605e+08,0.9,1.6605
1658213546,ANTUSDT,Sell,63,1.850,PlusTick,0af98808-c74a-50b2-9de7-03182a97d6fa,1.1655000000000002e+10,63,116.55000000000001
1658213546,ANTUSDT,Sell,63,1.850,ZeroMinusTick,d64a0335-a4ad-5480-9e7c-294201b48e7c,1.1655000000000002e+10,63,116.55000000000001
1658213547,ANTUSDT,Sell,324,1.850,ZeroMinusTick,4a81109d-4178-5911-86b7-b73d74ea169f,5.994e+10,324,599.4
1658213547,ANTUSDT,Sell,176,1.850,ZeroMinusTick,da96130b-b848-58ce-8813-89d1df2503b6,3.2560000000000004e+10,176,325.6
1658213582,ANTUSDT,Sell,450,1.850,ZeroMinusTick,1bf4597c-a7fa-5353-9fc9-4783d6e8e792,8.325e+10,450,832.5
1658213582,ANTUSDT,Sell,0.6,1.845,MinusTick,98438d9e-4bcd-5e22-a3ee-af729f64de0d,1.107e+08,0.6,1.107
1658213582,ANTUSDT,Sell,49.4,1.845,ZeroMinusTick,071ec208-1d75-534f-b803-113ad2337128,9.1143e+09,49.4,91.143
1658213605,ANTUSDT,Sell,0.8,1.850,PlusTick,a79dafad-be32-5ca9-837f-d1704a3404d7,1.4800000000000003e+08,0.8,1.4800000000000002
1658213609,ANTUSDT,Sell,66,1.850,ZeroMinusTick,a11f878c-e637-51ff-95e1-380e81dbf429,1.221e+10,66,122.10000000000001
1658213634,ANTUSDT,Sell,106,1.855,PlusTick,394a783f-de9a-5c94-9bb9-fb5f4ad069cf,1.9663e+10,106,196.63
1658213725,ANTUSDT,Buy,0.2,1.860,PlusTick,d22034fb-4339-55d3-a792-37879134f09b,3.720000000000001e+07,0.2,0.37200000000000005
1658213725,ANTUSDT,Buy,0.9,1.860,ZeroMinusTick,953d468f-7f52-53dd-b52b-4e9f67ea4fe2,1.6740000000000003e+08,0.9,1.6740000000000002
1658213755,ANTUSDT,Buy,0.1,1.855,MinusTick,10bce50f-72c5-5003-8208-6336244db374,1.855e+07,0.1,0.1855
1658213875,ANTUSDT,Buy,1.1,1.855,ZeroMinusTick,7f5a992d-f8a5-5d31-b8a7-6c718d520a49,2.0405000000000003e+08,1.1,2.0405
1658214009,ANTUSDT,Buy,8,1.860,PlusTick,89a77a5c-d17f-5701-b9e8-1cfadde62d38,1.488e+09,8,14.88
1658214015,ANTUSDT,Sell,0.9,1.855,MinusTick,926c6e5e-bc16-5c63-a68a-72009f7176ca,1.6695e+08,0.9,1.6695
1658214075,ANTUSDT,Sell,0.9,1.855,ZeroMinusTick,8136773c-c3ca-50b9-b6a7-f06a119eb10d,1.6695e+08,0.9,1.6695
1658214185,ANTUSDT,Buy,0.8,1.865,PlusTick,a7ffdc68-e9a0-595c-b654-6aa052de2b7c,1.492e+08,0.8,1.492
1658214235,ANTUSDT,Sell,0.1,1.860,MinusTick,b7784c67-bc7f-5b73-9cf9-07300982333d,1.8600000000000004e+07,0.1,0.18600000000000003
1658214405,ANTUSDT,Sell,1.7,1.865,PlusTick,dc8c1bb0-fb18-5e05-a453-4466cda7e7b1,3.1705e+08,1.7,3.1705
1658214505,ANTUSDT,Buy,0.4,1.865,ZeroMinusTick,bfb6fd1a-e514-5a1a-bf63-dd85d44d73b5,7.46e+07,0.4,0.746
1658214635,ANTUSDT,Buy,0.1,1.865,ZeroMinusTick,9c41d068-c674-555f-92ab-f2b0f6af4b77,1.865e+07,0.1,0.1865
1658214835,ANTUSDT,Buy,0.2,1.875,PlusTick,161fcb2f-a4e8-53b3-ae92-3e948fc4baf6,3.75e+07,0.2,0.375
1658214835,ANTUSDT,Buy,1.8,1.875,ZeroMinusTick,ebd09efa-8436-5e56-ad92-46829fca9565,3.375e+08,1.8,3.375
1658214852,ANTUSDT,Buy,208.8,1.875,ZeroMinusTick,f911c7fa-7c6f-5896-a440-0230291867a2,3.915e+10,208.8,391.5
1658215005,ANTUSDT,Buy,1.9,1.875,ZeroMinusTick,fdf19525-b26c-5d92-a452-e083bf34b549,3.5625e+08,1.9,3.5625
1658215185,ANTUSDT,Sell,1.6,1.870,MinusTick,b2a14e57-c988-57d3-b1e5-c0d03d24eba2,2.9920000000000006e+08,1.6,2.9920000000000004
1658215305,ANTUSDT,Buy,1.1,1.865,MinusTick,6d0c70d7-16b2-500c-b2e5-a321620fc222,2.0515000000000003e+08,1.1,2.0515000000000003
1658215385,ANTUSDT,Sell,0.2,1.860,MinusTick,a102c7f7-adf8-57f1-979a-530d9c37bb65,3.720000000000001e+07,0.2,0.37200000000000005
1658215385,ANTUSDT,Sell,0.1,1.860,ZeroMinusTick,315462e9-d1c5-5323-9c8e-2966961cca29,1.8600000000000004e+07,0.1,0.18600000000000003
1658215437,ANTUSDT,Sell,51.7,1.860,ZeroMinusTick,8ab3bdf2-d4a4-5cbf-b591-961f5f3796bc,9.6162e+09,51.7,96.162
1658215565,ANTUSDT,Buy,0.4,1.860,ZeroMinusTick,3d3dd8f8-2803-5cc6-8c6f-36fb23d6ee04,7.440000000000001e+07,0.4,0.7440000000000001
1658215775,ANTUSDT,Buy,0.5,1.855,MinusTick,25996e4f-b698-5677-9172-e63931564a67,9.275e+07,0.5,0.9275
1658215865,ANTUSDT,Buy,1.4,1.855,ZeroMinusTick,a2561dc1-d8ba-573a-b212-58071ad2b574,2.597e+08,1.4,2.597
1658216015,ANTUSDT,Buy,0.1,1.860,PlusTick,1256863a-81c3-592a-8622-d87b68e31817,1.8600000000000004e+07,0.1,0.18600000000000003
1658216145,ANTUSDT,Buy,0.1,1.855,MinusTick,5afaf5ce-af9d-59b2-9a27-15ad5c3b10e2,1.855e+07,0.1,0.1855
1658216255,ANTUSDT,Sell,0.7,1.865,PlusTick,1db2be03-42e9-51d6-8c54-dbf79cf42966,1.3054999999999999e+08,0.7,1.3054999999999999
1658216315,ANTUSDT,Sell,0.7,1.865,ZeroMinusTick,65e49aef-8cc0-5bb7-8bb4-191ab72add3d,1.3054999999999999e+08,0.7,1.3054999999999999
1658216348,ANTUSDT,Sell,18,1.865,ZeroMinusTick,f8fb2868-2c88-5799-ab10-ace6664edc58,3.357e+09,18,33.57
1658216348,ANTUSDT,Sell,27,1.865,ZeroMinusTick,708c3863-d6c7-5164-b9fe-a5773afb207f,5.0355e+09,27,50.355
1658216348,ANTUSDT,Sell,67.2,1.865,ZeroMinusTick,833f9796-b33e-5222-a524-9af90441b91d,1.25328e+10,67.2,125.328
1658216405,ANTUSDT,Sell,0.1,1.865,ZeroMinusTick,ba130268-5586-5205-b9a1-99ee65094254,1.865e+07,0.1,0.1865
1658216585,ANTUSDT,Sell,1.1,1.860,MinusTick,038e926c-b6e9-5110-8890-fb8e256e01e0,2.0460000000000003e+08,1.1,2.0460000000000003
1658216765,ANTUSDT,Buy,1.5,1.855,MinusTick,91e0297c-25a6-5d48-9bc0-7194abab4a63,2.7825e+08,1.5,2.7824999999999998
1658216825,ANTUSDT,Buy,1.8,1.865,PlusTick,a9181f1b-ecb2-5cc6-9997-57b3b5c92304,3.357e+08,1.8,3.357
1658216915,ANTUSDT,Buy,0.5,1.870,PlusTick,8fda778e-dc4e-5f7c-96ce-b2658b0aed15,9.35e+07,0.5,0.935
1658217005,ANTUSDT,Buy,0.1,1.875,PlusTick,d3749a6e-e66a-5f71-ac64-e74f7a3bf30a,1.875e+07,0.1,0.1875
1658217085,ANTUSDT,Buy,0.2,1.875,ZeroMinusTick,2a9c65e4-0768-5770-a7e2-b44eebb13a7c,3.75e+07,0.2,0.375
1658217085,ANTUSDT,Buy,1.1,1.875,ZeroMinusTick,cd7f79a6-c04e-598d-add1-781969a197d9,2.0625e+08,1.1,2.0625
1658217114,ANTUSDT,Sell,28,1.870,MinusTick,92d7d026-1aeb-5266-a4f5-9c10740248fb,5.236e+09,28,52.36
1658217165,ANTUSDT,Sell,0.9,1.870,ZeroMinusTick,02fdcb34-0f14-5dac-b37f-afe9fe1d72bc,1.683e+08,0.9,1.683
1658217225,ANTUSDT,Sell,0.6,1.870,ZeroMinusTick,3896a159-c6c8-5b4f-a306-08508483cd14,1.1220000000000001e+08,0.6,1.122
1658217285,ANTUSDT,Sell,0.1,1.865,MinusTick,02e595e8-0063-5799-ab67-265008c29deb,1.865e+07,0.1,0.1865
1658217405,ANTUSDT,Sell,1.2,1.860,MinusTick,368f591c-89e8-5050-a9ab-645485fb79a1,2.2320000000000003e+08,1.2,2.232
1658217465,ANTUSDT,Sell,0.2,1.860,ZeroMinusTick,db707ec5-3110-5a28-b479-af52eff5595c,3.720000000000001e+07,0.2,0.37200000000000005
1658217465,ANTUSDT,Sell,0.1,1.860,ZeroMinusTick,7a5d9db2-0875-57c9-8640-7b167f5e2017,1.8600000000000004e+07,0.1,0.18600000000000003
1658217505,ANTUSDT,Sell,0.1,1.860,ZeroMinusTick,3a52f8e2-2fd7-5dde-bf7d-57233d918d30,1.8600000000000004e+07,0.1,0.18600000000000003
1658217605,ANTUSDT,Sell,10,1.870,PlusTick,1ad4ef24-f49b-57cb-a353-eae8c0003b17,1.8700000000000002e+09,10,18.700000000000003
1658217654,ANTUSDT,Buy,0.2,1.875,PlusTick,4641acaa-3437-5f34-a36e-98eee262c64f,3.75e+07,0.2,0.375
1658217702,ANTUSDT,Sell,31.7,1.875,ZeroMinusTick,99b834a6-d24d-5a57-b906-7d2e3a8ceed7,5.94375e+09,31.7,59.4375
1658217702,ANTUSDT,Sell,12.5,1.875,ZeroMinusTick,e9cbd510-8aea-57c8-a07c-f7ed1a33439b,2.34375e+09,12.5,23.4375
1658217702,ANTUSDT,Sell,19.2,1.875,ZeroMinusTick,8cba02c5-24ac-5315-81d6-1c7ddf75e78d,3.6e+09,19.2,36
1658217702,ANTUSDT,Sell,31.7,1.875,ZeroMinusTick,7da30457-cd0f-51c5-a670-6415fe985a75,5.94375e+09,31.7,59.4375
1658217702,ANTUSDT,Sell,15.1,1.875,ZeroMinusTick,cacbf7d4-aa26-558e-82e4-cddd10f12717,2.83125e+09,15.1,28.3125
1658217702,ANTUSDT,Sell,16.6,1.875,ZeroMinusTick,83edf4a3-3ba0-530a-91ef-72bfaf5cd4d6,3.1125000000000005e+09,16.6,31.125000000000004
1658217702,ANTUSDT,Sell,47.6,1.875,ZeroMinusTick,633d7177-37b2-5332-8d19-e765d404cccc,8.925e+09,47.6,89.25
1658217705,ANTUSDT,Sell,1.9,1.870,MinusTick,bae65516-4bec-553b-bacb-f7e9210ac347,3.553e+08,1.9,3.553
1658217810,ANTUSDT,Sell,32,1.875,PlusTick,88e077e3-788e-5eab-aff6-06e36884a489,6e+09,32,60
1658217810,ANTUSDT,Sell,36.9,1.875,ZeroMinusTick,847a49dd-1b44-5020-bec4-c761862aa1b7,6.91875e+09,36.9,69.1875
1658217853,ANTUSDT,Buy,3.1,1.865,MinusTick,b5754aad-eb34-5bf8-bbff-7ebd9bd984ff,5.7815e+08,3.1,5.7815
1658217875,ANTUSDT,Sell,0.8,1.860,MinusTick,cf5f8805-8de9-52c4-8acd-c9986dacdef3,1.4880000000000003e+08,0.8,1.4880000000000002
1658217932,ANTUSDT,Sell,6.5,1.870,PlusTick,4c76117e-e88d-59d6-8b13-34edc378c700,1.2155e+09,6.5,12.155000000000001
1658217932,ANTUSDT,Buy,13.9,1.875,PlusTick,590622ef-8762-5f36-baec-1517afa500a8,2.60625e+09,13.9,26.0625
1658217935,ANTUSDT,Buy,1.5,1.875,ZeroMinusTick,708199b7-0741-5a36-9a99-7d2b9d7d1206,2.8125e+08,1.5,2.8125
1658218005,ANTUSDT,Sell,0.3,1.880,PlusTick,1facf32b-e9dc-556d-834d-08119d90459a,5.639999999999999e+07,0.3,0.564
1658218025,ANTUSDT,Buy,660,1.880,ZeroMinusTick,53784ff4-3dc0-5dd8-9b25-67c3d236507d,1.2408e+11,660,1240.8
1658218074,ANTUSDT,Sell,55.4,1.875,MinusTick,d13f747f-919d-50d6-a892-27e4700003e6,1.03875e+10,55.4,103.875
1658218074,ANTUSDT,Sell,63.6,1.875,ZeroMinusTick,c581d8a0-5fbe-55aa-b70d-78b350988abb,1.1925e+10,63.6,119.25
1658218075,ANTUSDT,Sell,63.6,1.875,ZeroMinusTick,c3f4ed32-02c8-5a00-a759-bc868aeffce4,1.1925e+10,63.6,119.25
1658218075,ANTUSDT,Sell,700.4,1.875,ZeroMinusTick,86dce907-4df3-57b7-9011-b154d227ed0c,1.31325e+11,700.4,1313.25
1658218165,ANTUSDT,Sell,0.6,1.880,PlusTick,184d2987-3e53-5363-8f8f-2cb0fb0df0a8,1.1279999999999999e+08,0.6,1.128
1658218203,ANTUSDT,Buy,61,1.880,ZeroMinusTick,06fee7cd-fd6b-5780-8eb7-41059464f03a,1.1468e+10,61,114.67999999999999
1658218225,ANTUSDT,Buy,1.6,1.880,ZeroMinusTick,f823262f-fe0c-5aa0-8f8e-daa4ba22e7ec,3.008e+08,1.6,3.008
1658218278,ANTUSDT,Buy,13,1.880,ZeroMinusTick,6d3c0acc-10dd-5fbd-892f-3345f91714d3,2.444e+09,13,24.439999999999998
1658218278,ANTUSDT,Buy,40,1.880,ZeroMinusTick,4bc72055-dad0-5ebb-8b68-cf74de0e5640,7.519999999999999e+09,40,75.19999999999999
1658218305,ANTUSDT,Sell,39.2,1.885,PlusTick,b525b98c-98ba-502b-b9da-fd9cd52d654c,7.389200000000001e+09,39.2,73.89200000000001
1658218305,ANTUSDT,Sell,22.2,1.885,ZeroMinusTick,dbfb0f7f-da45-58a9-8293-83b6cd1e4ab9,4.1847e+09,22.2,41.847
1658218305,ANTUSDT,Buy,0.2,1.890,PlusTick,52488c4d-250b-5ffd-98ec-33c8e1592d60,3.78e+07,0.2,0.378
1658218305,ANTUSDT,Buy,8.5,1.890,ZeroMinusTick,bf375a91-b3b9-5438-b872-78976f54209a,1.6064999999999998e+09,8.5,16.064999999999998
1658218305,ANTUSDT,Buy,7.1,1.890,ZeroMinusTick,fe160c85-d21b-5a96-b5a7-3073afa348e0,1.3418999999999998e+09,7.1,13.418999999999999
1658218305,ANTUSDT,Buy,35.9,1.890,ZeroMinusTick,250d98fb-98d8-5569-84ee-c2952e01a69d,6.7851e+09,35.9,67.851
1658218351,ANTUSDT,Buy,193,1.885,MinusTick,ae626994-6b10-5939-b8f0-ae95afe85c9a,3.63805e+10,193,363.805
1658218354,ANTUSDT,Buy,67,1.885,ZeroMinusTick,2a15a1fc-d737-5258-bf95-b7ed727f336d,1.26295e+10,67,126.295
1658218425,ANTUSDT,Sell,0.3,1.885,ZeroMinusTick,a09c2f84-4d0c-5aaa-a5be-e7b0469f3ce0,5.655e+07,0.3,0.5655
1658218475,ANTUSDT,Buy,63,1.890,PlusTick,d6e06246-f51c-5d55-96e2-f7b6a47550ef,1.1907e+10,63,119.07
1658218515,ANTUSDT,Buy,1.6,1.890,ZeroMinusTick,dfbbac46-da31-5176-ad9c-8df4a3a72124,3.024e+08,1.6,3.024
1658218533,ANTUSDT,Buy,60,1.890,ZeroMinusTick,229f1b2a-333b-5a3a-bcee-ee87733729fb,1.134e+10,60,113.39999999999999
1658218534,ANTUSDT,Buy,221.9,1.890,ZeroMinusTick,5f7471e2-9b95-5e2a-90ca-d22f30ca8eeb,4.19391e+10,221.9,419.39099999999996
1658218535,ANTUSDT,Buy,346.5,1.890,ZeroMinusTick,21038e54-db1c-585e-b8b3-fd884b45784b,6.54885e+10,346.5,654.885
1658218558,ANTUSDT,Sell,53,1.890,ZeroMinusTick,ee86f6fe-7b77-5cf5-b282-cdec3d2d54e6,1.0017e+10,53,100.17
1658218572,ANTUSDT,Buy,346.5,1.890,ZeroMinusTick,2d1d8e96-1db7-5eba-8390-d5a1eaf0f91a,6.54885e+10,346.5,654.885
1658218575,ANTUSDT,Buy,0.1,1.890,ZeroMinusTick,7291b83c-b460-5071-8d7a-58e89ccafdc6,1.89e+07,0.1,0.189
1658218577,ANTUSDT,Buy,30,1.890,ZeroMinusTick,e4aec8f1-6893-5838-b09f-d6e040917156,5.67e+09,30,56.699999999999996
1658218609,ANTUSDT,Buy,61,1.890,ZeroMinusTick,6583e93d-2400-5c2e-8cac-74bf8f1584b7,1.1529e+10,61,115.28999999999999
1658218644,ANTUSDT,Buy,29.5,1.890,ZeroMinusTick,6823b45c-519d-53ec-93f1-fb6d0d6e7485,5.5755e+09,29.5,55.754999999999995
1658218665,ANTUSDT,Buy,0.1,1.895,PlusTick,ac29726d-3166-5232-99fc-67505af3c736,1.895e+07,0.1,0.1895
1658218700,ANTUSDT,Buy,238.1,1.895,ZeroMinusTick,77e37c8d-c21e-55fb-99be-1420cde0624f,4.511995e+10,238.1,451.1995
1658218715,ANTUSDT,Buy,140,1.895,ZeroMinusTick,af5fa685-0d17-534a-b82f-11bce885b4ec,2.653e+10,140,265.3
1658218715,ANTUSDT,Buy,47,1.895,ZeroMinusTick,7418fbae-2004-53c7-83fe-039d19fa6534,8.9065e+09,47,89.065
1658218715,ANTUSDT,Buy,47,1.895,ZeroMinusTick,1a27c633-dbda-5f3f-b4ba-657f200a413c,8.9065e+09,47,89.065
1658218715,ANTUSDT,Buy,81,1.895,ZeroMinusTick,07efe787-2af7-5067-a853-880ae46046ac,1.53495e+10,81,153.495
1658218730,ANTUSDT,Buy,0.2,1.905,PlusTick,250db24e-8543-5775-a936-095a4ba4457d,3.81e+07,0.2,0.381
1658218730,ANTUSDT,Buy,210.6,1.910,PlusTick,685cad50-689c-5a51-b95e-90a05cb34283,4.02246e+10,210.6,402.246
1658218730,ANTUSDT,Buy,60.7,1.910,ZeroMinusTick,dbe2179b-5e50-5a69-80e8-75c331df977e,1.15937e+10,60.7,115.937
1658218739,ANTUSDT,Buy,268,1.910,ZeroMinusTick,726dfbf3-c955-5371-b57f-71ae286ee34c,5.1188e+10,268,511.88
1658218741,ANTUSDT,Buy,42,1.915,PlusTick,ca797720-7920-5d18-af91-8703779a5fc1,8.043000000000001e+09,42,80.43
1658218745,ANTUSDT,Sell,10,1.910,MinusTick,0c22b07d-9482-5ec3-8fb7-2ab9c041ff6a,1.9099999999999998e+09,10,19.099999999999998
1658218747,ANTUSDT,Buy,35,1.915,PlusTick,57b62b3f-919e-5b61-b9a3-09ecc351ab7b,6.702500000000001e+09,35,67.025
1658218747,ANTUSDT,Buy,500,1.915,ZeroMinusTick,63f8ff22-5005-58bc-b579-a7754c951832,9.575e+10,500,957.5
1658218747,ANTUSDT,Buy,21.7,1.915,ZeroMinusTick,524771d6-27a1-5165-8189-013b51e7db6a,4.15555e+09,21.7,41.5555
1658218747,ANTUSDT,Buy,450,1.915,ZeroMinusTick,4ad693a6-a47c-5ea1-b261-a4d929be19dd,8.6175e+10,450,861.75
1658218747,ANTUSDT,Buy,28.3,1.915,ZeroMinusTick,8dca04e0-ba34-5bf0-b4a1-a42a8a20fc0f,5.419450000000001e+09,28.3,54.194500000000005
1658218747,ANTUSDT,Buy,67,1.915,ZeroMinusTick,234f76f5-3cf7-5d90-9b96-11153445af24,1.28305e+10,67,128.305
1658218748,ANTUSDT,Buy,165.7,1.915,ZeroMinusTick,87de294d-10d0-50f1-a2d9-234d52e4c368,3.173155e+10,165.7,317.3155
1658218750,ANTUSDT,Buy,0.2,1.920,PlusTick,17e9c51d-ee37-503a-8b4a-234377705226,3.84e+07,0.2,0.384
1658218750,ANTUSDT,Buy,23.8,1.920,ZeroMinusTick,c285a7d5-3f3c-5405-8429-31d4dd13f6f3,4.5696e+09,23.8,45.696
1658218756,ANTUSDT,Buy,1.9,1.925,PlusTick,5c492cda-cf39-5ef1-bb14-694b7faa5c86,3.6575e+08,1.9,3.6574999999999998
1658218756,ANTUSDT,Buy,6.6,1.925,ZeroMinusTick,ff72f5e8-4175-5601-95ba-807de33045c6,1.2705e+09,6.6,12.705
1658218756,ANTUSDT,Buy,7.1,1.925,ZeroMinusTick,68b450f1-f40c-5868-83f0-1d5839036d27,1.36675e+09,7.1,13.6675
1658218756,ANTUSDT,Buy,30.7,1.925,ZeroMinusTick,9bb705d6-f912-5869-8124-55020ae130ef,5.90975e+09,30.7,59.0975
1658218756,ANTUSDT,Buy,380.3,1.925,ZeroMinusTick,b9c2eb03-025e-5efe-bd99-7f582ef0ac5b,7.320775e+10,380.3,732.0775
1658218756,ANTUSDT,Buy,0.1,1.925,ZeroMinusTick,17ea17c4-12bf-540b-9d73-3e4981658c93,1.925e+07,0.1,0.1925
1658218756,ANTUSDT,Buy,64,1.925,ZeroMinusTick,f3ca448d-6865-5c50-8083-50df42aec89e,1.232e+10,64,123.2
1658218756,ANTUSDT,Buy,8,1.930,PlusTick,5f09198c-4f5e-53df-b378-a021b8e74bdb,1.544e+09,8,15.44
1658218756,ANTUSDT,Buy,35,1.930,ZeroMinusTick,aa935664-e391-58dd-9150-945903c4a2e7,6.755e+09,35,67.55
1658218760,ANTUSDT,Sell,63.6,1.930,ZeroMinusTick,29da717f-cbfc-5b1d-89d8-8687869e363a,1.22748e+10,63.6,122.748
1658218760,ANTUSDT,Sell,63.6,1.930,ZeroMinusTick,64875ef8-6c67-517d-b1d8-974e86c2ece7,1.22748e+10,63.6,122.748
1658218760,ANTUSDT,Sell,63.6,1.930,ZeroMinusTick,d270cb65-7df1-5071-86f7-9c8dafefa18e,1.22748e+10,63.6,122.748
1658218760,ANTUSDT,Sell,63.6,1.930,ZeroMinusTick,d8da9cde-7f3a-5c6d-8111-6d42aae44965,1.22748e+10,63.6,122.748
1658218760,ANTUSDT,Sell,63.6,1.930,ZeroMinusTick,5a26e7b8-3deb-5f48-bb1b-9ef2fc2dfe20,1.22748e+10,63.6,122.748
1658218760,ANTUSDT,Sell,28.5,1.930,ZeroMinusTick,cc5ba86e-cb86-570f-8f15-781bcf15350e,5.5005e+09,28.5,55.004999999999995
1658218769,ANTUSDT,Buy,60.6,1.930,ZeroMinusTick,a6cf3622-33a2-5610-a54e-d1c74740a383,1.16958e+10,60.6,116.958
1658218769,ANTUSDT,Buy,158.2,1.930,ZeroMinusTick,472661a8-7ad8-5829-b567-7ee761bcf294,3.0532599999999996e+10,158.2,305.32599999999996
1658218769,ANTUSDT,Buy,37.1,1.930,ZeroMinusTick,233755f5-517b-510e-ab60-1353b9025a37,7.160299999999999e+09,37.1,71.603
1658218786,ANTUSDT,Buy,0.2,1.935,PlusTick,3c2ab67e-251c-5bb3-abcb-08709250f7a3,3.87e+07,0.2,0.387
1658218786,ANTUSDT,Buy,78,1.935,ZeroMinusTick,8cb5a6f5-7e42-5ab1-bb4b-a071abff9a24,1.5093e+10,78,150.93
1658218786,ANTUSDT,Buy,26.8,1.935,ZeroMinusTick,19ef8a2d-f17a-521e-82bd-6fbfc844a523,5.1858e+09,26.8,51.858000000000004
1658218786,ANTUSDT,Buy,35,1.935,ZeroMinusTick,b34a3c21-31ed-5561-bd95-914f287c307e,6.772500000000001e+09,35,67.72500000000001
1658218786,ANTUSDT,Buy,44.6,1.935,ZeroMinusTick,09d55218-2010-597d-8d66-ad188774b2d6,8.6301e+09,44.6,86.301
1658218786,ANTUSDT,Buy,40.4,1.935,ZeroMinusTick,30f306e8-d57f-51d6-a2e2-e0f85e4b06b5,7.817399999999999e+09,40.4,78.17399999999999
1658218787,ANTUSDT,Buy,18,1.935,ZeroMinusTick,01550462-59f8-5ff5-a0ea-4b017aaf3295,3.483e+09,18,34.83
1658218788,ANTUSDT,Buy,106.6,1.935,ZeroMinusTick,24baa0b0-aeea-5b19-acc4-52c0a815b43e,2.06271e+10,106.6,206.271
1658218788,ANTUSDT,Buy,78.7,1.935,ZeroMinusTick,9aed91c3-719a-5af8-b17a-b99c88803de4,1.522845e+10,78.7,152.2845
1658218788,ANTUSDT,Buy,31.3,1.935,ZeroMinusTick,a9f618e3-f288-53b9-9488-657dc6694656,6.05655e+09,31.3,60.5655
1658218788,ANTUSDT,Buy,26,1.935,ZeroMinusTick,a5c0df6c-bfff-58c2-9164-0cb649fe12e9,5.031e+09,26,50.31
1658218788,ANTUSDT,Buy,698.1,1.935,ZeroMinusTick,1da134be-9e71-584d-ae13-f483f34a34be,1.3508235000000002e+11,698.1,1350.8235000000002
1658218788,ANTUSDT,Buy,2.9,1.935,ZeroMinusTick,442726d9-8f4c-5d76-9751-c755c2d6d680,5.6115e+08,2.9,5.6115
1658218789,ANTUSDT,Buy,21,1.935,ZeroMinusTick,cac8de85-5169-5bc4-8eae-780e2ff877ee,4.0635e+09,21,40.635
1658218790,ANTUSDT,Buy,47,1.935,ZeroMinusTick,db7ccab0-d01e-59b8-89bc-6365f7df68ed,9.0945e+09,47,90.94500000000001
1658218799,ANTUSDT,Buy,223.8,1.935,ZeroMinusTick,d2319311-5ea7-5dc1-8348-8e0dbfda20e9,4.330530000000001e+10,223.8,433.05300000000005
1658218799,ANTUSDT,Buy,43.5,1.935,ZeroMinusTick,71608ed8-3c5c-5e0c-908d-0eedc7fe94fd,8.41725e+09,43.5,84.1725
1658218799,ANTUSDT,Buy,16.2,1.935,ZeroMinusTick,75f43d2c-0ea4-512e-9af2-75ac8a0b88e6,3.1347e+09,16.2,31.346999999999998
1658218799,ANTUSDT,Buy,71.6,1.935,ZeroMinusTick,13a32a7f-0736-526d-a2bd-c96d0209aa96,1.38546e+10,71.6,138.546
1658218799,ANTUSDT,Buy,68.4,1.935,ZeroMinusTick,2a80d304-59c6-55d2-8c4d-cb38484df8f1,1.3235400000000002e+10,68.4,132.354
1658218799,ANTUSDT,Buy,22.5,1.935,ZeroMinusTick,44018d13-59f2-5e12-97f8-0d86a5239ded,4.35375e+09,22.5,43.5375
1658218814,ANTUSDT,Buy,346.4,1.940,PlusTick,43f27565-2d26-5f1b-aa2a-5c1279736e96,6.72016e+10,346.4,672.016
1658218865,ANTUSDT,Sell,12.7,1.945,PlusTick,4e52d7d9-1f77-5eb4-a3bc-dad258f3d4df,2.47015e+09,12.7,24.7015
1658218867,ANTUSDT,Sell,63.6,1.945,ZeroMinusTick,4e6442c6-3002-594e-aaa2-4ac61512a2b7,1.2370200000000002e+10,63.6,123.70200000000001
1658218867,ANTUSDT,Sell,63.6,1.945,ZeroMinusTick,a95f6bb4-2bf1-52d2-bc79-b073765060e5,1.2370200000000002e+10,63.6,123.70200000000001
1658218867,ANTUSDT,Sell,63.6,1.945,ZeroMinusTick,8f67b4b4-c77e-52e2-a403-21f50ceb7bcd,1.2370200000000002e+10,63.6,123.70200000000001
1658218867,ANTUSDT,Sell,63.6,1.945,ZeroMinusTick,ac6efa91-636f-5ed7-90ba-2c3a3d2415f4,1.2370200000000002e+10,63.6,123.70200000000001
1658218867,ANTUSDT,Sell,63.6,1.945,ZeroMinusTick,69a53476-e339-55c4-9e3f-81aa5948e906,1.2370200000000002e+10,63.6,123.70200000000001
1658218867,ANTUSDT,Sell,15.7,1.945,ZeroMinusTick,c4932ab4-52a6-5b38-9e47-4cc7557a966b,3.05365e+09,15.7,30.5365
1658218875,ANTUSDT,Sell,0.1,1.940,MinusTick,f0ebba0b-b410-5d0d-b85a-dfa489417ba3,1.94e+07,0.1,0.194
1658218875,ANTUSDT,Sell,74.8,1.935,MinusTick,bb18138d-3dc8-53a1-8380-be0c296db1e4,1.44738e+10,74.8,144.738
1658218875,ANTUSDT,Sell,175.2,1.935,ZeroMinusTick,344d6e52-2452-5989-9af9-a085a16a3d49,3.39012e+10,175.2,339.012
1658218881,ANTUSDT,Buy,56.2,1.940,PlusTick,c0203a2c-4f78-5425-94fa-9977908cf373,1.09028e+10,56.2,109.028
1658218881,ANTUSDT,Buy,114,1.940,ZeroMinusTick,5ab0191c-603f-52af-a19b-64e2b64121b1,2.2116e+10,114,221.16
1658218881,ANTUSDT,Buy,104,1.940,ZeroMinusTick,2068737f-4bab-5082-8799-b164368f6ca6,2.0176e+10,104,201.76
1658218881,ANTUSDT,Buy,0.1,1.940,ZeroMinusTick,1090e7a3-9bc2-5dce-bbd5-075a2c6a9da7,1.94e+07,0.1,0.194
1658218881,ANTUSDT,Buy,238,1.940,ZeroMinusTick,c1189039-4fc6-546b-9f3e-209708c49452,4.6172e+10,238,461.71999999999997
1658218881,ANTUSDT,Buy,35.9,1.940,ZeroMinusTick,b2294291-7bcc-5cb6-a51c-ac55b810d1c4,6.9646e+09,35.9,69.646
1658218881,ANTUSDT,Buy,17.6,1.940,ZeroMinusTick,e9318fe3-1ba0-5583-82e4-93111b3b4260,3.4144e+09,17.6,34.144
1658218881,ANTUSDT,Sell,80.9,1.935,MinusTick,42bb8524-71e3-56d6-be80-a90503b29f17,1.5654150000000002e+10,80.9,156.5415
1658218881,ANTUSDT,Sell,35.8,1.935,ZeroMinusTick,135ff605-7b4f-511d-ae6f-5361373c0301,6.9273e+09,35.8,69.273
1658218881,ANTUSDT,Sell,313.3,1.935,ZeroMinusTick,a624209c-d93a-51b7-9fc4-f92b17c2928b,6.062355e+10,313.3,606.2355
1658218881,ANTUSDT,Buy,445,1.940,PlusTick,f76212ee-8cba-5904-b3bb-81e56267a18c,8.633e+10,445,863.3
1658218891,ANTUSDT,Buy,0.1,1.945,PlusTick,64344572-b084-5d9c-a54e-03e5968d548d,1.945e+07,0.1,0.1945
1658218891,ANTUSDT,Buy,2.4,1.945,ZeroMinusTick,cceb019a-773a-5b43-a2b9-f675884a5cd2,4.668e+08,2.4,4.668
1658218891,ANTUSDT,Buy,0.2,1.950,PlusTick,863b4b40-9462-51a2-b930-bc01689cd192,3.9e+07,0.2,0.39
1658218891,ANTUSDT,Buy,22.8,1.950,ZeroMinusTick,ad8435c9-07ba-5234-a5b5-c2c3a977bd18,4.446e+09,22.8,44.46
1658218894,ANTUSDT,Buy,35.9,1.950,ZeroMinusTick,bb23f6ff-1f50-5636-8d76-a6007cb9754c,7.0005e+09,35.9,70.005
1658218916,ANTUSDT,Buy,182,1.955,PlusTick,3dc20b3e-04aa-5c87-abbf-3595589993d9,3.5581e+10,182,355.81
1658218916,ANTUSDT,Buy,188,1.955,ZeroMinusTick,e8024d45-febd-534f-822b-7c74ae522dd6,3.6754e+10,188,367.54
1658218916,ANTUSDT,Buy,176.5,1.955,ZeroMinusTick,7737dfd8-4664-5473-99cb-cdef5cd67b5c,3.450575e+10,176.5,345.0575
1658218923,ANTUSDT,Sell,51,1.955,ZeroMinusTick,ee53c68c-36b0-5f64-bd39-836464a3c75a,9.9705e+09,51,99.705
1658218923,ANTUSDT,Sell,408.6,1.950,MinusTick,4307348a-03e9-50c8-a5eb-82275a5d48fc,7.9677e+10,408.6,796.77
1658218923,ANTUSDT,Sell,408.6,1.950,ZeroMinusTick,dc1164ac-f52f-5b6e-a086-2c7935e1593a,7.9677e+10,408.6,796.77
1658218923,ANTUSDT,Sell,102,1.950,ZeroMinusTick,3f3dd482-6383-5059-8236-9f1ea3f7b1fd,1.989e+10,102,198.9
1658218923,ANTUSDT,Sell,29.8,1.950,ZeroMinusTick,989f94f7-f78b-5ce0-af93-f832d5f96664,5.811e+09,29.8,58.11
1658218925,ANTUSDT,Sell,346.5,1.950,ZeroMinusTick,0f5ba559-d06b-5802-a776-5b2cbb58b927,6.756749999999999e+10,346.5,675.675
1658218927,ANTUSDT,Sell,450,1.945,MinusTick,15f51691-4a22-5028-a408-d15b91c79831,8.7525e+10,450,875.25
1658218927,ANTUSDT,Sell,257,1.945,ZeroMinusTick,ac531518-8e37-5b04-8a2b-36fc4ee18201,4.99865e+10,257,499.865
1658218927,ANTUSDT,Sell,293,1.945,ZeroMinusTick,a90e4f5a-87aa-5cb0-aa86-61488a2723b5,5.69885e+10,293,569.885
1658218928,ANTUSDT,Buy,43.4,1.950,PlusTick,52e1f627-3b27-52fd-b4ac-77d7ceb5ae53,8.463e+09,43.4,84.63
1658218928,ANTUSDT,Buy,90.6,1.950,ZeroMinusTick,7c94e4a8-5dd1-5932-bf15-f5a8dfb616b1,1.7667e+10,90.6,176.67
1658218931,ANTUSDT,Sell,51,1.950,ZeroMinusTick,edad5313-e39a-53ab-b439-6cdd67140388,9.945e+09,51,99.45
1658218931,ANTUSDT,Sell,450,1.950,ZeroMinusTick,62fbb201-b8ea-5f61-824f-419a13bf4b61,8.775e+10,450,877.5
1658218931,ANTUSDT,Sell,43,1.950,ZeroMinusTick,5d9bdcd2-c4de-5c4b-a06d-36b91ab84fb7,8.384999999999999e+09,43,83.85
1658218931,ANTUSDT,Sell,63,1.950,ZeroMinusTick,b4f48a94-3ac3-5d90-a61b-bf41c0d08b49,1.2285e+10,63,122.85
1658218931,ANTUSDT,Sell,393,1.950,ZeroMinusTick,2076ab87-1c1a-5306-b8a4-826bbffd4b4d,7.6635e+10,393,766.35
1658218934,ANTUSDT,Sell,409.7,1.950,ZeroMinusTick,071ce7c5-3bb1-5dac-8f87-75a77dd6c9b0,7.98915e+10,409.7,798.915
1658218934,ANTUSDT,Sell,51,1.950,ZeroMinusTick,e8e6dc50-cc05-50ae-9f60-8eb9fc192518,9.945e+09,51,99.45
1658218934,ANTUSDT,Sell,63,1.950,ZeroMinusTick,30820db8-d33b-506f-b27d-4e762873ad71,1.2285e+10,63,122.85
1658218934,ANTUSDT,Sell,410.7,1.945,MinusTick,b7a976e6-da10-508d-89ed-b630268c8bda,7.988115e+10,410.7,798.8115
1658218934,ANTUSDT,Sell,65.6,1.945,ZeroMinusTick,c4a470fe-bcce-5924-8014-af6a38e591d3,1.27592e+10,65.6,127.592
1658218935,ANTUSDT,Sell,1.7,1.950,PlusTick,2216a48e-adb5-54c2-9cb6-696d96ca7af3,3.315e+08,1.7,3.315
1658218941,ANTUSDT,Sell,344.8,1.950,ZeroMinusTick,64071238-771e-51e4-956c-f30a4dd87ec0,6.7236e+10,344.8,672.36
1658218941,ANTUSDT,Sell,409.7,1.950,ZeroMinusTick,2bef13c2-b6e4-5108-8736-06609e6bc88d,7.98915e+10,409.7,798.915
1658218941,ANTUSDT,Sell,245.5,1.945,MinusTick,93c4603b-4821-59aa-8d32-b44b63e6a501,4.774975e+10,245.5,477.4975
1658218944,ANTUSDT,Sell,6,1.945,ZeroMinusTick,9a7d5042-5149-5b66-910b-b84dacf4b344,1.167e+09,6,11.67
1658218959,ANTUSDT,Sell,1000,1.940,MinusTick,df484909-f05d-5b12-ac7a-1675cf43d730,1.94e+11,1000,1940
1658218961,ANTUSDT,Sell,1000,1.940,ZeroMinusTick,ea1fd96e-01f5-52dd-b9ab-50fb59e7554f,1.94e+11,1000,1940
1658218964,ANTUSDT,Sell,410.7,1.940,ZeroMinusTick,c6b82a95-55d9-5b4a-a784-0ff144390ea9,7.96758e+10,410.7,796.7579999999999
1658218964,ANTUSDT,Sell,410.7,1.940,ZeroMinusTick,15eb1aff-dd4b-529e-8d2c-3f23772583da,7.96758e+10,410.7,796.7579999999999
1658218964,ANTUSDT,Sell,178.6,1.940,ZeroMinusTick,9c2a2ecc-2038-5a92-a2e6-5debc13b26f4,3.46484e+10,178.6,346.484
1658218966,ANTUSDT,Sell,410.7,1.940,ZeroMinusTick,59371a83-f9cf-509f-9d84-bbe1ba6fce27,7.96758e+10,410.7,796.7579999999999
1658218966,ANTUSDT,Sell,410.7,1.940,ZeroMinusTick,9675f5e7-03be-5bc7-8918-dc2c08f80c79,7.96758e+10,410.7,796.7579999999999
1658218966,ANTUSDT,Sell,102.5,1.940,ZeroMinusTick,cee6c3d5-0385-5518-8330-be3d1f5648b5,1.9885e+10,102.5,198.85
1658218966,ANTUSDT,Sell,76.1,1.940,ZeroMinusTick,adb475f7-03fc-5c2b-8fa5-807bc8946781,1.4763399999999998e+10,76.1,147.634
1658218969,ANTUSDT,Sell,373.9,1.940,ZeroMinusTick,bfd9a045-bd9f-562a-a0a8-9f9ea53dcd97,7.25366e+10,373.9,725.366
1658218969,ANTUSDT,Sell,257.7,1.940,ZeroMinusTick,36f39fcf-2095-58cb-9091-87e29ff37dcd,4.99938e+10,257.7,499.938
1658218969,ANTUSDT,Sell,51,1.940,ZeroMinusTick,23f26abd-b325-5cba-b5e4-1a61f489799b,9.894e+09,51,98.94
1658218969,ANTUSDT,Sell,43,1.940,ZeroMinusTick,d6d2cbb8-50b5-5d2b-9f6c-e5831334ef7d,8.342e+09,43,83.42
1658218969,ANTUSDT,Sell,274.4,1.940,ZeroMinusTick,14152dc2-121b-59d1-9b59-07377992344d,5.323359999999999e+10,274.4,532.3359999999999
1658218970,ANTUSDT,Sell,411.8,1.940,ZeroMinusTick,8e89b509-fabe-5fd4-a543-931ae4330017,7.98892e+10,411.8,798.892
1658218970,ANTUSDT,Sell,411.8,1.940,ZeroMinusTick,7a0ec85f-62ab-5fcb-bb30-f46b1523ca28,7.98892e+10,411.8,798.892
1658218970,ANTUSDT,Sell,176.4,1.940,ZeroMinusTick,952ea32e-274c-5347-aeaf-c859848d00fc,3.42216e+10,176.4,342.216
1658218972,ANTUSDT,Sell,404,1.940,ZeroMinusTick,c7215425-5066-5695-a899-3e8b1e5523f6,7.8376e+10,404,783.76
1658218972,ANTUSDT,Sell,63,1.940,ZeroMinusTick,3f71fe8d-bc39-5bf9-b43c-74dc6de5f463,1.2222e+10,63,122.22
1658218972,ANTUSDT,Sell,102.9,1.940,ZeroMinusTick,c9375f6a-2db5-502f-a5cc-a150d02bca43,1.99626e+10,102.9,199.626
1658218972,ANTUSDT,Sell,411.8,1.940,ZeroMinusTick,f4bd3c82-9ddc-5288-8508-47a995e75bd1,7.98892e+10,411.8,798.892
1658218972,ANTUSDT,Sell,18.3,1.940,ZeroMinusTick,058f9005-20af-58ea-b509-a7376e52bf8f,3.5502000000000005e+09,18.3,35.502
1658218977,ANTUSDT,Sell,257.7,1.940,ZeroMinusTick,511287d3-1042-5c68-ba6b-beceadaef094,4.99938e+10,257.7,499.938
1658218977,ANTUSDT,Sell,51,1.940,ZeroMinusTick,cec34ecd-043b-5752-b0e9-8db74b81d269,9.894e+09,51,98.94
1658218977,ANTUSDT,Sell,395,1.940,ZeroMinusTick,2e237cab-4dd9-56be-a1bd-6380f3ecee53,7.663e+10,395,766.3
1658218977,ANTUSDT,Sell,161.4,1.940,ZeroMinusTick,911d1130-9648-56e2-8792-5b133763eea7,3.13116e+10,161.4,313.116
1658218977,ANTUSDT,Buy,346.5,1.945,PlusTick,fde0af61-ba44-5b31-9d17-ba8c4f2b066a,6.739425e+10,346.5,673.9425
1658218977,ANTUSDT,Buy,287,1.945,ZeroMinusTick,772f7269-f64b-5907-954b-39aa2a230de6,5.58215e+10,287,558.215
1658218983,ANTUSDT,Buy,33,1.945,ZeroMinusTick,b02473c7-253a-5eb6-b23e-9b5f8d618884,6.4185e+09,33,64.185
1658219027,ANTUSDT,Sell,18.1,1.935,MinusTick,b7bee943-1e95-5acf-866b-233c4b4c3487,3.5023500000000005e+09,18.1,35.023500000000006
1658219027,ANTUSDT,Sell,0.2,1.935,ZeroMinusTick,9dfb5182-55ca-5d58-a5c5-8b8e08d687d7,3.87e+07,0.2,0.387
1658219027,ANTUSDT,Sell,129.1,1.935,ZeroMinusTick,fe9cd2fe-49b1-518e-8105-8f7de9789beb,2.498085e+10,129.1,249.8085
1658219030,ANTUSDT,Sell,243.5,1.935,ZeroMinusTick,2021d791-8d1a-55cc-88a8-18d57c7611a6,4.711725e+10,243.5,471.1725
1658219046,ANTUSDT,Buy,102,1.935,ZeroMinusTick,943e1562-2764-58a4-9dd4-79549494e3ed,1.9737e+10,102,197.37
1658219051,ANTUSDT,Buy,181.5,1.935,ZeroMinusTick,74281ab5-056d-5241-8590-39984f6c1158,3.512025e+10,181.5,351.2025
1658219051,ANTUSDT,Buy,126.5,1.935,ZeroMinusTick,601cd4e6-2b9b-563d-a4ba-204f8a5c5503,2.447775e+10,126.5,244.7775
1658219075,ANTUSDT,Sell,0.8,1.935,ZeroMinusTick,26d8087e-8172-5bcd-a8c2-e3d06827a632,1.548e+08,0.8,1.548
1658219095,ANTUSDT,Buy,0.2,1.940,PlusTick,db39e96a-a569-55a6-91cc-39f96cb38622,3.88e+07,0.2,0.388
1658219102,ANTUSDT,Sell,346.4,1.935,MinusTick,9c84a879-01b5-54c8-a107-dede5553bec9,6.70284e+10,346.4,670.284
1658219112,ANTUSDT,Sell,283.6,1.935,ZeroMinusTick,7e001d0b-a3c3-5895-b60c-89c45af18ffc,5.487660000000001e+10,283.6,548.7660000000001
1658219112,ANTUSDT,Sell,422.7,1.930,MinusTick,6a61053f-ca12-54c1-bfc9-e8fe5e7e76fb,8.158109999999998e+10,422.7,815.8109999999999
1658219128,ANTUSDT,Buy,2.5,1.930,ZeroMinusTick,9b114a86-e442-5be1-ae08-6a8104b7d024,4.825e+08,2.5,4.825
1658219163,ANTUSDT,Sell,343.9,1.925,MinusTick,ad408691-79fd-5a59-87de-be1432079094,6.620074999999999e+10,343.9,662.0074999999999
1658219163,ANTUSDT,Sell,117.1,1.925,ZeroMinusTick,cf8b5837-1436-5a50-9bb0-17985b82bb50,2.254175e+10,117.1,225.4175
1658219205,ANTUSDT,Sell,1,1.925,ZeroMinusTick,2621d8f8-ae2b-5937-a34c-484aca2d55bf,1.925e+08,1,1.925
1658219308,ANTUSDT,Buy,147.4,1.930,PlusTick,5c64b069-97e2-52e0-b20a-f3f1dd874ba9,2.8448200000000004e+10,147.4,284.482
1658219325,ANTUSDT,Buy,10,1.925,MinusTick,43ae6b31-d347-5129-ac27-64242e0ea3d0,1.925e+09,10,19.25
1658219372,ANTUSDT,Buy,37.8,1.930,PlusTick,4941a617-e5f0-5b7f-b42e-17af656faf5a,7.295399999999999e+09,37.8,72.954
1658219372,ANTUSDT,Buy,5.5,1.930,ZeroMinusTick,7c9e4c96-785c-58f3-bb16-669963682a11,1.0615e+09,5.5,10.615
1658219372,ANTUSDT,Buy,63.6,1.930,ZeroMinusTick,865845e9-b9d3-5fd3-9bcb-60ed7885aed1,1.22748e+10,63.6,122.748
1658219372,ANTUSDT,Buy,63.6,1.930,ZeroMinusTick,2c222c32-4b14-50ef-954d-253f745350e0,1.22748e+10,63.6,122.748
1658219445,ANTUSDT,Sell,1.9,1.930,ZeroMinusTick,a9e0d61b-61d1-5eea-97a1-aa9f4ba13ef5,3.667e+08,1.9,3.667
1658219448,ANTUSDT,Buy,5,1.935,PlusTick,a4a63c09-fc62-5d89-97bf-f897441d5464,9.675000000000001e+08,5,9.675
1658219450,ANTUSDT,Buy,225,1.935,ZeroMinusTick,8cbea2a8-510e-5d84-919a-42a00869c2b5,4.35375e+10,225,435.375
1658219450,ANTUSDT,Buy,450,1.935,ZeroMinusTick,dfec21f0-82ef-51d5-9c62-ef9b588801f4,8.7075e+10,450,870.75
