timestamp,symbol,side,size,price,tickDirection,trdMatchID,grossValue,homeNotional,foreignNotional
1658275212,API3USDT,Buy,7.4,2.003,MinusTick,692ed136-c255-5479-b210-b561c091f3d7,1.4822200000000002e+09,7.4,14.822200000000002
1658275212,API3USDT,Buy,100,2.004,PlusTick,0acf2467-f805-55a5-be4d-e4f16e6ce59e,2.004e+10,100,200.4
1658275223,API3USDT,Buy,100,2.008,PlusTick,4215b94b-ceb0-5bea-a706-536b653bd056,2.008e+10,100,200.8
1658275249,API3USDT,Sell,45.3,2.013,PlusTick,5b1fd647-113e-5a9a-b8a5-b9aeff8d1e82,9.118889999999998e+09,45.3,91.18889999999999
1658275249,API3USDT,Sell,117.7,2.013,ZeroMinusTick,75b9d15c-0aad-53a5-b8b0-62b1cd71df33,2.369301e+10,117.7,236.93009999999998
1658275249,API3USDT,Sell,14.5,2.012,MinusTick,b373db7d-f397-5ff7-9217-053cfddd162f,2.9174e+09,14.5,29.174
1658275250,API3USDT,Sell,35.4,2.012,ZeroMinusTick,059dc8ce-45e6-58db-bcee-985ecef4bda7,7.12248e+09,35.4,71.2248
1658275250,API3USDT,Sell,430,2.011,MinusTick,746ef539-ca41-58fe-ae16-fe04d8a5018c,8.6473e+10,430,864.73
1658275250,API3USDT,Sell,49.9,2.011,ZeroMinusTick,eedc5278-bade-5567-907c-fe6da100b958,1.003489e+10,49.9,100.3489
1658275261,API3USDT,Sell,49.9,2.010,MinusTick,4bdb3254-4cd6-5c8d-a1b9-0c803bca7c81,1.00299e+10,49.9,100.29899999999999
1658275268,API3USDT,Sell,26.4,2.008,MinusTick,f60f1b6a-2d89-5577-8697-bb0e536184b2,5.301119999999999e+09,26.4,53.011199999999995
1658275271,API3USDT,Buy,100,2.007,MinusTick,acc3a9c2-829e-5cad-a13c-d66ad3aa7715,2.007e+10,100,200.70000000000002
1658275372,API3USDT,Sell,1,2.008,PlusTick,5169755b-f50e-5ccc-a78e-8f9f6e39b07d,2.008e+08,1,2.008
1658275384,API3USDT,Buy,49.9,2.011,PlusTick,99062d8d-4912-5485-a042-daf65dc02422,1.003489e+10,49.9,100.3489
1658275414,API3USDT,Sell,121,2.010,MinusTick,051af1ba-a3ca-5bea-9370-362e20ef4921,2.4320999999999996e+10,121,243.20999999999998
1658275414,API3USDT,Sell,69.9,2.010,ZeroMinusTick,c43fffde-af24-5b64-882a-60c4d1e111c1,1.40499e+10,69.9,140.499
1658275415,API3USDT,Sell,49.9,2.009,MinusTick,7592a1c2-3650-5908-9ce3-8b6aabd75c34,1.002491e+10,49.9,100.2491
1658275417,API3USDT,Sell,49.9,2.008,MinusTick,0b5f8469-e348-52d9-9c04-94eca4ca2488,1.001992e+10,49.9,100.19919999999999
1658275417,API3USDT,Sell,49.9,2.007,MinusTick,580b3a7c-705d-5e30-8350-099b4ca21ace,1.001493e+10,49.9,100.1493
1658275424,API3USDT,Buy,49.9,2.007,ZeroMinusTick,c5bcf60d-58ca-5f6f-b59f-9252663547b8,1.001493e+10,49.9,100.1493
1658275424,API3USDT,Buy,50.1,2.007,ZeroMinusTick,b915b672-5f94-5dc3-be5d-9865845c4b91,1.005507e+10,50.1,100.5507
1658275429,API3USDT,Buy,100,2.006,MinusTick,af80ba3f-1ebe-5951-8d33-1fbbcfe567e4,2.0059999999999996e+10,100,200.59999999999997
1658275462,API3USDT,Sell,0.2,2.007,PlusTick,c461f4f1-8f40-5298-acd7-78648c066bc7,4.014e+07,0.2,0.40140000000000003
1658275482,API3USDT,Buy,0.1,2.008,PlusTick,2f4b35a2-f9db-56ac-80c3-92e34efa4be9,2.008e+07,0.1,0.2008
1658275495,API3USDT,Sell,49.9,2.006,MinusTick,8253eefc-1848-512c-ac0e-7265f0d06463,1.0009939999999998e+10,49.9,100.09939999999999
1658275566,API3USDT,Sell,30.1,2.008,PlusTick,66687662-8b27-5dc4-86dd-da7bf030b8af,6.04408e+09,30.1,60.4408
1658275607,API3USDT,Buy,100,2.010,PlusTick,d357e47f-8621-5e75-81fb-77959746ad3c,2.0099999999999996e+10,100,200.99999999999997
1658275612,API3USDT,Buy,0.1,2.011,PlusTick,e2fb4a3e-434d-560f-8175-8f21b34c8231,2.0110000000000004e+07,0.1,0.20110000000000003
1658275613,API3USDT,Buy,99.9,2.011,ZeroMinusTick,b51c45d3-3fc2-5ad8-bd1b-9640a4427a46,2.0089890000000004e+10,99.9,200.89890000000003
1658275629,API3USDT,Buy,100,2.011,ZeroMinusTick,a1188d0e-0a5b-5b54-baf2-9cef9a0eb17e,2.0110000000000004e+10,100,201.10000000000002
1658275692,API3USDT,Sell,0.1,2.010,MinusTick,cb56aae3-cd5b-5a74-a8b9-9892d234faf9,2.01e+07,0.1,0.20099999999999998
1658275827,API3USDT,Buy,208.2,2.014,PlusTick,ba6cd003-eeaa-5aef-ba40-a359800808db,4.193147999999999e+10,208.2,419.31479999999993
1658275844,API3USDT,Sell,53.2,2.013,MinusTick,69688f17-7089-5031-a27e-2e258d3979aa,1.070916e+10,53.2,107.0916
1658275844,API3USDT,Sell,81.7,2.013,ZeroMinusTick,44d990ff-1c5c-5523-a1c7-bc251012a93c,1.644621e+10,81.7,164.4621
1658275862,API3USDT,Sell,0.9,2.010,MinusTick,d55045e7-6c5f-5634-a320-5d8164dcf373,1.809e+08,0.9,1.809
1658275917,API3USDT,Buy,100,2.011,PlusTick,0019e449-7196-5845-942e-6fcb3ac373ab,2.0110000000000004e+10,100,201.10000000000002
1658275935,API3USDT,Sell,62.5,2.011,ZeroMinusTick,4e37a27f-5c4b-5dec-8922-1623bdff4227,1.2568750000000002e+10,62.5,125.68750000000001
1658275935,API3USDT,Sell,49.9,2.010,MinusTick,4ea377c5-59e3-5d3c-a71e-8f3088e9231b,1.00299e+10,49.9,100.29899999999999
1658275935,API3USDT,Sell,418.3,2.010,ZeroMinusTick,c9e4d505-dcf8-503c-98ba-0fca47294b54,8.407829999999998e+10,418.3,840.7829999999999
1658275935,API3USDT,Sell,49.9,2.009,MinusTick,44a8ea7b-161c-5c55-a04a-508acbdccb21,1.002491e+10,49.9,100.2491
1658275937,API3USDT,Sell,49.9,2.008,MinusTick,5236f546-805e-52f1-a8a5-bebe4401bc54,1.001992e+10,49.9,100.19919999999999
1658275939,API3USDT,Sell,38.8,2.007,MinusTick,7f94dee1-f103-55bc-b706-52910eb5a000,7.78716e+09,38.8,77.8716
1658275939,API3USDT,Sell,23.7,2.007,ZeroMinusTick,a9ff5699-a57b-5621-80ec-98ec7fa5501e,4.75659e+09,23.7,47.5659
1658275941,API3USDT,Buy,100,2.007,ZeroMinusTick,2510d891-cb1a-500d-91f5-59b623de98e4,2.007e+10,100,200.70000000000002
1658275941,API3USDT,Sell,62.5,2.006,MinusTick,95997b93-ec6a-5ef8-b5de-85c254d316cb,1.2537499999999998e+10,62.5,125.37499999999999
1658275941,API3USDT,Sell,49.9,2.005,MinusTick,648e7e61-ca51-5154-a198-81ac84f42253,1.000495e+10,49.9,100.0495
1658275941,API3USDT,Sell,512.8,2.005,ZeroMinusTick,132ef1d2-cd39-5fdf-a558-e58cc764317f,1.0281639999999997e+11,512.8,1028.1639999999998
1658275941,API3USDT,Sell,100,2.005,ZeroMinusTick,bdadc581-6719-5baf-bb33-175bc4cb8af8,2.005e+10,100,200.5
1658275941,API3USDT,Sell,412.8,2.004,MinusTick,36bf6c46-487c-551a-84d0-1550c8c2c11f,8.272512e+10,412.8,827.2512
1658275941,API3USDT,Sell,910.1,2.004,ZeroMinusTick,7ddd8752-7026-5817-99e1-bb1ff60bf2f9,1.8238404e+11,910.1,1823.8404
1658275946,API3USDT,Buy,8,2.006,PlusTick,a8ef7afd-b1ae-5f11-8458-d340f53eea42,1.6047999999999998e+09,8,16.048
1658275947,API3USDT,Buy,92,2.006,ZeroMinusTick,901605cb-c09a-5fb4-9d83-121bd8b0ee63,1.84552e+10,92,184.552
1658275948,API3USDT,Buy,100,2.006,ZeroMinusTick,ada4b71c-341b-530e-bfa5-c732dbc14218,2.0059999999999996e+10,100,200.59999999999997
1658275952,API3USDT,Sell,0.5,2.007,PlusTick,8b748c43-5df7-5690-b17a-c4af9bf879c3,1.0035e+08,0.5,1.0035
1658275953,API3USDT,Sell,62,2.007,ZeroMinusTick,33a2494a-61e8-529b-907e-c225e2367430,1.2443400000000002e+10,62,124.43400000000001
1658275954,API3USDT,Sell,62.5,2.007,ZeroMinusTick,3e1de12e-20be-56c8-98b5-374db30b21c1,1.2543750000000002e+10,62.5,125.43750000000001
1658275954,API3USDT,Buy,100,2.007,ZeroMinusTick,a1068f3d-0a9c-5459-a3cc-34378050d95c,2.007e+10,100,200.70000000000002
1658276027,API3USDT,Sell,41.9,2.006,MinusTick,9a8be04e-f36d-54f1-861d-e4e4bbe97624,8.405139999999999e+09,41.9,84.05139999999999
1658276027,API3USDT,Sell,8,2.006,ZeroMinusTick,b052630e-ed80-55ae-b9d0-9a3877687d61,1.6047999999999998e+09,8,16.048
1658276042,API3USDT,Buy,399.6,2.008,PlusTick,33948622-aaf2-5b25-bbd3-79489b8d617b,8.023968000000002e+10,399.6,802.3968000000001
1658276042,API3USDT,Buy,100,2.008,ZeroMinusTick,70a14105-ab93-5ad0-b0d9-12265ea927d7,2.008e+10,100,200.8
1658276092,API3USDT,Sell,0.3,2.005,MinusTick,77f8e8b3-70a8-57b7-9a2c-b65986b3ccbc,6.014999999999999e+07,0.3,0.6014999999999999
1658276157,API3USDT,Sell,49.9,2.004,MinusTick,a5c3e67a-a385-599a-9551-087734abcee9,9.99996e+09,49.9,99.9996
1658276192,API3USDT,Sell,1.7,2.003,MinusTick,400b6444-b3c8-5c83-900a-d0416027174a,3.4051e+08,1.7,3.4051
1658276202,API3USDT,Buy,100,2.004,PlusTick,a00d1e18-0122-5914-9fef-0e724394d603,2.004e+10,100,200.4
1658276202,API3USDT,Buy,62.5,2.004,ZeroMinusTick,2a971e07-e8b2-5180-b5bc-6440fa85cde6,1.2525e+10,62.5,125.25
1658276211,API3USDT,Buy,100,2.004,ZeroMinusTick,08a8e481-a51b-521e-a3b4-bd164f6f5639,2.004e+10,100,200.4
1658276252,API3USDT,Sell,2,2.009,PlusTick,33350a39-7577-562d-b7d0-201ea6c85afc,4.018e+08,2,4.018
1658276253,API3USDT,Sell,8,2.009,ZeroMinusTick,df4b910d-5e65-5035-afc1-6b86f4d70f3f,1.6072e+09,8,16.072
1658276258,API3USDT,Sell,49.9,2.008,MinusTick,2fc4ab73-deb4-54a0-9ef8-44fa876eb78b,1.001992e+10,49.9,100.19919999999999
1658276312,API3USDT,Sell,0.2,2.009,PlusTick,1e89a97e-4997-543f-9026-13b767b40758,4.018e+07,0.2,0.4018
1658276353,API3USDT,Buy,100,2.012,PlusTick,a7b6ccc0-6bd6-5131-ac7b-c4baec764fa5,2.012e+10,100,201.2
1658276380,API3USDT,Sell,62.5,2.009,MinusTick,496f7d11-45c6-5d3a-9a52-3a634aa9ad94,1.255625e+10,62.5,125.5625
1658276430,API3USDT,Sell,49.9,2.005,MinusTick,b813edf6-89cc-564d-bf54-069b8c7fd667,1.000495e+10,49.9,100.0495
1658276512,API3USDT,Buy,0.3,2.009,PlusTick,2f3a517a-0c4e-500f-a0fc-a12a97332b85,6.026999999999999e+07,0.3,0.6026999999999999
1658276622,API3USDT,Buy,512.8,2.011,PlusTick,2049f91d-5f8e-5707-af0f-2d3bbcecea64,1.0312408e+11,512.8,1031.2408
1658276712,API3USDT,Buy,0.1,2.015,PlusTick,f3f75a11-c4ef-5df4-9d60-4c6bedb54870,2.015e+07,0.1,0.2015
1658276731,API3USDT,Buy,100,2.013,MinusTick,6f95c770-8d17-5dc2-bc4f-75f5783afe56,2.013e+10,100,201.29999999999998
1658276827,API3USDT,Sell,62.5,2.013,ZeroMinusTick,eb43bdce-eed1-5dc4-b8ea-3d0e0584fc2f,1.258125e+10,62.5,125.8125
1658276827,API3USDT,Sell,62.5,2.013,ZeroMinusTick,349c89b2-821f-5465-902d-3a1517fe37c2,1.258125e+10,62.5,125.8125
1658276828,API3USDT,Sell,62.5,2.013,ZeroMinusTick,03a98a80-27f5-5b69-9613-ce4c288f0ecb,1.258125e+10,62.5,125.8125
1658276856,API3USDT,Buy,100,2.013,ZeroMinusTick,3417cc7c-005e-50e6-992f-4c6c4535e540,2.013e+10,100,201.29999999999998
1658276856,API3USDT,Buy,7,2.014,PlusTick,bae1690c-8d80-525b-84fd-b709b9d77007,1.4098e+09,7,14.097999999999999
1658276856,API3USDT,Buy,93,2.014,ZeroMinusTick,68c92fc2-6bef-5ab6-a42b-981f4542a32a,1.87302e+10,93,187.302
1658276857,API3USDT,Buy,512.8,2.015,PlusTick,28eb3e8c-115b-5403-8cb3-03d74869388b,1.0332919999999998e+11,512.8,1033.292
1658276857,API3USDT,Buy,100,2.015,ZeroMinusTick,5912674b-cd45-51e3-a075-949f48d51e10,2.015e+10,100,201.5
1658276858,API3USDT,Buy,100,2.016,PlusTick,e42f1cbd-31c5-500c-9371-9bc4d421a662,2.016e+10,100,201.6
1658276902,API3USDT,Sell,0.4,2.017,PlusTick,de8d6695-5a31-5dfe-a498-5b1367c490ac,8.068e+07,0.4,0.8068
1658277027,API3USDT,Buy,100,2.018,PlusTick,02b66374-d4df-5a75-afd8-cdb0177aa889,2.018e+10,100,201.79999999999998
1658277027,API3USDT,Buy,62.5,2.018,ZeroMinusTick,ed24a248-ab66-51f6-981d-f3e89dff9e9d,1.2612499999999998e+10,62.5,126.12499999999999
1658277027,API3USDT,Buy,87.5,2.019,PlusTick,8af22540-8452-58ea-ac2e-6aa870a402f7,1.7666250000000004e+10,87.5,176.66250000000002
1658277038,API3USDT,Sell,13.7,2.017,MinusTick,93ea2de2-1510-55c8-835e-6ed83c3ec735,2.7632899999999995e+09,13.7,27.632899999999996
1658277039,API3USDT,Buy,62.5,2.017,ZeroMinusTick,0e651203-48e6-5b0e-b964-3789c1f49845,1.260625e+10,62.5,126.0625
1658277039,API3USDT,Buy,187.5,2.019,PlusTick,e4130acb-a208-5da5-98ce-a93d7738a557,3.785625e+10,187.5,378.5625
1658277052,API3USDT,Sell,0.3,2.014,MinusTick,e1372c89-5849-56a6-8d00-929205e4893a,6.041999999999999e+07,0.3,0.6042
1658277109,API3USDT,Sell,50,2.016,PlusTick,c0b4bff4-f156-5c98-b91d-8f9b3a6880bd,1.008e+10,50,100.8
1658277110,API3USDT,Buy,62.5,2.015,MinusTick,e3b59c1f-1a90-51c5-97bd-a7a5de095899,1.2593750000000002e+10,62.5,125.93750000000001
1658277172,API3USDT,Sell,1.9,2.016,PlusTick,08d52316-89f8-5034-872d-011afa64b373,3.8304e+08,1.9,3.8304
1658277245,API3USDT,Sell,417.5,2.015,MinusTick,73fe4b13-2cee-58ea-9a58-6ed802f84f70,8.412625e+10,417.5,841.2625
1658277245,API3USDT,Sell,425.9,2.015,ZeroMinusTick,09baca2b-c34c-550f-8812-54383c115923,8.581885e+10,425.9,858.1885
1658277247,API3USDT,Sell,49.6,2.014,MinusTick,54cd0f77-da61-5782-9602-d74210348fa0,9.989439999999998e+09,49.6,99.89439999999999
1658277247,API3USDT,Sell,414.7,2.014,ZeroMinusTick,8f9dcaa4-4cfb-51f0-8a6f-3ee98b16e10c,8.352057999999998e+10,414.7,835.2057999999998
1658277247,API3USDT,Sell,412.3,2.014,ZeroMinusTick,2bf46d42-de12-5706-9f61-6aac35042c9c,8.303721999999998e+10,412.3,830.3721999999999
1658277248,API3USDT,Sell,49.9,2.013,MinusTick,7624e4e5-5ad0-5005-a8a8-b85e3a93ff1b,1.0044869999999998e+10,49.9,100.44869999999999
1658277252,API3USDT,Buy,1.7,2.015,PlusTick,7340594a-93fa-5f77-a87d-3f105cae0285,3.4255e+08,1.7,3.4255
1658277267,API3USDT,Buy,13.7,2.014,MinusTick,661a8efa-ae5e-5b4f-b55f-5e0d5a11b28e,2.7591799999999995e+09,13.7,27.591799999999996
1658277342,API3USDT,Sell,1.9,2.012,MinusTick,e2bfd8f0-3b82-5b16-b5bb-34cfb6bca62e,3.8228e+08,1.9,3.8228
1658277346,API3USDT,Sell,48,2.012,ZeroMinusTick,7f2071df-91cf-51e7-9768-86b318b3c6f1,9.6576e+09,48,96.576
1658277402,API3USDT,Sell,1.8,2.008,MinusTick,96877a9d-b186-51d0-afc5-23d94ff6249a,3.6144e+08,1.8,3.6144000000000003
1658277512,API3USDT,Sell,0.1,2.007,MinusTick,9ab89326-165d-50ba-8dbb-0f4a514e4981,2.007e+07,0.1,0.20070000000000002
1658277572,API3USDT,Buy,10,2.008,PlusTick,535bf021-9792-505e-b83a-89da2e7cc025,2.0079999999999998e+09,10,20.08
1658277617,API3USDT,Sell,49.9,2.005,MinusTick,50e6c444-4889-52a4-a60a-2673df2e1a13,1.000495e+10,49.9,100.0495
1658277618,API3USDT,Sell,49.9,2.004,MinusTick,d740f42a-e792-5b99-b151-06c772fecb98,9.99996e+09,49.9,99.9996
1658277618,API3USDT,Sell,360.5,2.004,ZeroMinusTick,70799afe-ba08-5cce-ac96-da2b18fafc7b,7.22442e+10,360.5,722.442
1658277618,API3USDT,Sell,512.8,2.004,ZeroMinusTick,f9b5fa69-513f-55c1-9bb2-8ca164b10e47,1.0276512e+11,512.8,1027.6512
1658277649,API3USDT,Buy,100,2.000,MinusTick,3cc5741b-deba-5e15-9661-78bf2c77a969,2e+10,100,200
1658277649,API3USDT,Buy,378.1,2.001,PlusTick,426963a7-883b-54f3-a65d-08a31d6b26a2,7.565781e+10,378.1,756.5781
1658277669,API3USDT,Buy,100,1.999,MinusTick,28a93d56-4301-5494-ae5f-1257255cca5a,1.999e+10,100,199.9
1658277671,API3USDT,Sell,139,1.998,MinusTick,073e2695-cf5d-5d68-b18b-a9967eb4ab85,2.7772199999999996e+10,139,277.722
1658277671,API3USDT,Sell,49.9,1.998,ZeroMinusTick,c99b6e88-2454-5867-a349-114fca102442,9.97002e+09,49.9,99.7002
1658277677,API3USDT,Buy,139,1.999,PlusTick,05c7b44e-a02f-5cd7-913c-a41511d0d543,2.77861e+10,139,277.861
1658277687,API3USDT,Buy,50,2.000,PlusTick,614dc7b8-da29-57b6-894e-1d3829f84170,1e+10,50,100
1658277688,API3USDT,Buy,393.6,2.001,PlusTick,0b4f8a3a-3ee6-5764-94a6-2973b5c2e13f,7.875936e+10,393.6,787.5936
1658277688,API3USDT,Buy,100,2.001,ZeroMinusTick,fc39638c-c8d8-5299-a3e3-853b0deee658,2.001e+10,100,200.1
1658277712,API3USDT,Buy,0.1,2.000,MinusTick,ca6c9a7f-e08c-5652-b20e-cf5d00a33095,2e+07,0.1,0.2
1658277735,API3USDT,Buy,100,2.001,PlusTick,cd81a615-3630-59cd-9254-1c9c03175a4a,2.001e+10,100,200.1
1658277753,API3USDT,Sell,49.9,2.000,MinusTick,6b4faa4d-3d4c-5aa8-b25c-24218ae4140d,9.98e+09,49.9,99.8
1658277863,API3USDT,Sell,62.5,2.001,PlusTick,b8a3c18c-19e2-5e32-95dc-0d3e0d125e2f,1.250625e+10,62.5,125.0625
1658277864,API3USDT,Sell,250.1,1.999,MinusTick,9c7ffde9-4e2c-5646-a1cb-c3140b81eed3,4.999499e+10,250.1,499.9499
1658277864,API3USDT,Sell,100,1.999,ZeroMinusTick,38a77291-c244-5be6-8b57-3da1a964b3f3,1.999e+10,100,199.9
1658277872,API3USDT,Sell,2,1.997,MinusTick,4641c5dd-fa7a-57a8-a667-8a715637fb2f,3.994e+08,2,3.994
1658277876,API3USDT,Sell,47.9,1.997,ZeroMinusTick,7aa74364-bb54-58bb-93dc-38e9cde65113,9.56563e+09,47.9,95.6563
1658277882,API3USDT,Sell,49.9,1.996,MinusTick,1a347305-8f16-5914-9bcb-0ea7da4d7d5b,9.96004e+09,49.9,99.6004
1658277883,API3USDT,Sell,49.9,1.995,MinusTick,fd8d2cee-de57-56a9-aa87-fb65f488f5f7,9.95505e+09,49.9,99.5505
1658277883,API3USDT,Sell,413.1,1.994,MinusTick,ea5dd03a-056f-5255-8393-0076b955397a,8.237214e+10,413.1,823.7214
1658277883,API3USDT,Sell,782.2,1.994,ZeroMinusTick,03cf3702-c5b7-5493-997e-5187906896ab,1.5597068000000003e+11,782.2,1559.7068000000002
1658277883,API3USDT,Sell,304.7,1.993,MinusTick,48640f11-b618-5d66-ab8b-3562fc7b69f2,6.072671e+10,304.7,607.2671
1658277884,API3USDT,Buy,83.2,1.996,PlusTick,4d46bb36-0b3e-5a74-a2c5-46b916df0995,1.6606720000000002e+10,83.2,166.0672
1658277884,API3USDT,Buy,16.8,1.996,ZeroMinusTick,78dbcd1d-e239-5afc-89b7-7e8aa5a6818a,3.35328e+09,16.8,33.5328
1658277927,API3USDT,Buy,424.3,1.998,PlusTick,f51b86b2-4162-503a-9856-cc41874dab5f,8.477514e+10,424.3,847.7514
1658277927,API3USDT,Buy,431.8,1.998,ZeroMinusTick,31479d4e-62e0-54c4-8caa-42bdabb16bf7,8.627364e+10,431.8,862.7364
1658277927,API3USDT,Buy,50,1.998,ZeroMinusTick,1755ed1f-7b3f-5eee-b42f-af382d5d72f4,9.99e+09,50,99.9
1658278002,API3USDT,Sell,62.5,2.001,PlusTick,1350512a-7bce-5be5-a9ee-a9e26d28e5c7,1.250625e+10,62.5,125.0625
1658278013,API3USDT,Buy,409.6,2.002,PlusTick,d95da21d-258d-5623-ae09-8a20281e5886,8.200192e+10,409.6,820.0192
1658278013,API3USDT,Buy,421.9,2.002,ZeroMinusTick,76c2d7d7-3325-5a08-a0a3-f59ac06701d5,8.446437999999998e+10,421.9,844.6437999999998
1658278013,API3USDT,Buy,168.5,2.002,ZeroMinusTick,0c9d47aa-8a97-5e3e-be10-7d60af001c7c,3.37337e+10,168.5,337.337
1658278013,API3USDT,Buy,49.9,2.004,PlusTick,748cf236-c15a-5108-be21-3b21fdfde57e,9.99996e+09,49.9,99.9996
1658278052,API3USDT,Buy,12.4,2.006,PlusTick,0ae3d081-0a35-5741-8ff7-ef7c110be333,2.48744e+09,12.4,24.874399999999998
1658278072,API3USDT,Buy,0.1,2.008,PlusTick,ddb426df-f798-5aaa-8128-3a665a71ec8d,2.008e+07,0.1,0.2008
1658278142,API3USDT,Buy,62.5,2.010,PlusTick,527bb19e-879c-5ae5-826a-c9a258f84c5a,1.2562499999999998e+10,62.5,125.62499999999999
1658278142,API3USDT,Buy,100,2.011,PlusTick,7c8a50b8-fecb-5c41-a04a-edbd434c34e6,2.0110000000000004e+10,100,201.10000000000002
1658278142,API3USDT,Buy,62.5,2.011,ZeroMinusTick,1602c192-356d-5ec5-bb0a-8e4d95147088,1.2568750000000002e+10,62.5,125.68750000000001
1658278142,API3USDT,Sell,25,2.011,ZeroMinusTick,a31cf746-8c52-54f9-894b-f4c0ef50418c,5.027500000000001e+09,25,50.275000000000006
1658278198,API3USDT,Sell,62.5,2.011,ZeroMinusTick,22bab53f-dc38-50dc-8ad0-e737da1f8a55,1.2568750000000002e+10,62.5,125.68750000000001
1658278202,API3USDT,Sell,1.7,2.009,MinusTick,587ee003-ce8f-5ed0-8a9a-dd282979a9d3,3.4153e+08,1.7,3.4153
1658278332,API3USDT,Buy,10,2.010,PlusTick,effe548b-9fdc-59f4-b009-51d2037c9f42,2.0099999999999998e+09,10,20.099999999999998
1658278359,API3USDT,Buy,49.9,2.008,MinusTick,2d0dfb1e-0418-5b9a-8b6a-9b95a66b776e,1.001992e+10,49.9,100.19919999999999
1658278452,API3USDT,Sell,0.1,2.005,MinusTick,ac41c818-4b3c-55e8-aecc-815c5ece0dec,2.005e+07,0.1,0.2005
1658278468,API3USDT,Sell,136.5,2.004,MinusTick,be2da53b-6374-5368-ad6e-ee37b022d0e5,2.73546e+10,136.5,273.546
1658278468,API3USDT,Sell,276.6,2.004,ZeroMinusTick,8abb8483-d355-5c9b-83a5-1965d21d39ba,5.543064000000001e+10,276.6,554.3064
1658278468,API3USDT,Sell,411.5,2.004,ZeroMinusTick,58e61170-158c-54fd-8b07-4cc1453dc6f9,8.24646e+10,411.5,824.646
1658278525,API3USDT,Sell,49.9,2.002,MinusTick,f1f25d4a-e0e0-58f2-8876-3f5a218b5c8f,9.989979999999998e+09,49.9,99.89979999999998
1658278612,API3USDT,Sell,1.6,1.999,MinusTick,3adb53e3-b0b0-5efa-88c9-697f912182af,3.1984000000000006e+08,1.6,3.1984000000000004
1658278753,API3USDT,Buy,49.9,2.002,PlusTick,251a8d88-1e66-5caa-a3be-391b8549f567,9.989979999999998e+09,49.9,99.89979999999998
1658278787,API3USDT,Buy,100,2.003,PlusTick,924a5ccb-3b3b-5171-9741-e2f4f1e8ad00,2.003e+10,100,200.3
1658278792,API3USDT,Buy,0.1,2.005,PlusTick,412bcb1f-e876-534e-85e8-35cad85d1938,2.005e+07,0.1,0.2005
1658278799,API3USDT,Sell,49.9,2.002,MinusTick,aeb2c8d6-45a3-5e74-b722-627d506225af,9.989979999999998e+09,49.9,99.89979999999998
1658278852,API3USDT,Sell,0.1,1.995,MinusTick,cd06f421-4c56-5586-a11e-2d7764aab284,1.995e+07,0.1,0.1995
1658278892,API3USDT,Sell,49.9,1.993,MinusTick,6a15c169-a667-5236-bf6e-0178f459ca77,9.94507e+09,49.9,99.4507
1658278892,API3USDT,Sell,49.9,1.992,MinusTick,2b71f51b-e483-5e63-8512-daad971d7cf5,9.94008e+09,49.9,99.4008
1658278910,API3USDT,Buy,14.3,1.992,ZeroMinusTick,b5f46bc0-1c87-50b7-9936-d7ef5e88477d,2.84856e+09,14.3,28.4856
1658278910,API3USDT,Buy,27.1,1.992,ZeroMinusTick,6da1300f-d447-5c5a-8a60-5e9dba5eea76,5.39832e+09,27.1,53.983200000000004
1658278910,API3USDT,Buy,100,1.993,PlusTick,1b561e3c-d9ae-5bd9-abb0-3a7195381b72,1.993e+10,100,199.3
1658278940,API3USDT,Sell,14.3,1.994,PlusTick,abd01f80-9293-527c-bfe4-8c23ab3a9261,2.8514200000000005e+09,14.3,28.514200000000002
1658278940,API3USDT,Sell,35.7,1.994,ZeroMinusTick,a74b518a-9711-5406-94d3-b7ad2a6c8d16,7.11858e+09,35.7,71.1858
1658278966,API3USDT,Buy,100,1.995,PlusTick,f69e168f-8b33-586e-8fe6-8a4fa6217965,1.995e+10,100,199.5
1658279002,API3USDT,Buy,1.4,1.997,PlusTick,634d7a2c-5dfb-5e9f-aad9-8d207b4502fc,2.7958e+08,1.4,2.7958
1658279033,API3USDT,Buy,100.2,1.997,ZeroMinusTick,b24a5f2e-994b-5fc8-bf20-5ceb9cf87c0a,2.000994e+10,100.2,200.0994
1658279066,API3USDT,Sell,62.5,1.998,PlusTick,e101c645-ae29-5442-80e6-bc34a9d5b7ed,1.24875e+10,62.5,124.875
1658279082,API3USDT,Sell,0.1,1.997,MinusTick,52f6bb09-b23f-54d9-abb7-e01f5d3587c1,1.997e+07,0.1,0.19970000000000002
1658279085,API3USDT,Sell,62.5,1.998,PlusTick,45960b8b-9f96-504e-86cb-0d1283439858,1.24875e+10,62.5,124.875
1658279173,API3USDT,Sell,62.5,1.996,MinusTick,59a6fe8a-dcad-55e6-860e-5e689a759083,1.2475e+10,62.5,124.75
1658279173,API3USDT,Sell,49.9,1.995,MinusTick,b4dea0e6-92ba-52ed-a105-7f582871b6bc,9.95505e+09,49.9,99.5505
1658279175,API3USDT,Sell,49.9,1.994,MinusTick,a5fa6e2a-da7f-508a-a4da-ae6729ffa779,9.95006e+09,49.9,99.50059999999999
1658279182,API3USDT,Buy,0.1,1.994,ZeroMinusTick,d6c1a852-f170-5594-8d13-ec48be71bbbe,1.9940000000000004e+07,0.1,0.19940000000000002
1658279214,API3USDT,Sell,49.9,1.992,MinusTick,4471219c-1ebd-5457-927d-310c962f77e1,9.94008e+09,49.9,99.4008
1658279225,API3USDT,Sell,49.9,1.990,MinusTick,d20300cc-d5c4-5e10-bf3d-a83f2c1f8689,9.9301e+09,49.9,99.301
1658279226,API3USDT,Sell,394,1.989,MinusTick,01939eb9-8665-51c9-86df-02552fe29288,7.83666e+10,394,783.666
1658279226,API3USDT,Sell,429.2,1.989,ZeroMinusTick,57d48b9b-efc4-58a0-a117-4214d8d11c3e,8.536788e+10,429.2,853.6788
1658279226,API3USDT,Sell,139.5,1.989,ZeroMinusTick,a3fb5058-bb6d-57d3-8ebd-7fffddbab426,2.7746550000000004e+10,139.5,277.4655
1658279226,API3USDT,Sell,37.3,1.989,ZeroMinusTick,d92967db-dfff-5b0f-b352-74b60061d67b,7.41897e+09,37.3,74.1897
1658279226,API3USDT,Sell,12.6,1.989,ZeroMinusTick,e84a5f4c-c04f-5a3b-8077-0102c0e12a11,2.50614e+09,12.6,25.0614
1658279312,API3USDT,Sell,0.8,1.989,ZeroMinusTick,7db2999d-d5ca-5006-8c78-aa80246e19b1,1.5912000000000003e+08,0.8,1.5912000000000002
1658279335,API3USDT,Sell,49.9,1.988,MinusTick,5cb837e7-05e5-598d-9e7e-4db8d20223e2,9.92012e+09,49.9,99.2012
1658279340,API3USDT,Buy,62.5,1.988,ZeroMinusTick,ffea8d50-e27d-529b-b38b-0943d050b715,1.2425e+10,62.5,124.25
1658279340,API3USDT,Sell,362.5,1.988,ZeroMinusTick,5236592e-f9cf-5d23-a738-f8cffd7fb6e8,7.2065e+10,362.5,720.65
1658279355,API3USDT,Sell,49.9,1.987,MinusTick,eae46ba8-574b-5813-bc17-49f76a0a8fc1,9.91513e+09,49.9,99.1513
1658279398,API3USDT,Buy,50,1.990,PlusTick,bf968ee4-4803-56a1-a178-4386ee10c0fe,9.95e+09,50,99.5
1658279400,API3USDT,Buy,139.5,1.991,PlusTick,ced3dc3e-571a-58d8-8e41-6480ebb13cbd,2.777445e+10,139.5,277.7445
1658279432,API3USDT,Buy,0.9,1.996,PlusTick,bb5f254b-cb24-5c5e-bd6d-fbb934895089,1.7964e+08,0.9,1.7964
1658279435,API3USDT,Sell,50,1.995,MinusTick,68a8dccd-3b3f-50da-962e-6afadb851063,9.975e+09,50,99.75
1658279453,API3USDT,Sell,100,1.993,MinusTick,e8deb039-28d4-5a05-a11b-bc74e0c76645,1.993e+10,100,199.3
1658279502,API3USDT,Sell,10,1.993,ZeroMinusTick,713e3148-8985-580f-af5a-8df07ca38a19,1.993e+09,10,19.93
1658279526,API3USDT,Sell,13.1,1.994,PlusTick,9df0846b-a273-5a03-a2ee-4a88e354f421,2.61214e+09,13.1,26.121399999999998
1658279526,API3USDT,Sell,10.6,1.994,ZeroMinusTick,c47c4fd0-f76d-570c-a754-8916f7910077,2.1136399999999998e+09,10.6,21.1364
1658279582,API3USDT,Sell,0.1,1.994,ZeroMinusTick,a8c9ded0-9511-5e26-9bba-7e13a4f659ff,1.9940000000000004e+07,0.1,0.19940000000000002
1658279609,API3USDT,Buy,18.8,1.996,PlusTick,31fecaae-480d-54ce-9e6f-a78191689839,3.75248e+09,18.8,37.5248
1658279684,API3USDT,Buy,49.9,1.997,PlusTick,1ee6fbba-20d3-5b1a-995c-c6559bbbff24,9.96503e+09,49.9,99.6503
1658279718,API3USDT,Buy,4.9,1.999,PlusTick,2eae3f34-d196-5f24-ba0c-70d1998a0542,9.795100000000001e+08,4.9,9.795100000000001
1658279718,API3USDT,Buy,95.1,1.999,ZeroMinusTick,a410a4ae-a1e0-53b1-8d7d-ea5da64429ef,1.901049e+10,95.1,190.1049
1658279718,API3USDT,Buy,407.1,1.999,ZeroMinusTick,2055bf0c-27da-56a2-abe9-b37b55bbf650,8.137929000000002e+10,407.1,813.7929000000001
1658279812,API3USDT,Sell,1.5,1.999,ZeroMinusTick,3cc5aada-df01-5fe9-8020-d023b9fa1e0b,2.9985e+08,1.5,2.9985
1658279816,API3USDT,Buy,62.5,2.001,PlusTick,431e26dd-3073-5d7d-b79d-c58614fb5173,1.250625e+10,62.5,125.0625
1658279816,API3USDT,Buy,100,2.001,ZeroMinusTick,e9af6871-a5a6-59f7-a151-bad637a63e1a,2.001e+10,100,200.1
1658279816,API3USDT,Sell,87.5,2.001,ZeroMinusTick,0a92f33b-8702-59f8-9eff-0d25eb1834d5,1.7508749999999996e+10,87.5,175.08749999999998
1658279820,API3USDT,Buy,49.9,2.002,PlusTick,88702560-38a4-56e0-aa24-47578fc271dd,9.989979999999998e+09,49.9,99.89979999999998
1658279820,API3USDT,Buy,200.1,2.002,ZeroMinusTick,5964f188-571a-5eff-a405-30235598aefa,4.006002e+10,200.1,400.6002
1658279922,API3USDT,Buy,512.8,2.002,ZeroMinusTick,1a523685-db52-5bc4-a099-a32908b615ae,1.0266255999999998e+11,512.8,1026.6255999999998
1658279942,API3USDT,Sell,0.1,2.001,MinusTick,ee80e753-848f-5d2d-8add-e9cb074aedeb,2.001e+07,0.1,0.2001
1658280022,API3USDT,Buy,0.1,2.003,PlusTick,debb594f-28d4-5c79-861e-d6e59680771e,2.0030000000000004e+07,0.1,0.20030000000000003
1658280062,API3USDT,Buy,0.1,2.002,MinusTick,ab431bdc-7bc2-5360-aab1-e7bc937ccee7,2.002e+07,0.1,0.2002
1658280212,API3USDT,Sell,1.5,2.002,ZeroMinusTick,5ccbc611-9a3e-5b8a-8dbd-24edee4b8a4f,3.0029999999999994e+08,1.5,3.0029999999999997
1658280220,API3USDT,Sell,61,2.002,ZeroMinusTick,19583405-e955-54f8-8059-d5b3c3f3c701,1.2212199999999998e+10,61,122.12199999999999
1658280369,API3USDT,Buy,49.9,2.004,PlusTick,0272a3ca-f2e3-52aa-ad19-4db51dda3a48,9.99996e+09,49.9,99.9996
1658280372,API3USDT,Sell,1,2.004,ZeroMinusTick,f8610088-e5b0-5f7e-bcde-eac030cda4ba,2.004e+08,1,2.004
1658280375,API3USDT,Buy,49.9,2.005,PlusTick,5e5c079d-2818-5cd6-81a6-9a7f89b9b286,1.000495e+10,49.9,100.0495
1658280375,API3USDT,Buy,397.8,2.005,ZeroMinusTick,83bd8df8-69e5-56ce-83a5-4be4c31c486e,7.97589e+10,397.8,797.5889999999999
1658280375,API3USDT,Buy,410,2.005,ZeroMinusTick,2da31d14-1743-5110-aed7-f25350ae44de,8.2205e+10,410,822.05
1658280375,API3USDT,Buy,49.9,2.006,PlusTick,d8ab9081-9c77-5d33-9a00-1b01c7c1ff28,1.0009939999999998e+10,49.9,100.09939999999999
1658280432,API3USDT,Buy,1.5,2.007,PlusTick,4753ef36-586e-5142-ac5e-9ed8209b8c13,3.0105000000000006e+08,1.5,3.0105000000000004
1658280552,API3USDT,Sell,0.6,2.006,MinusTick,7927c3fe-42f7-503a-93ec-26dbbf509342,1.2035999999999999e+08,0.6,1.2035999999999998
1658280613,API3USDT,Buy,49.9,2.008,PlusTick,a5c8a9a3-afab-5ab6-aadf-803f786ab58c,1.001992e+10,49.9,100.19919999999999
1658280652,API3USDT,Buy,0.1,2.008,ZeroMinusTick,7e327059-a5ee-5c89-add1-88505602406b,2.008e+07,0.1,0.2008
1658280655,API3USDT,Sell,0.6,2.007,MinusTick,650774f6-1caa-5184-b2f4-6a7f632133d4,1.2042e+08,0.6,1.2042
1658280732,API3USDT,Buy,0.1,2.007,ZeroMinusTick,af9facfc-3c3c-5d7f-a07b-76ca325097b9,2.007e+07,0.1,0.20070000000000002
1658280828,API3USDT,Buy,49.9,2.008,PlusTick,8d54f886-ff2e-5afd-9cbc-f0802d3ab0bf,1.001992e+10,49.9,100.19919999999999
1658280872,API3USDT,Sell,0.1,2.008,ZeroMinusTick,49c078bd-d361-581f-819a-ca562c5dbb17,2.008e+07,0.1,0.2008
1658280907,API3USDT,Buy,49.9,2.011,PlusTick,bfb391f1-e452-5928-b0db-84832ef9cfb4,1.003489e+10,49.9,100.3489
1658280952,API3USDT,Sell,0.2,2.013,PlusTick,1aa98e55-1837-5d2e-9328-cbc860377bc3,4.026e+07,0.2,0.4026
1658280957,API3USDT,Sell,62.3,2.013,ZeroMinusTick,5113ff9d-7433-5b11-95ad-0492800114d0,1.254099e+10,62.3,125.4099
1658280961,API3USDT,Sell,62.5,2.012,MinusTick,e0ad6a05-921d-53f0-a3d9-7e5be2a96557,1.2575e+10,62.5,125.75
1658280999,API3USDT,Buy,49.9,2.012,ZeroMinusTick,87319a1c-5bb1-55ed-b817-6474856e27f1,1.003988e+10,49.9,100.3988
1658281061,API3USDT,Buy,49.9,2.014,PlusTick,fbfa69ce-036c-531f-802c-3bb1e3bfca1b,1.0049859999999998e+10,49.9,100.49859999999998
1658281061,API3USDT,Buy,49.9,2.015,PlusTick,dac0b6c5-b3c5-53ff-9147-82e691b26803,1.005485e+10,49.9,100.5485
1658281067,API3USDT,Buy,62.5,2.017,PlusTick,cfe12aae-b085-54b1-8ff6-1161f03429f3,1.260625e+10,62.5,126.0625
1658281067,API3USDT,Buy,49.9,2.018,PlusTick,1925ba5e-86f0-5ba6-944e-0bbf5c5a8429,1.0069819999999998e+10,49.9,100.69819999999999
1658281084,API3USDT,Sell,62.5,2.019,PlusTick,46000ad3-8c26-5365-aaef-db184b137fde,1.2618750000000002e+10,62.5,126.18750000000001
1658281084,API3USDT,Sell,100,2.018,MinusTick,c269163a-cea0-5aac-a3bc-7bd64e9492a1,2.018e+10,100,201.79999999999998
1658281084,API3USDT,Sell,62.5,2.017,MinusTick,737429e9-e5bd-502d-9e8e-c90086b37f66,1.260625e+10,62.5,126.0625
1658281084,API3USDT,Sell,371.7,2.017,ZeroMinusTick,9ef68c6a-56a2-56f6-acf2-5d6eea559c1e,7.497189e+10,371.7,749.7189
1658281084,API3USDT,Sell,401.5,2.016,MinusTick,6e32ac5f-7f69-5978-bc5e-55a49f8f5e7e,8.09424e+10,401.5,809.424
1658281102,API3USDT,Sell,1.9,2.017,PlusTick,eeb18746-9bd4-53e7-92f4-58339c4da0cd,3.8322999999999994e+08,1.9,3.8322999999999996
1658281133,API3USDT,Buy,404.6,2.021,PlusTick,152cdc6b-2505-5590-b3b8-e7c3f4a6501a,8.176966e+10,404.6,817.6966
1658281133,API3USDT,Buy,359.7,2.021,ZeroMinusTick,e9b4c92c-f888-5d77-b814-486164b662ab,7.269536999999998e+10,359.7,726.9536999999999
1658281133,API3USDT,Buy,37.4,2.021,ZeroMinusTick,9c67625c-4b51-506f-9991-142e79552cf5,7.558539999999999e+09,37.4,75.58539999999999
1658281133,API3USDT,Buy,49.9,2.021,ZeroMinusTick,bddd030d-8837-5f29-90d4-761dc1fec0bf,1.008479e+10,49.9,100.8479
1658281133,API3USDT,Buy,512.8,2.021,ZeroMinusTick,fdbe6e43-523b-5ba8-8529-606cb897c7a3,1.0363688e+11,512.8,1036.3688
1658281133,API3USDT,Buy,123.8,2.021,ZeroMinusTick,9c619d99-d6f8-5ddb-8313-e38fc4508adf,2.501998e+10,123.8,250.19979999999998
1658281133,API3USDT,Buy,40.4,2.021,ZeroMinusTick,37850c51-4c47-5848-b15c-f849e50f2bc4,8.164839999999999e+09,40.4,81.6484
1658281133,API3USDT,Buy,59.6,2.021,ZeroMinusTick,073f2ce0-4af2-5b84-921e-202e0eaabaa4,1.204516e+10,59.6,120.4516
1658281135,API3USDT,Sell,2000,2.020,MinusTick,a15be307-d576-5024-b7e9-65f408f7b254,4.04e+11,2000,4040
1658281135,API3USDT,Sell,447.3,2.020,ZeroMinusTick,58a96bd4-1847-5ac0-93b3-399be4ca6029,9.03546e+10,447.3,903.546
1658281172,API3USDT,Sell,1.6,2.014,MinusTick,3aa9402b-194c-5014-8a86-99b5f4190e6d,3.2224e+08,1.6,3.2224
1658281227,API3USDT,Buy,49.9,2.017,PlusTick,c77e0f5f-31a4-5570-a6d3-52283ccd9aba,1.006483e+10,49.9,100.64829999999999
1658281355,API3USDT,Buy,49.9,2.021,PlusTick,b7244963-95cb-54f3-97d9-d01681beec19,1.008479e+10,49.9,100.8479
1658281355,API3USDT,Buy,400.8,2.021,ZeroMinusTick,669efbd0-5907-533a-8eb6-02906b7b83e8,8.100168e+10,400.8,810.0168
1658281355,API3USDT,Buy,512.8,2.021,ZeroMinusTick,cfafe55b-24d1-5b10-884a-5f753f6790d8,1.0363688e+11,512.8,1036.3688
1658281362,API3USDT,Buy,0.1,2.023,PlusTick,8a7249c9-b340-59fd-9199-2efd77651487,2.0230000000000004e+07,0.1,0.20230000000000004
1658281407,API3USDT,Buy,49.9,2.024,PlusTick,ea4b1f18-c4d0-5d8e-ad0c-b40dc5936a49,1.009976e+10,49.9,100.99759999999999
1658281407,API3USDT,Buy,100,2.024,ZeroMinusTick,7365a8ec-2fd7-558e-b51e-f3f1e94690d0,2.024e+10,100,202.4
1658281421,API3USDT,Buy,49.9,2.025,PlusTick,0186e100-b1c3-539b-826f-691e3fd8153e,1.010475e+10,49.9,101.0475
1658281430,API3USDT,Buy,100,2.027,PlusTick,eb4b19c2-6e61-5aac-bfec-cd76b376e31f,2.027e+10,100,202.70000000000002
1658281430,API3USDT,Buy,49.9,2.027,ZeroMinusTick,24380a73-b543-542e-b028-c6a016a4fe03,1.011473e+10,49.9,101.1473
1658281445,API3USDT,Buy,100,2.028,PlusTick,a2dfa6b6-5cd9-5763-8ece-809633f3b10e,2.028e+10,100,202.8
1658281457,API3USDT,Buy,284.4,2.029,PlusTick,612ec2a8-b6ee-5365-b1f9-c450e1ca259b,5.7704759999999985e+10,284.4,577.0475999999999
1658281457,API3USDT,Buy,100,2.029,ZeroMinusTick,fbad8166-8ea9-5b1e-8168-73592c457f62,2.0289999999999996e+10,100,202.89999999999998
1658281457,API3USDT,Buy,265.3,2.030,PlusTick,0ee8e633-ebdd-558b-afd4-3f18f34f81dd,5.38559e+10,265.3,538.559
1658281457,API3USDT,Buy,393.9,2.030,ZeroMinusTick,0f8a6dca-bcc9-5274-825b-a425cd465676,7.996169999999998e+10,393.9,799.6169999999998
1658281457,API3USDT,Buy,49.9,2.030,ZeroMinusTick,04613d92-c2cb-513a-8fc0-43a8af96d25d,1.0129699999999998e+10,49.9,101.29699999999998
1658281457,API3USDT,Buy,100,2.030,ZeroMinusTick,ef3fcdd6-a341-5a94-85f3-50f08f30a5fd,2.0299999999999996e+10,100,202.99999999999997
1658281458,API3USDT,Buy,49.9,2.031,PlusTick,f8fa1232-f203-5dc7-9bba-66547cd3fd97,1.013469e+10,49.9,101.3469
1658281458,API3USDT,Buy,100,2.031,ZeroMinusTick,e7cc6ac3-161d-5db6-8d84-86e49afba0d6,2.0310000000000004e+10,100,203.10000000000002
1658281462,API3USDT,Buy,58.7,2.032,PlusTick,d57bd9a4-f1ab-59a4-ba1a-b9d65de956e4,1.192784e+10,58.7,119.2784
1658281487,API3USDT,Buy,49.9,2.031,MinusTick,40b849f0-891e-588c-bbf7-b89b3a4c4015,1.013469e+10,49.9,101.3469
1658281487,API3USDT,Buy,100,2.031,ZeroMinusTick,f93d0453-eb06-5cb9-b590-b9c034ff1106,2.0310000000000004e+10,100,203.10000000000002
1658281518,API3USDT,Sell,284.4,2.031,ZeroMinusTick,6d109e1c-9a7c-5f30-a391-915836e93b6c,5.776164e+10,284.4,577.6164
1658281562,API3USDT,Buy,0.1,2.031,ZeroMinusTick,c98dd897-f125-5dd0-ae0e-8f413d2f8ac1,2.0310000000000004e+07,0.1,0.20310000000000003
1658281677,API3USDT,Buy,100,2.030,MinusTick,b1959db8-49fb-58ef-ae32-4ba6f6b1ac14,2.0299999999999996e+10,100,202.99999999999997
1658281677,API3USDT,Buy,62.5,2.030,ZeroMinusTick,ff4046e6-8c69-5e43-82d0-27265bcb7460,1.2687499999999998e+10,62.5,126.87499999999999
1658281679,API3USDT,Sell,87.5,2.030,ZeroMinusTick,7e9ac176-1acd-50fa-8fee-8c5b6375bda5,1.7762499999999996e+10,87.5,177.62499999999997
1658281695,API3USDT,Sell,58.7,2.030,ZeroMinusTick,37134a3f-a421-51d9-9fb6-ffcd425e9a3a,1.19161e+10,58.7,119.161
1658281724,API3USDT,Buy,100,2.030,ZeroMinusTick,586ead47-f378-5d22-af08-893aa4b45d86,2.0299999999999996e+10,100,202.99999999999997
1658281724,API3USDT,Buy,62.5,2.030,ZeroMinusTick,8bd4fc13-5e54-52fa-80da-f785a0298185,1.2687499999999998e+10,62.5,126.87499999999999
1658281758,API3USDT,Sell,62.5,2.032,PlusTick,f7ad325b-be1f-5d6a-8880-b3ad1d9b587c,1.27e+10,62.5,127
1658281763,API3USDT,Sell,0.1,2.030,MinusTick,d2c19aa2-5a02-5558-89b8-be688d51b7d5,2.03e+07,0.1,0.20299999999999999
1658281882,API3USDT,Buy,971.5,2.033,PlusTick,e16b4f89-208e-5699-9fb1-c50c27398aee,1.9750594999999997e+11,971.5,1975.0594999999998
1658281882,API3USDT,Buy,49.9,2.033,ZeroMinusTick,82dda71e-60ef-536f-8ab0-a9a31e448ba4,1.014467e+10,49.9,101.44669999999999
1658281913,API3USDT,Buy,0.1,2.033,ZeroMinusTick,a5c9e88f-ca5a-58a6-9346-85dfc481063b,2.033e+07,0.1,0.2033
1658281979,API3USDT,Sell,423.2,2.031,MinusTick,9b4929cc-07be-589b-964a-5fdb2f66a1af,8.595192e+10,423.2,859.5192000000001
1658282033,API3USDT,Sell,2,2.030,MinusTick,f3e1c244-7ef1-5c15-b11e-2e829cf94bc8,4.0599999999999994e+08,2,4.06
1658282095,API3USDT,Sell,250,2.027,MinusTick,c8764871-bfb7-5b61-bfe2-795e8afabb99,5.067500000000001e+10,250,506.75000000000006
1658282183,API3USDT,Sell,428.6,2.026,MinusTick,b38ba3b6-dc2b-550c-b5d3-99839b83d80a,8.683436e+10,428.6,868.3435999999999
1658282203,API3USDT,Buy,0.1,2.026,ZeroMinusTick,16a06ef6-168f-510a-9408-7e41bef6cfbf,2.026e+07,0.1,0.2026
1658282243,API3USDT,Buy,0.1,2.027,PlusTick,d8891832-04a2-54f5-b2a2-be4dd09adaef,2.0270000000000004e+07,0.1,0.20270000000000002
1658282337,API3USDT,Sell,414.9,2.025,MinusTick,08958173-222d-591f-b019-4844f36753af,8.401724999999998e+10,414.9,840.1724999999999
1658282337,API3USDT,Sell,402.5,2.025,ZeroMinusTick,444b4b07-ddce-51bb-b59b-addcda0bb09c,8.150625e+10,402.5,815.0625
1658282337,API3USDT,Sell,404.3,2.024,MinusTick,ac37f696-0511-5e73-b684-d7baed6b76d6,8.183032e+10,404.3,818.3032000000001
1658282337,API3USDT,Sell,407.8,2.024,ZeroMinusTick,91bee7c0-b1f8-5871-bfc5-8ce22f83164a,8.253872e+10,407.8,825.3872
1658282378,API3USDT,Buy,62.5,2.021,MinusTick,79f9f4b1-4414-5e51-a734-e7c72cc83376,1.263125e+10,62.5,126.3125
1658282378,API3USDT,Buy,100,2.021,ZeroMinusTick,f95496f3-ce13-5fe5-a480-3fd7a1a0c4b5,2.021e+10,100,202.1
1658282378,API3USDT,Buy,689.5,2.022,PlusTick,b49fe47f-aa2f-527c-a181-c3f60576f181,1.394169e+11,689.5,1394.1689999999999
1658282378,API3USDT,Buy,49.9,2.023,PlusTick,32a3c44d-0a94-52e0-a120-65dc3c55c66d,1.009477e+10,49.9,100.9477
1658282378,API3USDT,Buy,200,2.024,PlusTick,cf1cde7f-cf54-5f49-bcd5-032135b6c554,4.048e+10,200,404.8
1658282378,API3USDT,Buy,224.3,2.024,ZeroMinusTick,b9ad7f24-dcae-58b4-94bc-ce058ba72304,4.539832e+10,224.3,453.9832
1658282378,API3USDT,Buy,49.9,2.024,ZeroMinusTick,279f73e9-ab18-5ff0-9740-b855aad34001,1.009976e+10,49.9,100.99759999999999
1658282383,API3USDT,Sell,1.2,2.022,MinusTick,cc86ab0c-c759-5a4d-8297-f2918bf6cb57,2.4263999999999997e+08,1.2,2.4263999999999997
1658282404,API3USDT,Sell,26.6,2.024,PlusTick,87b42463-271f-5003-9161-001289a19a35,5.38384e+09,26.6,53.8384
1658282503,API3USDT,Sell,0.1,2.030,PlusTick,9af45ad1-f247-55fe-a63b-3f77dd948a39,2.03e+07,0.1,0.20299999999999999
1658282516,API3USDT,Sell,100,2.031,PlusTick,9580726a-b3e4-5eae-9c16-5cc942b6a22d,2.0310000000000004e+10,100,203.10000000000002
1658282516,API3USDT,Sell,62.5,2.030,MinusTick,422f08a8-ecbb-5dfb-86bb-281fe540772f,1.2687499999999998e+10,62.5,126.87499999999999
1658282516,API3USDT,Buy,187.5,2.030,ZeroMinusTick,d98364c3-c756-569c-8e89-ae6599bf41ff,3.806249999999999e+10,187.5,380.62499999999994
1658282565,API3USDT,Sell,100,2.031,PlusTick,341c627f-327c-58f4-b547-05d9d6d6763f,2.0310000000000004e+10,100,203.10000000000002
1658282582,API3USDT,Buy,49.4,2.033,PlusTick,e2ab469d-a5de-584b-bbb3-232832bdc010,1.004302e+10,49.4,100.4302
1658282653,API3USDT,Buy,100,2.035,PlusTick,d632b0ff-6c46-5289-acc1-b12ff3222b02,2.035e+10,100,203.5
1658282653,API3USDT,Buy,8,2.036,PlusTick,3aaa18aa-d251-59c4-b5d5-f77d54ccd011,1.6288e+09,8,16.288
1658282666,API3USDT,Buy,49.4,2.039,PlusTick,9b6ca12b-53b4-53af-97aa-14993e82e53a,1.007266e+10,49.4,100.7266
1658282666,API3USDT,Buy,55.6,2.040,PlusTick,60c09576-03ff-5863-ac28-f21c0f45819f,1.13424e+10,55.6,113.424
1658282666,API3USDT,Buy,331.5,2.040,ZeroMinusTick,f14b9ec3-7249-5fed-824a-4cb5de42768a,6.7626e+10,331.5,676.26
1658282666,API3USDT,Buy,49.4,2.040,ZeroMinusTick,ce7f4fa2-5e9e-54a2-9fa8-aaa16d50bb1c,1.00776e+10,49.4,100.776
1658282666,API3USDT,Buy,423.5,2.041,PlusTick,75296180-1e8f-52ee-a6b0-1dae0826c127,8.643635e+10,423.5,864.3634999999999
1658282666,API3USDT,Buy,65.6,2.041,ZeroMinusTick,93a98cdc-d4ae-55c0-9cb1-51386dde6893,1.3388959999999998e+10,65.6,133.88959999999997
1658282666,API3USDT,Buy,100,2.042,PlusTick,b0a1e4ea-bcb2-5af0-af8c-9b2921927fff,2.042e+10,100,204.2
1658282666,API3USDT,Buy,250,2.042,ZeroMinusTick,33173d7a-00dc-5c9c-8162-6caa48c841d6,5.104999999999999e+10,250,510.49999999999994
1658282668,API3USDT,Sell,100,2.039,MinusTick,2691903a-ac76-5e3d-93c7-a588a9eb251c,2.039e+10,100,203.9
1658282676,API3USDT,Buy,49.4,2.041,PlusTick,0cf94cb6-f45e-549a-b1e7-f75d92c3f16c,1.0082539999999998e+10,49.4,100.82539999999999
1658282676,API3USDT,Buy,49.4,2.042,PlusTick,04f7442f-fa7c-527d-96e9-38283b36f777,1.008748e+10,49.4,100.8748
1658282676,API3USDT,Buy,136.4,2.042,ZeroMinusTick,e921d2b7-ef8f-50f4-aa3f-0c93c70604e6,2.785288e+10,136.4,278.5288
1658282676,API3USDT,Buy,49.4,2.043,PlusTick,e908f680-e14e-51dc-a6b6-a578f29d2abf,1.009242e+10,49.4,100.9242
1658282676,API3USDT,Buy,122.5,2.043,ZeroMinusTick,681c9b22-9e13-524c-8088-2f161684bc49,2.502675e+10,122.5,250.2675
1658282679,API3USDT,Buy,62.5,2.043,ZeroMinusTick,4434312f-cd91-58f6-b3fb-3de29fd22455,1.2768750000000002e+10,62.5,127.68750000000001
1658282681,API3USDT,Sell,100,2.043,ZeroMinusTick,6aa61fc8-8e54-5ac1-9196-5dd39afaa8de,2.043e+10,100,204.3
1658282697,API3USDT,Buy,100,2.045,PlusTick,7881a459-d210-55b9-829b-209e73513715,2.045e+10,100,204.5
1658282697,API3USDT,Buy,49.4,2.046,PlusTick,388ebf3a-a852-5394-bac6-9c3826bca457,1.0107239999999998e+10,49.4,101.07239999999999
1658282701,API3USDT,Buy,100,2.046,ZeroMinusTick,7d9f1be7-c942-5a18-8c37-1539cd75cad7,2.046e+10,100,204.6
1658282703,API3USDT,Sell,1.7,2.045,MinusTick,6a20e328-d499-535e-bc03-8fe620715ef9,3.4764999999999994e+08,1.7,3.4764999999999997
1658282741,API3USDT,Sell,134.7,2.044,MinusTick,6aa0d934-afc3-5100-a7d7-1c6c3ead52f2,2.753268e+10,134.7,275.3268
1658282761,API3USDT,Sell,49.4,2.041,MinusTick,847b10da-b5c9-5973-9849-578081490c8c,1.0082539999999998e+10,49.4,100.82539999999999
1658282765,API3USDT,Sell,49.4,2.039,MinusTick,b1fea066-7806-5568-97ef-db2c22ebcb96,1.007266e+10,49.4,100.7266
1658282765,API3USDT,Sell,49.4,2.038,MinusTick,6182287d-147d-514c-a32a-17e7018d6187,1.0067719999999998e+10,49.4,100.67719999999998
1658282765,API3USDT,Sell,49.4,2.036,MinusTick,77f07f5c-3d38-51d3-84a4-36e0d3b12258,1.005784e+10,49.4,100.5784
1658282765,API3USDT,Sell,175.6,2.036,ZeroMinusTick,7fa1b467-3a70-51c7-a512-f1417064d002,3.575216e+10,175.6,357.5216
1658282765,API3USDT,Sell,225,2.036,ZeroMinusTick,bd167465-c85b-50c3-ad12-5bba4077d3a4,4.581e+10,225,458.1
1658282765,API3USDT,Sell,279.5,2.036,ZeroMinusTick,26369996-4efa-5a53-ba59-07bcebf7dcdf,5.69062e+10,279.5,569.062
1658282765,API3USDT,Sell,295,2.036,ZeroMinusTick,cd491151-2f0e-5593-b2aa-1da31a76329a,6.0062e+10,295,600.62
1658282801,API3USDT,Buy,62.5,2.036,ZeroMinusTick,0ed6df28-d6d4-5292-996c-bd37676fd56d,1.2725e+10,62.5,127.25
1658282849,API3USDT,Sell,49.4,2.035,MinusTick,9869691d-72b3-53a5-bf9f-b38cdc4c6039,1.0052900000000002e+10,49.4,100.52900000000001
1658282853,API3USDT,Buy,0.1,2.035,ZeroMinusTick,6dc07fc7-5a25-5159-adc9-c423031d5114,2.035e+07,0.1,0.20350000000000001
1658282913,API3USDT,Buy,1.7,2.036,PlusTick,1a8cf7d0-48b1-54b8-ac2e-db4ffc84e841,3.4612e+08,1.7,3.4612
1658282942,API3USDT,Sell,49,2.036,ZeroMinusTick,c95cdcf9-f169-5c8b-804e-64ffade3723f,9.9764e+09,49,99.764
1658282993,API3USDT,Buy,162.5,2.040,PlusTick,93591854-44db-521b-a0d0-0e2e47b2c85c,3.315e+10,162.5,331.5
1658282993,API3USDT,Buy,473.2,2.040,ZeroMinusTick,16e6d13d-f390-5731-88b6-7e96a363621f,9.65328e+10,473.2,965.328
1658282993,API3USDT,Buy,49.4,2.041,PlusTick,b4b67fd6-7332-5f5c-a39a-850dcd48d04a,1.0082539999999998e+10,49.4,100.82539999999999
1658282993,API3USDT,Buy,49.4,2.042,PlusTick,a6849cde-26f9-5185-ae41-67b7d4220b9d,1.008748e+10,49.4,100.8748
1658282993,API3USDT,Buy,196,2.042,ZeroMinusTick,48a708c3-6087-536e-bf20-802113510efc,4.00232e+10,196,400.23199999999997
1658282993,API3USDT,Buy,86.9,2.042,ZeroMinusTick,5cbd5908-3ad1-550c-a4c2-06c428b7cff8,1.774498e+10,86.9,177.44979999999998
1658282993,API3USDT,Buy,368.3,2.042,ZeroMinusTick,11ee0aaf-fa51-5ad2-970c-56d4125796e9,7.520686e+10,368.3,752.0686
1658282998,API3USDT,Buy,49.4,2.044,PlusTick,011d11aa-9457-5f4b-9431-7ffdab947509,1.009736e+10,49.4,100.9736
1658283112,API3USDT,Sell,328.7,2.051,PlusTick,ea1c2ffd-f18c-5f91-b7e1-ab69d986ecbb,6.741637000000001e+10,328.7,674.1637000000001
1658283112,API3USDT,Sell,671.3,2.051,ZeroMinusTick,5bf54a7f-cde7-50b8-bed5-e2b880e82154,1.3768363e+11,671.3,1376.8363
1658283112,API3USDT,Sell,20.9,2.051,ZeroMinusTick,0fc00fd1-6e4e-5ebe-914f-dba4fdb404c1,4.2865900000000005e+09,20.9,42.8659
1658283112,API3USDT,Sell,160.9,2.051,ZeroMinusTick,a54caa0a-a510-52ed-bad4-f5c0999d7834,3.3000590000000004e+10,160.9,330.00590000000005
1658283112,API3USDT,Sell,220.8,2.049,MinusTick,1d3d3142-79e5-50b3-baeb-25e61bdf0780,4.524192e+10,220.8,452.4192
1658283121,API3USDT,Sell,49,2.050,PlusTick,5fcc5ff3-2b9e-5c0e-806a-5c63e9d83d92,1.0044999999999998e+10,49,100.44999999999999
1658283121,API3USDT,Sell,62.5,2.050,ZeroMinusTick,993d978b-11f5-5d92-b303-d3d53d8f3087,1.28125e+10,62.5,128.125
1658283141,API3USDT,Buy,100,2.052,PlusTick,b0426759-1fe2-5f42-949f-967dd0db9d2e,2.052e+10,100,205.20000000000002
1658283141,API3USDT,Buy,62.5,2.052,ZeroMinusTick,156f5c1b-c511-5470-aac0-fb004ef50858,1.2825e+10,62.5,128.25
1658283141,API3USDT,Buy,87.5,2.053,PlusTick,acc606e5-74b9-57d1-9645-a20507fea538,1.796375e+10,87.5,179.6375
1658283161,API3USDT,Buy,250,2.053,ZeroMinusTick,16f3b91b-c523-5a91-8610-7544ab90b6b6,5.1325e+10,250,513.25
1658283207,API3USDT,Buy,6.8,2.056,PlusTick,7d1c2650-b288-59d6-b6aa-c79d80097c27,1.39808e+09,6.8,13.9808
1658283207,API3USDT,Buy,42.6,2.056,ZeroMinusTick,e4beb376-ef1a-5552-b5f4-d4e747177906,8.75856e+09,42.6,87.5856
1658283208,API3USDT,Buy,49.4,2.058,PlusTick,296b8c7e-0ced-5a0a-b11e-92fda5c6ee88,1.0166519999999998e+10,49.4,101.66519999999998
1658283218,API3USDT,Buy,83,2.060,PlusTick,e70c39df-748f-501c-97ab-0e8ac3fa6790,1.7098000000000002e+10,83,170.98000000000002
1658283218,API3USDT,Buy,446.5,2.060,ZeroMinusTick,46b0f01d-bb98-564a-87d5-b683bc84a747,9.197900000000002e+10,446.5,919.7900000000001
1658283232,API3USDT,Sell,49.4,2.058,MinusTick,58c19eac-3013-5b24-b8c2-9d2f66dbd117,1.0166519999999998e+10,49.4,101.66519999999998
1658283232,API3USDT,Sell,49,2.058,ZeroMinusTick,b4055f76-94c5-5334-907f-b2ebda54876a,1.0084199999999998e+10,49,100.84199999999998
1658283235,API3USDT,Buy,100,2.059,PlusTick,43406b44-ac46-5fc5-ad9f-77cda83bf6b1,2.059e+10,100,205.9
1658283235,API3USDT,Buy,150,2.060,PlusTick,061c5a7f-af65-542f-b1c6-9d276053746d,3.09e+10,150,309
1658283238,API3USDT,Sell,49,2.058,MinusTick,a4d17d1b-09c3-59d6-8948-340c2fc6db3c,1.0084199999999998e+10,49,100.84199999999998
1658283238,API3USDT,Sell,49.4,2.058,ZeroMinusTick,6c8de53b-35d7-5711-b5b1-8462bead0a3a,1.0166519999999998e+10,49.4,101.66519999999998
1658283238,API3USDT,Sell,49.4,2.057,MinusTick,96aaa573-11d6-5435-a302-d8212aa55ae8,1.016158e+10,49.4,101.6158
1658283239,API3USDT,Buy,43,2.057,ZeroMinusTick,c2f33c4b-910e-5c64-a7eb-96d2567f7d77,8.8451e+09,43,88.451
1658283239,API3USDT,Buy,57,2.057,ZeroMinusTick,25eb50e8-7259-558e-9243-424345ac4f37,1.17249e+10,57,117.249
1658283259,API3USDT,Buy,320.5,2.060,PlusTick,0a7a7fe5-e35b-543b-a230-bfaa37cb9464,6.6023e+10,320.5,660.23
1658283297,API3USDT,Sell,49.4,2.058,MinusTick,592e9ab2-82ee-55cc-877b-b5bcaf2e5e63,1.0166519999999998e+10,49.4,101.66519999999998
1658283301,API3USDT,Sell,49.4,2.057,MinusTick,f9172bb9-c45a-57af-b69a-b8d6f8e818a7,1.016158e+10,49.4,101.6158
1658283301,API3USDT,Sell,2.2,2.056,MinusTick,9924d799-c46f-53f2-82e0-e9d1810402a1,4.5232e+08,2.2,4.5232
1658283301,API3USDT,Sell,6.8,2.056,ZeroMinusTick,96b9537f-23c7-56d9-a71c-bcebff3cc0f0,1.39808e+09,6.8,13.9808
1658283301,API3USDT,Sell,40.4,2.056,ZeroMinusTick,fc1d506a-d185-5c0f-a0b7-6bb3e3c675ce,8.30624e+09,40.4,83.0624
1658283304,API3USDT,Buy,62.5,2.057,PlusTick,3b04c388-2369-54e2-9264-501fbf72e89e,1.285625e+10,62.5,128.5625
1658283304,API3USDT,Buy,100,2.057,ZeroMinusTick,78ac5668-5886-5053-8b6e-654412989703,2.057e+10,100,205.7
1658283304,API3USDT,Buy,651.2,2.059,PlusTick,a66437d0-4ad7-5a9f-ae1e-afc9f2acf520,1.3408208000000002e+11,651.2,1340.8208000000002
1658283304,API3USDT,Buy,49.4,2.059,ZeroMinusTick,4c6a3c4a-9267-50aa-b186-50ba6809242f,1.017146e+10,49.4,101.7146
1658283304,API3USDT,Buy,49.4,2.060,PlusTick,c2d74dd0-83c2-513a-8d7d-19180652f663,1.01764e+10,49.4,101.764
1658283304,API3USDT,Buy,50.6,2.060,ZeroMinusTick,c191af85-58d6-5d76-9f63-73ab8584a404,1.04236e+10,50.6,104.236
1658283333,API3USDT,Sell,1.9,2.058,MinusTick,6c6bb470-ae3e-59cf-83e8-f49e5c6f159b,3.9101999999999994e+08,1.9,3.9101999999999997
1658283338,API3USDT,Sell,49,2.058,ZeroMinusTick,05056cce-f67e-5268-b16d-1b85bd046ce9,1.0084199999999998e+10,49,100.84199999999998
1658283367,API3USDT,Sell,49.4,2.055,MinusTick,b47721eb-07c3-55b3-a1b2-8ede80cb957d,1.0151700000000002e+10,49.4,101.51700000000001
1658283403,API3USDT,Sell,1.8,2.055,ZeroMinusTick,e8de2f53-ae98-52f1-a736-5a0d5fd0bed8,3.699e+08,1.8,3.6990000000000003
1658283404,API3USDT,Buy,0.2,2.056,PlusTick,3cfd0bc2-c478-5990-89bb-89f2bba3f584,4.112e+07,0.2,0.4112
1658283503,API3USDT,Sell,49.4,2.051,MinusTick,5b7d51fb-d062-5da6-ad2b-a6bb007321a4,1.013194e+10,49.4,101.3194
1658283509,API3USDT,Sell,49.4,2.048,MinusTick,17c6194e-b6de-5d1f-ac78-492c542115f1,1.011712e+10,49.4,101.1712
1658283523,API3USDT,Buy,1.4,2.051,PlusTick,edf0403c-9c85-5255-b14d-a9ad203d7003,2.8714e+08,1.4,2.8714
1658283549,API3USDT,Sell,49,2.051,ZeroMinusTick,68ee41a0-453f-53c2-bd89-afc1c491a78e,1.00499e+10,49,100.49900000000001
1658283692,API3USDT,Buy,49.4,2.049,MinusTick,368015ae-132b-5156-ac99-39ad283bfbb9,1.0122059999999998e+10,49.4,101.22059999999999
1658283692,API3USDT,Buy,50.6,2.049,ZeroMinusTick,6390f9b0-3dea-508f-bf57-dd72d9f55dd0,1.036794e+10,50.6,103.6794
1658283723,API3USDT,Sell,0.3,2.054,PlusTick,b7179154-46a3-5391-9bf9-54f034f5c7c1,6.162e+07,0.3,0.6162
1658283729,API3USDT,Sell,0.3,2.056,PlusTick,1a60af8e-c865-5e85-a331-0ce2450d2f79,6.168e+07,0.3,0.6168
1658283833,API3USDT,Buy,10,2.055,MinusTick,29ecb82c-86aa-58b3-825f-9f48309ed5b8,2.055e+09,10,20.55
1658283881,API3USDT,Buy,62.5,2.059,PlusTick,7ea302a4-57cc-5500-b623-f1b50acaee13,1.286875e+10,62.5,128.6875
1658283881,API3USDT,Buy,100,2.059,ZeroMinusTick,3b26e0c4-8347-53c5-b1b8-c05906422690,2.059e+10,100,205.9
1658283893,API3USDT,Buy,0.1,2.059,ZeroMinusTick,0c19acf1-b526-5b84-9a92-7e696a549898,2.0590000000000004e+07,0.1,0.20590000000000003
1658283990,API3USDT,Sell,48,2.062,PlusTick,7615c751-a054-5555-87c9-54b792ebc5bd,9.8976e+09,48,98.976
1658283990,API3USDT,Buy,62.5,2.063,PlusTick,80c6541e-2e72-5539-aa1a-ef147e471f94,1.289375e+10,62.5,128.9375
1658283990,API3USDT,Buy,100,2.063,ZeroMinusTick,5a6d30c4-3b26-53d9-b05f-33d3eb691452,2.063e+10,100,206.3
1658283990,API3USDT,Buy,62.5,2.064,PlusTick,bbc47710-7b66-50db-b545-633edd7ab5ac,1.29e+10,62.5,129
1658283990,API3USDT,Buy,109.9,2.064,ZeroMinusTick,dbc0ec2d-bf5e-58c8-9652-1b05f61f7d37,2.268336e+10,109.9,226.83360000000002
1658283990,API3USDT,Buy,403.4,2.065,PlusTick,2743a93d-0cb1-5fb4-ac10-f71b45e1ca6a,8.33021e+10,403.4,833.021
1658283990,API3USDT,Buy,20,2.065,ZeroMinusTick,417cf357-8fdc-51e1-8d8d-d41b8d3345a7,4.1299999999999995e+09,20,41.3
1658283993,API3USDT,Sell,49.4,2.060,MinusTick,c772b108-8c51-5aef-8d18-4fb578280fa5,1.01764e+10,49.4,101.764
1658283993,API3USDT,Sell,412.9,2.059,MinusTick,d255d8b2-45c6-52ec-bc9d-a27db8f90b09,8.501611e+10,412.9,850.1611
1658283993,API3USDT,Sell,49.4,2.059,ZeroMinusTick,f04a9ed8-7cee-57cb-9fe4-e6eda08a9c90,1.017146e+10,49.4,101.7146
1658283997,API3USDT,Buy,62.5,2.058,MinusTick,8be61c17-26b5-5235-8529-15f47d32a30c,1.28625e+10,62.5,128.625
1658284013,API3USDT,Buy,10,2.057,MinusTick,7a4e9def-5291-5ae3-8c93-7a71886db651,2.057e+09,10,20.57
1658284021,API3USDT,Buy,100,2.056,MinusTick,6542ba17-2dd7-5861-a7ca-4e9d279ee5b0,2.056e+10,100,205.6
1658284073,API3USDT,Buy,0.1,2.054,MinusTick,6358f1de-9f48-58d3-b9d9-4ddec885f897,2.054e+07,0.1,0.2054
1658284139,API3USDT,Sell,49,2.055,PlusTick,dd1edaa7-9f63-573f-90ca-0bcd4681711d,1.00695e+10,49,100.69500000000001
1658284139,API3USDT,Sell,694,2.053,MinusTick,540eb251-36a2-53fe-807d-587e94b46aa0,1.424782e+11,694,1424.782
1658284139,API3USDT,Sell,135.2,2.053,ZeroMinusTick,33437603-4bf3-5de1-877e-9d384faf46bc,2.7756559999999996e+10,135.2,277.56559999999996
1658284139,API3USDT,Sell,49.4,2.053,ZeroMinusTick,97e16987-2117-51ba-abe2-11c7edd21e25,1.014182e+10,49.4,101.4182
1658284139,API3USDT,Sell,49.4,2.052,MinusTick,95ed72a9-9018-5736-826c-7391c2370338,1.013688e+10,49.4,101.3688
1658284139,API3USDT,Sell,49.4,2.051,MinusTick,8d678809-c2d5-5295-91ae-aabfe1db47b3,1.013194e+10,49.4,101.3194
1658284139,API3USDT,Sell,121.6,2.051,ZeroMinusTick,2419ea2d-5d13-55eb-965c-222a22abcc4c,2.494016e+10,121.6,249.4016
1658284173,API3USDT,Buy,1.8,2.052,PlusTick,81ca2c3e-3cb4-5e85-8c02-fcee894b2aa6,3.6936e+08,1.8,3.6936
1658284190,API3USDT,Buy,133.4,2.052,ZeroMinusTick,7693a62e-8fd7-50d2-ace5-0f587c5d3e19,2.737368e+10,133.4,273.7368
1658284203,API3USDT,Buy,100,2.053,PlusTick,49b673f5-ea9e-5d8d-bdc3-c97f33500291,2.053e+10,100,205.29999999999998
1658284214,API3USDT,Sell,49,2.055,PlusTick,ab02b26a-a758-52a7-9e9b-22dda05ece50,1.00695e+10,49,100.69500000000001
1658284214,API3USDT,Sell,79.1,2.055,ZeroMinusTick,554bfc1a-7a64-5e7c-8e0d-fea080522883,1.625505e+10,79.1,162.5505
1658284238,API3USDT,Sell,49,2.054,MinusTick,d6c76b12-c2a8-5b2e-8020-1a0d35ae220a,1.0064599999999998e+10,49,100.64599999999999
1658284329,API3USDT,Sell,200,2.054,ZeroMinusTick,978382df-a2f9-5d47-8726-6cad45bb4b90,4.107999999999999e+10,200,410.79999999999995
1658284343,API3USDT,Buy,0.1,2.053,MinusTick,44db511c-3dcf-50f8-93bc-d1707c599e86,2.053e+07,0.1,0.2053
1658284359,API3USDT,Buy,62.5,2.052,MinusTick,feac9462-1ba0-5b0e-93d3-b06631a76ad2,1.2825e+10,62.5,128.25
1658284385,API3USDT,Buy,100,2.054,PlusTick,19e56960-76ce-5480-bd1c-171a42afef77,2.0539999999999996e+10,100,205.39999999999998
1658284408,API3USDT,Buy,100,2.057,PlusTick,0e80a7da-66da-51be-a272-ffbc3bc3d8e7,2.057e+10,100,205.7
1658284449,API3USDT,Buy,100,2.060,PlusTick,8cff1f58-6f38-54a1-ac4a-c2b3cd7b0046,2.06e+10,100,206
1658284458,API3USDT,Buy,100,2.061,PlusTick,fcb4facd-8a5a-5495-9735-8df98e1cb23f,2.061e+10,100,206.1
1658284466,API3USDT,Sell,62.5,2.063,PlusTick,13aba740-8434-51cb-9854-e619f41b5777,1.289375e+10,62.5,128.9375
1658284466,API3USDT,Sell,48,2.063,ZeroMinusTick,61c1dd0a-c910-5c13-aac8-2fcab03d0c0e,9.9024e+09,48,99.024
1658284469,API3USDT,Buy,48.1,2.063,ZeroMinusTick,17c1a888-6978-595c-ab2c-cb1c33a03333,9.923030000000002e+09,48.1,99.23030000000001
1658284476,API3USDT,Buy,100,2.064,PlusTick,d1304f58-6ca4-5080-a003-5eab4c75193a,2.064e+10,100,206.4
1658284503,API3USDT,Buy,0.1,2.062,MinusTick,ff1df389-1a58-5728-a575-02a250b0d6ad,2.062e+07,0.1,0.2062
1658284521,API3USDT,Buy,100,2.062,ZeroMinusTick,34c0df7e-d581-56b9-9d26-dca57b4d8185,2.062e+10,100,206.2
1658284521,API3USDT,Buy,100,2.063,PlusTick,0d8eec3a-4e93-505f-b06a-f60ee636e02c,2.063e+10,100,206.3
1658284522,API3USDT,Buy,100,2.063,ZeroMinusTick,c73211e8-0271-5810-9814-c1bd0f02636b,2.063e+10,100,206.3
1658284523,API3USDT,Buy,100,2.062,MinusTick,222cab64-4083-521f-afc3-3f129af111e1,2.062e+10,100,206.2
1658284613,API3USDT,Buy,0.1,2.062,ZeroMinusTick,e28181e4-8ec7-5603-bcd8-88fa85e19879,2.062e+07,0.1,0.2062
1658284638,API3USDT,Sell,49.4,2.060,MinusTick,a9c2bc22-96cc-5855-a49a-b80f80a8a643,1.01764e+10,49.4,101.764
1658284672,API3USDT,Buy,100,2.061,PlusTick,c8c93432-66d7-53b3-83c8-3953bd88c467,2.061e+10,100,206.1
1658284672,API3USDT,Buy,100,2.062,PlusTick,bc1e642b-c33b-5f49-9aac-476c13b43ef7,2.062e+10,100,206.2
1658284672,API3USDT,Buy,62.5,2.063,PlusTick,61d20007-4d45-5027-8cdb-3c58e9e45e91,1.289375e+10,62.5,128.9375
1658284743,API3USDT,Sell,0.3,2.062,MinusTick,c202a65c-e543-5f51-b7b0-23bda594436b,6.185999999999999e+07,0.3,0.6185999999999999
1658284771,API3USDT,Buy,100,2.064,PlusTick,075020c5-d663-53d6-92b3-7f80f3a82983,2.064e+10,100,206.4
1658284771,API3USDT,Buy,62.5,2.064,ZeroMinusTick,ecaaee0f-0e86-592a-876f-7ba14bcacdc5,1.29e+10,62.5,129
1658284771,API3USDT,Buy,423.2,2.065,PlusTick,054c05c7-5be2-5112-845e-86aef723422c,8.739079999999998e+10,423.2,873.9079999999999
1658284771,API3USDT,Buy,396.6,2.065,ZeroMinusTick,4ceabc70-a797-58a9-90ce-994305db6a8f,8.18979e+10,396.6,818.979
1658284771,API3USDT,Buy,62.5,2.065,ZeroMinusTick,5790e113-b73e-5c33-b07f-d1bcada4e080,1.290625e+10,62.5,129.0625
1658284771,API3USDT,Buy,49.4,2.066,PlusTick,142c6d92-7501-5478-972c-f13671e52ede,1.0206039999999998e+10,49.4,102.06039999999999
1658284771,API3USDT,Buy,89.6,2.066,ZeroMinusTick,2d479ec2-006e-564a-a6ef-39ef33dfd6aa,1.8511359999999996e+10,89.6,185.11359999999996
1658284785,API3USDT,Sell,0.3,2.063,MinusTick,70a70d81-940e-5c32-8958-94e3d4a66913,6.189e+07,0.3,0.6189
1658284798,API3USDT,Sell,222,2.063,ZeroMinusTick,e7627d9a-e5fa-50f7-bf9b-31d54984df8d,4.579860000000001e+10,222,457.98600000000005
1658284798,API3USDT,Sell,105.7,2.063,ZeroMinusTick,50176ab6-567a-5bf3-8c7e-3bd186ba5c8e,2.1805910000000004e+10,105.7,218.05910000000003
1658284798,API3USDT,Sell,26,2.063,ZeroMinusTick,696049b0-7a19-5632-8a73-df66fdb1988a,5.363800000000001e+09,26,53.638000000000005
1658284804,API3USDT,Buy,62.5,2.064,PlusTick,90141f81-0ac6-5dab-a895-8a075a5bd10d,1.29e+10,62.5,129
1658284804,API3USDT,Buy,100,2.064,ZeroMinusTick,3b3d47a7-72d7-5d07-850a-e55609104bfa,2.064e+10,100,206.4
1658284804,API3USDT,Buy,62.5,2.065,PlusTick,0b2a735c-82a1-5bf8-a833-8a6f8bc6a503,1.290625e+10,62.5,129.0625
1658284804,API3USDT,Buy,275,2.065,ZeroMinusTick,f2a576f5-2489-5f83-8991-e4fec3a7df26,5.67875e+10,275,567.875
1658284833,API3USDT,Buy,10,2.065,ZeroMinusTick,4d2b7605-901a-57c9-a77a-36b9a52c0385,2.0649999999999998e+09,10,20.65
1658284934,API3USDT,Buy,100,2.067,PlusTick,878bae5f-ebf8-55cb-ab05-45da53f9308c,2.067e+10,100,206.70000000000002
1658284934,API3USDT,Buy,49.4,2.068,PlusTick,e5189751-26f0-5f20-9f6a-686a80f35c26,1.021592e+10,49.4,102.1592
1658284934,API3USDT,Buy,121,2.069,PlusTick,cc9f0aee-5dfc-541d-8ccc-436682164a6b,2.50349e+10,121,250.349
1658284934,API3USDT,Buy,682.1,2.069,ZeroMinusTick,87597ec4-557e-53d1-991b-b2cb5e7956e9,1.4112649e+11,682.1,1411.2649000000001
1658284934,API3USDT,Buy,49.4,2.069,ZeroMinusTick,64348fbe-1cb4-56a9-be56-4e4078e7e57b,1.0220859999999998e+10,49.4,102.20859999999999
1658284934,API3USDT,Buy,134.5,2.073,PlusTick,4140921b-1450-5384-b3be-e45f49a9b09c,2.7881849999999996e+10,134.5,278.8185
1658284934,API3USDT,Sell,0.8,2.070,MinusTick,5ae911ee-ad08-5a89-8ce8-4cf873631cb8,1.656e+08,0.8,1.656
1658284934,API3USDT,Buy,9.3,2.074,PlusTick,8f468573-9989-5d25-b93b-19aefa0d1abb,1.92882e+09,9.3,19.2882
1658284934,API3USDT,Buy,120.7,2.073,MinusTick,8c0aa8d6-5a24-5275-939e-d9e88ac28b55,2.502111e+10,120.7,250.2111
1658284934,API3USDT,Buy,466.8,2.074,PlusTick,d6beb3ff-37a9-53b0-ac51-b02040291f10,9.681432e+10,466.8,968.1432
1658284934,API3USDT,Buy,101.5,2.074,ZeroMinusTick,e17004ee-30a5-5ec2-abd7-9dfd3dfedfa0,2.10511e+10,101.5,210.511
1658284934,API3USDT,Buy,689,2.074,ZeroMinusTick,a3a24def-7b4a-51bd-a20e-3d34fa991f65,1.428986e+11,689,1428.9859999999999
1658284934,API3USDT,Buy,409.5,2.074,ZeroMinusTick,5570ff93-268b-58d0-9784-a3a71ca9c1fa,8.493029999999998e+10,409.5,849.3029999999999
1658284934,API3USDT,Buy,412.9,2.075,PlusTick,162a001e-a25d-5124-9482-dbd6159d05f6,8.567675e+10,412.9,856.7675
1658284939,API3USDT,Sell,25.7,2.073,MinusTick,88c22d8e-f00f-5b2c-9989-6e4c05da9377,5.32761e+09,25.7,53.2761
1658285011,API3USDT,Sell,62.5,2.074,PlusTick,4596cddb-5b57-5a38-9766-8985ede259b9,1.29625e+10,62.5,129.625
1658285011,API3USDT,Sell,79.4,2.074,ZeroMinusTick,5a3e01e2-34ca-5150-9dbe-a0ab714db7e6,1.646756e+10,79.4,164.6756
1658285011,API3USDT,Sell,167.2,2.074,ZeroMinusTick,a49d9fe4-88b0-59a4-983d-696c795a35b1,3.467727999999999e+10,167.2,346.77279999999996
1658285011,API3USDT,Sell,40.8,2.074,ZeroMinusTick,df91a18e-48c9-5b9e-84d0-d6b46fe5d8f2,8.461919999999999e+09,40.8,84.61919999999999
1658285011,API3USDT,Sell,405.2,2.074,ZeroMinusTick,dede5597-0195-56d4-87df-535643f01fdb,8.403848e+10,405.2,840.3847999999999
1658285011,API3USDT,Sell,48,2.074,ZeroMinusTick,99e05ba4-07c5-5d4a-bbb5-057b6fffa1e1,9.9552e+09,48,99.55199999999999
1658285016,API3USDT,Buy,62.5,2.074,ZeroMinusTick,753b389d-6944-5a1f-9e20-427bcf026a73,1.29625e+10,62.5,129.625
1658285016,API3USDT,Buy,46.3,2.074,ZeroMinusTick,7fd05297-c1b2-54a3-9427-7487430e22f4,9.602619999999998e+09,46.3,96.02619999999999
1658285053,API3USDT,Buy,10,2.073,MinusTick,ad7f8f35-5e9d-5570-a5dd-7e48f70481ae,2.073e+09,10,20.73
1658285083,API3USDT,Sell,48,2.072,MinusTick,b8010351-8be6-5b4b-97f8-0208ec114b82,9.9456e+09,48,99.456
1658285103,API3USDT,Buy,100,2.068,MinusTick,07acccae-7345-50e5-b8a6-1ac7c4f22065,2.068e+10,100,206.8
1658285107,API3USDT,Sell,48,2.069,PlusTick,ee7885af-d8c7-563f-b957-5ad685256e57,9.9312e+09,48,99.312
1658285121,API3USDT,Buy,100,2.068,MinusTick,78c4e8e0-8438-5f33-af03-e24ed636e894,2.068e+10,100,206.8
1658285161,API3USDT,Sell,28.8,2.069,PlusTick,4344c689-01ed-5a2d-9f9e-31fa027a73ea,5.95872e+09,28.8,59.5872
1658285172,API3USDT,Buy,1.4,2.068,MinusTick,603fa8ec-fb0b-5326-9895-1b4841ca2d94,2.8952e+08,1.4,2.8952
1658285179,API3USDT,Buy,98.6,2.068,ZeroMinusTick,109a5dd7-3398-5d99-976f-2c65f57f9d2b,2.039048e+10,98.6,203.9048
1658285183,API3USDT,Sell,1,2.068,ZeroMinusTick,f49bd463-d07b-536a-91d3-7a868dc444a9,2.068e+08,1,2.068
1658285224,API3USDT,Sell,32.6,2.066,MinusTick,7cc0920f-8f01-5347-8530-737f76fdef6a,6.735159999999999e+09,32.6,67.35159999999999
1658285224,API3USDT,Sell,39.6,2.066,ZeroMinusTick,468e4baf-e15a-5f4b-b1d0-c7f826c75819,8.181359999999999e+09,39.6,81.8136
1658285224,API3USDT,Sell,48,2.066,ZeroMinusTick,e8968095-9dc8-5e64-aa2a-16a44f558aff,9.9168e+09,48,99.16799999999999
1658285258,API3USDT,Sell,53.4,2.064,MinusTick,1b928beb-543c-5a15-bd2f-538c888403df,1.102176e+10,53.4,110.2176
1658285258,API3USDT,Sell,112.5,2.064,ZeroMinusTick,ad7d2729-8999-5cd6-ba78-1bb665da4688,2.322e+10,112.5,232.20000000000002
1658285258,API3USDT,Sell,25.9,2.064,ZeroMinusTick,7a7777bf-bfe6-5872-a567-843e792a9724,5.34576e+09,25.9,53.4576
1658285258,API3USDT,Sell,48,2.064,ZeroMinusTick,539246f5-6a54-5b07-88ee-db4e59f061d4,9.9072e+09,48,99.072
1658285258,API3USDT,Sell,200,2.062,MinusTick,fca290f9-9e5a-5e78-885f-c292264ccd05,4.124e+10,200,412.4
1658285258,API3USDT,Sell,192.5,2.062,ZeroMinusTick,af6e13df-e977-5664-b660-479a3318d415,3.969349999999999e+10,192.5,396.93499999999995
1658285258,API3USDT,Sell,406.4,2.062,ZeroMinusTick,e2d317f1-347e-5db9-8747-17bfc0a22477,8.379967999999998e+10,406.4,837.9967999999999
1658285258,API3USDT,Sell,49.4,2.062,ZeroMinusTick,7a719a9c-1c93-5089-bf1d-c1ed68fec26b,1.018628e+10,49.4,101.8628
1658285299,API3USDT,Buy,62.5,2.063,PlusTick,064f4d08-6a94-5eaa-b603-7e29f1950bc8,1.289375e+10,62.5,128.9375
1658285302,API3USDT,Sell,24.9,2.062,MinusTick,b51f1229-b707-55f3-a17c-07e3756a3b8f,5.134379999999999e+09,24.9,51.343799999999995
1658285302,API3USDT,Sell,52.4,2.062,ZeroMinusTick,ade03dff-0636-5d6b-a7dc-f1dce1027062,1.0804879999999998e+10,52.4,108.04879999999999
1658285302,API3USDT,Sell,62.5,2.062,ZeroMinusTick,837220f6-a5d0-5eb2-b706-2d7b9015b064,1.28875e+10,62.5,128.875
1658285302,API3USDT,Sell,48,2.062,ZeroMinusTick,0235f89f-f77a-5b25-bc2f-ecf021a0b8a4,9.8976e+09,48,98.976
1658285302,API3USDT,Sell,418.9,2.061,MinusTick,a2c6dd27-960e-5c4f-b610-ab5dc69cfb9b,8.633529e+10,418.9,863.3529
1658285302,API3USDT,Sell,62.5,2.061,ZeroMinusTick,26a0b9aa-640c-5a59-b67b-ee235b30fcb4,1.288125e+10,62.5,128.8125
1658285302,API3USDT,Sell,330.8,2.061,ZeroMinusTick,3eb5e318-ae9c-5796-acbe-b8878112db52,6.817788000000001e+10,330.8,681.7788
1658285303,API3USDT,Buy,0.9,2.064,PlusTick,666b88dd-a773-5b7a-99d4-8cb233ab3777,1.8576e+08,0.9,1.8576000000000001
1658285312,API3USDT,Sell,58.1,2.062,MinusTick,29090076-ce02-5e7a-acaf-c743b587ee3d,1.198022e+10,58.1,119.8022
1658285312,API3USDT,Sell,24.3,2.062,ZeroMinusTick,4bcdabe5-0c7a-549e-954d-33e5d9c663d1,5.01066e+09,24.3,50.1066
1658285312,API3USDT,Sell,24.3,2.062,ZeroMinusTick,8c69e548-cde3-5b87-a01e-e5b6b0186d16,5.01066e+09,24.3,50.1066
1658285315,API3USDT,Buy,24.3,2.062,ZeroMinusTick,e979f0ac-12f5-5877-a450-483725910ac8,5.01066e+09,24.3,50.1066
1658285315,API3USDT,Buy,62.5,2.062,ZeroMinusTick,82ee86ca-82e9-59b5-94f3-8a2c7369ab9b,1.28875e+10,62.5,128.875
1658285315,API3USDT,Buy,100,2.062,ZeroMinusTick,61b13bac-79f9-5000-b7d3-c97e6ca3087f,2.062e+10,100,206.2
1658285315,API3USDT,Buy,62.5,2.063,PlusTick,6487fe79-f497-56bf-9a23-a241bc11c712,1.289375e+10,62.5,128.9375
1658285315,API3USDT,Buy,419.1,2.063,ZeroMinusTick,98703d9d-daf1-5fe9-9b17-8e9cda3758c5,8.646033000000002e+10,419.1,864.6033000000001
1658285315,API3USDT,Buy,331.6,2.064,PlusTick,e86f1176-68a0-5530-9851-28ca574cbabc,6.844224000000001e+10,331.6,684.4224
1658285325,API3USDT,Sell,416.6,2.058,MinusTick,0d33eeb4-49d3-58e3-8f13-266ff36a3549,8.573628e+10,416.6,857.3628
1658285325,API3USDT,Sell,408.7,2.058,ZeroMinusTick,5a3f84aa-70a3-5c85-b52b-e9290047681a,8.411045999999998e+10,408.7,841.1045999999999
1658285325,API3USDT,Sell,39.3,2.058,ZeroMinusTick,be2d8ef3-4b8b-590e-a407-cad7b6e5935d,8.087939999999999e+09,39.3,80.87939999999999
1658285325,API3USDT,Sell,419.8,2.057,MinusTick,01a3a0df-0518-58a1-b0b5-a9e54112e99a,8.635286e+10,419.8,863.5286
1658285325,API3USDT,Sell,262.3,2.057,ZeroMinusTick,4f2a5fff-58c5-5a93-aff1-43dd74d43e79,5.395511e+10,262.3,539.5511
1658285326,API3USDT,Sell,49.4,2.055,MinusTick,63c47b67-5bcb-5eaf-a289-e7a498b23f43,1.0151700000000002e+10,49.4,101.51700000000001
1658285331,API3USDT,Buy,100,2.056,PlusTick,8163941d-3a0a-510c-a32f-a37cc325951f,2.056e+10,100,205.6
1658285332,API3USDT,Buy,49.4,2.057,PlusTick,5d507c8b-99da-524a-bf81-8238fdeaa626,1.016158e+10,49.4,101.6158
1658285359,API3USDT,Buy,49.4,2.060,PlusTick,e078b7aa-6981-52f3-8092-118688a58505,1.01764e+10,49.4,101.764
1658285383,API3USDT,Sell,128.4,2.063,PlusTick,d922231e-2298-5aeb-9abd-02cd320221bf,2.648892e+10,128.4,264.8892
1658285383,API3USDT,Sell,83.1,2.063,ZeroMinusTick,0b2c9499-8a0f-59ec-9151-1d2adcb0eaf2,1.7143530000000002e+10,83.1,171.4353
1658285383,API3USDT,Sell,32,2.063,ZeroMinusTick,d9798658-79e3-52bf-8138-7831f0d4beec,6.601600000000001e+09,32,66.016
1658285413,API3USDT,Sell,2,2.060,MinusTick,bd9cf176-c3cb-5ba7-8629-aa0238a3e7ec,4.12e+08,2,4.12
1658285440,API3USDT,Sell,49,2.059,MinusTick,639f8ee2-b047-55a7-9dd7-d64b68266a5a,1.00891e+10,49,100.891
1658285444,API3USDT,Sell,62.5,2.059,ZeroMinusTick,97ce5fa5-463f-57dc-8720-5f258609109c,1.286875e+10,62.5,128.6875
1658285452,API3USDT,Sell,62.5,2.058,MinusTick,5e94d924-482a-59ae-bb34-4eccc8a512dc,1.28625e+10,62.5,128.625
1658285452,API3USDT,Sell,100,2.058,ZeroMinusTick,6366e8e9-5c97-57f5-b36e-762aa5d80b18,2.058e+10,100,205.79999999999998
1658285452,API3USDT,Sell,364.5,2.057,MinusTick,939ac64a-a76d-51dd-9db4-21f2028be136,7.497765e+10,364.5,749.7764999999999
1658285452,API3USDT,Buy,55.5,2.057,ZeroMinusTick,79e994c6-5bb2-561a-b947-f18a64a0b217,1.141635e+10,55.5,114.1635
1658285452,API3USDT,Buy,55.5,2.057,ZeroMinusTick,8a3eec6c-f411-5823-8713-e9c27393454a,1.141635e+10,55.5,114.1635
1658285452,API3USDT,Buy,55.5,2.057,ZeroMinusTick,8ef1ff7d-947c-5840-b6a0-e3ab3896f713,1.141635e+10,55.5,114.1635
1658285452,API3USDT,Buy,244,2.057,ZeroMinusTick,2c01e377-546d-5248-9fbc-869583502220,5.019079999999999e+10,244,501.90799999999996
1658285493,API3USDT,Buy,0.2,2.060,PlusTick,19afe9c3-c2fc-54d7-9cb2-c2b288d93db6,4.12e+07,0.2,0.41200000000000003
1658285529,API3USDT,Sell,62.5,2.056,MinusTick,0b742ca4-e0c2-5fe9-8c79-72b81b691f74,1.285e+10,62.5,128.5
1658285529,API3USDT,Sell,500,2.056,ZeroMinusTick,fa2f108d-2c00-53ba-b9f9-39f9b290a124,1.028e+11,500,1028
1658285529,API3USDT,Sell,100,2.056,ZeroMinusTick,f82330a8-a794-53db-b752-4260443a9177,2.056e+10,100,205.6
1658285529,API3USDT,Sell,49,2.056,ZeroMinusTick,e0552501-9a6a-50b6-a876-d31383a2a0c1,1.00744e+10,49,100.744
1658285529,API3USDT,Sell,18.1,2.054,MinusTick,b87f2dac-e23f-51b3-b87c-9c1d94465517,3.71774e+09,18.1,37.1774
1658285557,API3USDT,Sell,49.4,2.053,MinusTick,9ec3aee9-18e5-5d09-a4b6-9b340769d48b,1.014182e+10,49.4,101.4182
1658285557,API3USDT,Sell,121.5,2.053,ZeroMinusTick,6a839f9a-2dd6-5efe-be7f-0f1309472419,2.494395e+10,121.5,249.43949999999998
1658285565,API3USDT,Sell,100,2.053,ZeroMinusTick,ed255893-98f1-578e-9a2b-c89b064be506,2.053e+10,100,205.29999999999998
1658285565,API3USDT,Sell,62.5,2.053,ZeroMinusTick,7116ffea-84ee-5780-9fb3-48459a1ae98c,1.283125e+10,62.5,128.3125
1658285565,API3USDT,Sell,27.4,2.053,ZeroMinusTick,36ab870c-16eb-5a85-99b5-df7b19cc7937,5.625219999999999e+09,27.4,56.252199999999995
1658285565,API3USDT,Sell,47.3,2.053,ZeroMinusTick,7f334baf-ae12-506e-b8d2-870909d30caf,9.71069e+09,47.3,97.1069
1658285577,API3USDT,Sell,62.5,2.052,MinusTick,a88189d0-6bfd-5282-b3cf-869b6b46f436,1.2825e+10,62.5,128.25
1658285577,API3USDT,Sell,365.4,2.052,ZeroMinusTick,58b7c12d-1918-596c-90be-abb8e0e65c9f,7.498008e+10,365.4,749.8008
1658285577,API3USDT,Sell,76.6,2.052,ZeroMinusTick,8526b769-ce92-5f99-8352-42330933512a,1.571832e+10,76.6,157.1832
1658285577,API3USDT,Sell,100,2.052,ZeroMinusTick,1939a15d-9bdc-5793-939c-59328ee8da19,2.052e+10,100,205.20000000000002
1658285594,API3USDT,Sell,158.3,2.051,MinusTick,b831e2ab-bd0e-554b-b704-e73e713346c0,3.2467330000000004e+10,158.3,324.67330000000004
1658285626,API3USDT,Sell,49,2.052,PlusTick,7d9589f6-1e49-5137-998a-8e322abac61b,1.00548e+10,49,100.548
1658285626,API3USDT,Sell,62.5,2.051,MinusTick,5e9efbc9-c995-55ef-8756-e70497bc7b47,1.281875e+10,62.5,128.1875
1658285654,API3USDT,Buy,62.5,2.050,MinusTick,e9514576-aa94-5d6f-8d4e-4b2c8a015890,1.28125e+10,62.5,128.125
1658285659,API3USDT,Sell,49,2.052,PlusTick,c59fb142-96d8-5e9a-892a-ed2e7b1985f3,1.00548e+10,49,100.548
1658285663,API3USDT,Sell,100,2.051,MinusTick,b5cd3fb0-ca0f-5c58-b4ff-39cdb54df539,2.0510000000000004e+10,100,205.10000000000002
1658285673,API3USDT,Buy,1.3,2.051,ZeroMinusTick,f7826b19-ab3c-5ad8-9fe8-30288dd9ac27,2.6663e+08,1.3,2.6663
1658285674,API3USDT,Buy,460.9,2.051,ZeroMinusTick,abc74722-de6a-50ca-8771-1c9090fac1b0,9.453059e+10,460.9,945.3059000000001
1658285674,API3USDT,Buy,437.8,2.051,ZeroMinusTick,a6ca5d85-1c90-5c3f-8f82-3a791c3e728d,8.979278e+10,437.8,897.9278
1658285675,API3USDT,Sell,100,2.052,PlusTick,998746cf-338c-5375-a4a3-2893584f4bec,2.052e+10,100,205.20000000000002
1658285701,API3USDT,Buy,365.1,2.054,PlusTick,152af596-3e21-5894-8f06-c749bb8c2c45,7.499154e+10,365.1,749.9154
1658285703,API3USDT,Buy,49.4,2.055,PlusTick,971182cf-e9c4-5fdf-9bf2-e16a4a27b5a0,1.0151700000000002e+10,49.4,101.51700000000001
1658285703,API3USDT,Buy,118.7,2.055,ZeroMinusTick,989b9dcf-edb0-5e33-90aa-9c1c2eaccfc6,2.439285e+10,118.7,243.9285
1658285804,API3USDT,Sell,49,2.057,PlusTick,590a61a7-21ba-5d98-8c79-5d735fd7cd4f,1.00793e+10,49,100.79299999999999
1658285804,API3USDT,Sell,100,2.057,ZeroMinusTick,d879a7ef-32f0-5fba-affb-4c5a0c256584,2.057e+10,100,205.7
1658285804,API3USDT,Sell,49.4,2.054,MinusTick,aea53af8-9eb1-56bf-a086-1fdd4514737b,1.0146759999999998e+10,49.4,101.46759999999999
1658285804,API3USDT,Sell,100,2.054,ZeroMinusTick,118a8fd7-38b7-515f-aff6-20c8ac463b0e,2.0539999999999996e+10,100,205.39999999999998
1658285804,API3USDT,Sell,49.4,2.053,MinusTick,14db13f5-fd13-571b-b53b-fbf14c780004,1.014182e+10,49.4,101.4182
1658285859,API3USDT,Sell,100,2.049,MinusTick,2ff5f480-1fd4-5d1a-9d49-dfcb1d787861,2.049e+10,100,204.9
1658285871,API3USDT,Sell,100,2.044,MinusTick,8f77dc9a-5a17-564f-9620-c88f1e11ba21,2.044e+10,100,204.4
1658285897,API3USDT,Sell,100,2.043,MinusTick,1f54c1bd-90ba-5fe9-8219-1860b6cccafd,2.043e+10,100,204.3
1658285903,API3USDT,Sell,1.5,2.042,MinusTick,9c9d7fad-92c9-580f-9080-7231d67001e7,3.063e+08,1.5,3.0629999999999997
1658285955,API3USDT,Buy,12.4,2.047,PlusTick,fe8592a6-f60e-5bf0-8298-ef55fad39a5d,2.5382800000000005e+09,12.4,25.382800000000003
1658285956,API3USDT,Buy,25.7,2.047,ZeroMinusTick,f4d59e57-e387-560e-9114-dd1da44e8e29,5.26079e+09,25.7,52.6079
1658285965,API3USDT,Buy,49.4,2.049,PlusTick,ba712b46-f746-54f5-996e-4ff0f9ed0519,1.0122059999999998e+10,49.4,101.22059999999999
1658285987,API3USDT,Sell,100,2.047,MinusTick,7038a2fe-2518-5b28-8d38-6dfacc4c7e74,2.047e+10,100,204.70000000000002
1658286006,API3USDT,Buy,62.5,2.048,PlusTick,aa9d27d5-ef77-526a-b89f-31d22f423e44,1.28e+10,62.5,128
1658286006,API3USDT,Buy,48.8,2.048,ZeroMinusTick,caf18f27-1cf2-50dc-9983-c134e51c031c,9.99424e+09,48.8,99.94239999999999
1658286006,API3USDT,Buy,49.4,2.049,PlusTick,6ff848a9-cfdd-5635-a276-8797595280df,1.0122059999999998e+10,49.4,101.22059999999999
1658286009,API3USDT,Buy,62.5,2.050,PlusTick,4200981c-0b4d-5378-92f8-75b03a0165f3,1.28125e+10,62.5,128.125
1658286009,API3USDT,Buy,28,2.051,PlusTick,d4a18826-1a40-586d-9500-4ffef715bd1a,5.7428e+09,28,57.428000000000004
1658286013,API3USDT,Sell,0.2,2.049,MinusTick,b70bab7c-c707-5cc1-a68e-8332c8873d7a,4.098e+07,0.2,0.4098
1658286059,API3USDT,Sell,23,2.049,ZeroMinusTick,592f0a7b-7dc3-50cd-97bb-0d4bd5516af8,4.7127e+09,23,47.126999999999995
1658286069,API3USDT,Sell,100,2.049,ZeroMinusTick,dafd74f3-2658-5f84-bb55-8e786f603df0,2.049e+10,100,204.9
1658286072,API3USDT,Buy,48.8,2.051,PlusTick,274ddefa-fa58-51fe-8ea0-296fe4fd1bc1,1.000888e+10,48.8,100.0888
1658286074,API3USDT,Buy,48.8,2.052,PlusTick,6c4a016c-c4ff-5cc6-ab46-440e8cdd85d6,1.001376e+10,48.8,100.13759999999999
1658286080,API3USDT,Buy,48.8,2.054,PlusTick,18f57fce-45ff-509d-8110-1cd8edb25a63,1.002352e+10,48.8,100.23519999999999
1658286081,API3USDT,Buy,47.7,2.055,PlusTick,1331d84d-e6bf-51e6-8b6b-a801ea286452,9.802350000000002e+09,47.7,98.02350000000001
1658286081,API3USDT,Buy,1.1,2.055,ZeroMinusTick,011911e7-b0ad-52b6-8671-629e3803c916,2.2605000000000003e+08,1.1,2.2605000000000004
1658286119,API3USDT,Buy,17.4,2.058,PlusTick,37798333-3ea7-58bb-9e9a-932b535eb69e,3.5809199999999995e+09,17.4,35.8092
1658286163,API3USDT,Buy,0.5,2.050,MinusTick,b903f510-347b-5e8f-8150-77ea5f52e823,1.0249999999999999e+08,0.5,1.025
1658286187,API3USDT,Sell,62.5,2.050,ZeroMinusTick,d1c50d6a-0f7c-5806-9d82-02a850a7c939,1.28125e+10,62.5,128.125
1658286187,API3USDT,Sell,3,2.050,ZeroMinusTick,4eab2de0-8d67-5f57-809f-921b20e126b7,6.15e+08,3,6.1499999999999995
1658286327,API3USDT,Buy,37.5,2.047,MinusTick,14be7b26-1c84-562f-82ac-1bb599265cec,7.67625e+09,37.5,76.7625
1658286327,API3USDT,Buy,213.1,2.047,ZeroMinusTick,464c16f8-2d6e-5b14-b6e5-1fc6cfab8802,4.362157e+10,213.1,436.2157
1658286351,API3USDT,Sell,100,2.048,PlusTick,4ece5550-cb82-5079-bacb-96385dd5c9f1,2.048e+10,100,204.8
1658286363,API3USDT,Sell,0.1,2.046,MinusTick,1dc79832-db84-5259-9a4d-ef2f9d99709e,2.046e+07,0.1,0.2046
1658286401,API3USDT,Sell,62.5,2.045,MinusTick,762bd480-04fd-5d11-9dbd-df2578704ae4,1.278125e+10,62.5,127.8125
1658286401,API3USDT,Sell,49,2.045,ZeroMinusTick,2b80ee04-ab08-5004-95a2-51411204e385,1.00205e+10,49,100.205
1658286401,API3USDT,Sell,48.8,2.043,MinusTick,c40735f2-1381-52d1-956b-3e5a99188555,9.96984e+09,48.8,99.6984
1658286431,API3USDT,Sell,44.1,2.044,PlusTick,d988fb60-c2eb-55b1-bdda-c34c88d42d2e,9.01404e+09,44.1,90.1404
1658286431,API3USDT,Sell,4.9,2.044,ZeroMinusTick,f14a32ee-e086-5d55-bf76-362fb82e7ff2,1.0015600000000001e+09,4.9,10.015600000000001
1658286431,API3USDT,Sell,100,2.043,MinusTick,e7c2c453-e5c5-58e9-a5fa-ba6008c41808,2.043e+10,100,204.3
1658286432,API3USDT,Sell,48.8,2.041,MinusTick,832350ef-9c79-56f3-8cec-26dcc4ec1cfc,9.96008e+09,48.8,99.60079999999999
1658286448,API3USDT,Buy,400.2,2.042,PlusTick,41c0a5b1-2a86-54f1-8bba-b088c455a67f,8.172083999999998e+10,400.2,817.2083999999999
1658286448,API3USDT,Buy,415.2,2.042,ZeroMinusTick,bee7e04c-b467-5f82-a163-bb4d82746b5a,8.478383999999998e+10,415.2,847.8383999999999
1658286448,API3USDT,Buy,100,2.042,ZeroMinusTick,d35e7d5b-dc5d-5cf2-ae6b-1876c3e2c4cc,2.042e+10,100,204.2
1658286448,API3USDT,Buy,106.6,2.043,PlusTick,9f4d7a62-2adb-5255-afff-e5549bb8d734,2.177838e+10,106.6,217.7838
1658286503,API3USDT,Buy,2,2.044,PlusTick,d5d906e0-f898-5882-94a9-4cd53822da01,4.088e+08,2,4.088
1658286516,API3USDT,Sell,62.5,2.044,ZeroMinusTick,1c859069-b035-5c67-8c23-72b9bf90712a,1.2775e+10,62.5,127.75
1658286536,API3USDT,Sell,0.1,2.043,MinusTick,3fe0bebd-bbfb-5452-b417-751ecf989945,2.0430000000000004e+07,0.1,0.20430000000000004
1658286536,API3USDT,Sell,48.7,2.043,ZeroMinusTick,8a143e03-640d-5fc4-b393-b8a8b9cdb4ad,9.949410000000002e+09,48.7,99.49410000000002
1658286536,API3USDT,Sell,48.8,2.042,MinusTick,a7550c87-9501-54bc-a5a8-fb43f4f39214,9.964959999999998e+09,48.8,99.64959999999998
1658286536,API3USDT,Sell,71.2,2.041,MinusTick,d19a0a68-905f-5957-8881-c7b803921a37,1.453192e+10,71.2,145.3192
1658286536,API3USDT,Sell,811.9,2.041,ZeroMinusTick,f90e3a61-f97e-5144-90d1-d56efef64762,1.6570879e+11,811.9,1657.0879
1658286536,API3USDT,Sell,48.8,2.040,MinusTick,0578973e-0970-54f7-82b6-d3f17d469c10,9.9552e+09,48.8,99.55199999999999
1658286536,API3USDT,Sell,122.3,2.040,ZeroMinusTick,890e3cdc-e398-5d00-8cc2-18e667ab105c,2.49492e+10,122.3,249.492
1658286537,API3USDT,Buy,100,2.040,ZeroMinusTick,c4196c0a-cc8a-5577-91d4-c386a0ea4838,2.04e+10,100,204
1658286570,API3USDT,Buy,100,2.041,PlusTick,609d7e92-4cb1-565d-af97-32b2d2ac3874,2.041e+10,100,204.1
1658286570,API3USDT,Buy,62.5,2.041,ZeroMinusTick,65fb1cff-3bcc-5ac4-8b22-dbfc0845b9b4,1.275625e+10,62.5,127.5625
1658286570,API3USDT,Buy,357.5,2.041,ZeroMinusTick,199c55ca-4755-5ffa-91f4-cffad938e17c,7.296575e+10,357.5,729.6575
1658286570,API3USDT,Buy,100,2.042,PlusTick,66bb7f6c-7275-5a92-8449-a00a0c8b7355,2.042e+10,100,204.2
1658286603,API3USDT,Buy,1.3,2.048,PlusTick,cf1a9d5f-8a0a-58e1-8b67-d6674f81e359,2.6624000000000003e+08,1.3,2.6624000000000003
1658286669,API3USDT,Sell,48.8,2.044,MinusTick,a44884bf-22b1-5170-bb9b-2bc209495eaa,9.97472e+09,48.8,99.74719999999999
1658286743,API3USDT,Buy,0.4,2.047,PlusTick,e272f1f2-b4c7-58c6-9383-8a10bd9eec75,8.188000000000001e+07,0.4,0.8188000000000001
1658286913,API3USDT,Buy,0.2,2.045,MinusTick,f9136851-6e90-5995-95eb-80d165f7f194,4.09e+07,0.2,0.40900000000000003
1658286947,API3USDT,Buy,71.2,2.045,ZeroMinusTick,7885e233-a78b-5a37-9528-a8dbed667fdc,1.4560400000000002e+10,71.2,145.604
1658286947,API3USDT,Buy,28.8,2.045,ZeroMinusTick,b3a24bb7-a41e-5023-8f27-a43f367a6526,5.8896e+09,28.8,58.896
1658286954,API3USDT,Buy,48.8,2.048,PlusTick,dc797ba0-d43e-5fa6-b7bd-ba0d82c5df4d,9.99424e+09,48.8,99.94239999999999
1658286955,API3USDT,Sell,62.5,2.048,ZeroMinusTick,dbfb9956-825a-54bf-a19b-86d2d6c2b0d6,1.28e+10,62.5,128
1658286955,API3USDT,Sell,100,2.048,ZeroMinusTick,9aaa5928-0d1e-5bd1-b62f-705a6e07c3a8,2.048e+10,100,204.8
1658287053,API3USDT,Sell,0.1,2.046,MinusTick,ff0f1fd6-74fe-5afa-a469-bbb09d0346f0,2.046e+07,0.1,0.2046
1658287133,API3USDT,Buy,10,2.047,PlusTick,b9147348-07bc-5b0e-a05f-3a2f172185c1,2.0470000000000002e+09,10,20.470000000000002
1658287293,API3USDT,Sell,0.6,2.046,MinusTick,8d7e0933-6a0d-5f92-90fb-e19a2505ee88,1.2275999999999999e+08,0.6,1.2275999999999998
1658287321,API3USDT,Buy,100,2.045,MinusTick,501b042d-1f27-53e8-b149-e2f725175b9a,2.045e+10,100,204.5
1658287389,API3USDT,Sell,48.8,2.044,MinusTick,4c0115fc-b045-5ef2-8fd7-ecfcf85d7091,9.97472e+09,48.8,99.74719999999999
1658287392,API3USDT,Buy,100,2.044,ZeroMinusTick,bc96b6ea-56c4-5cfc-a2fd-27e5aa81a822,2.044e+10,100,204.4
1658287413,API3USDT,Buy,1.8,2.045,PlusTick,18f04083-5487-5600-81b7-0f9f98d98843,3.681e+08,1.8,3.681
1658287423,API3USDT,Sell,48.8,2.043,MinusTick,e10dfe85-2acd-535c-ae65-c2fe1bfe4ede,9.96984e+09,48.8,99.6984
1658287503,API3USDT,Sell,1.6,2.044,PlusTick,605080f5-6822-5d05-ba6c-132c48ab0213,3.2704000000000006e+08,1.6,3.2704000000000004
1658287570,API3USDT,Sell,62.5,2.043,MinusTick,3c6eb5d0-c4e9-5875-92a8-6cd711e40a2d,1.2768750000000002e+10,62.5,127.68750000000001
1658287571,API3USDT,Sell,48.8,2.042,MinusTick,44ca4a1a-bba1-575d-8bb9-e168f5fd9133,9.964959999999998e+09,48.8,99.64959999999998
1658287571,API3USDT,Sell,48.8,2.041,MinusTick,31edbb48-8933-5bb6-8e79-36daef68010c,9.96008e+09,48.8,99.60079999999999
1658287572,API3USDT,Sell,48.8,2.039,MinusTick,0cb17f85-a201-5124-8997-5e16f8c8e618,9.95032e+09,48.8,99.5032
1658287573,API3USDT,Buy,100,2.039,ZeroMinusTick,18bc9da8-6cbd-5722-860e-5ea8ba904035,2.039e+10,100,203.9
1658287620,API3USDT,Sell,62.5,2.042,PlusTick,3ca2740f-a9cb-5808-9baa-ab6ac243f6e8,1.2762499999999998e+10,62.5,127.62499999999999
1658287620,API3USDT,Sell,48.8,2.041,MinusTick,5db5705b-b675-519c-9e5e-af22c8ef820b,9.96008e+09,48.8,99.60079999999999
1658287627,API3USDT,Sell,62.5,2.041,ZeroMinusTick,cc89888d-f799-5557-b7bd-39541dfba9b7,1.275625e+10,62.5,127.5625
1658287627,API3USDT,Sell,100,2.041,ZeroMinusTick,eda70447-a08b-5241-96b8-978d9974226b,2.041e+10,100,204.1
1658287627,API3USDT,Sell,428.8,2.040,MinusTick,08fdcffd-8fbb-5b1f-8802-4ee11a0c19af,8.74752e+10,428.8,874.7520000000001
1658287627,API3USDT,Sell,388.1,2.040,ZeroMinusTick,c05013a1-69ed-5246-ada7-cd94da7a564d,7.91724e+10,388.1,791.724
1658287627,API3USDT,Sell,48.8,2.039,MinusTick,8273ab20-7457-5397-abdc-5dd9753e99bb,9.95032e+09,48.8,99.5032
1658287627,API3USDT,Sell,62.5,2.039,ZeroMinusTick,f9bdeb3c-edda-5b6c-805e-23ceb52a186f,1.2743750000000002e+10,62.5,127.43750000000001
1658287627,API3USDT,Sell,626,2.039,ZeroMinusTick,54a10d9c-2816-5828-81b4-39bf6cea6732,1.276414e+11,626,1276.414
1658287627,API3USDT,Sell,48.8,2.038,MinusTick,fb028549-4174-5347-8988-b8f1bcdf2c7c,9.945439999999998e+09,48.8,99.45439999999998
1658287628,API3USDT,Buy,100,2.039,PlusTick,c05e2d64-2af8-5cf3-96d6-9ff65ac56b71,2.039e+10,100,203.9
1658287635,API3USDT,Sell,33,2.040,PlusTick,c6ba4fea-799e-512c-b272-1a031beeb329,6.732000000000001e+09,33,67.32000000000001
1658287642,API3USDT,Buy,48.8,2.043,PlusTick,2808e168-f38e-509e-a7a5-e371ec73e316,9.96984e+09,48.8,99.6984
1658287672,API3USDT,Sell,62.5,2.044,PlusTick,f76fde1a-18da-526d-b291-160c029ab5e6,1.2775e+10,62.5,127.75
1658287672,API3USDT,Sell,62.5,2.044,ZeroMinusTick,cddf7011-abb3-58bb-ad59-54297218fc65,1.2775e+10,62.5,127.75
1658287672,API3USDT,Sell,62.5,2.044,ZeroMinusTick,0510ab9c-5b79-5401-b675-0e6b0e0deea1,1.2775e+10,62.5,127.75
1658287810,API3USDT,Sell,17.3,2.047,PlusTick,836510f2-28b8-53df-9b04-84eb8868f708,3.5413100000000005e+09,17.3,35.41310000000001
1658287833,API3USDT,Sell,0.1,2.045,MinusTick,3d8803d2-f669-5273-b0b5-55c01d5a5766,2.045e+07,0.1,0.20450000000000002
1658287836,API3USDT,Buy,100,2.046,PlusTick,ac6cce14-de13-514a-a400-c85ccb54afb2,2.046e+10,100,204.6
1658287836,API3USDT,Buy,415.5,2.047,PlusTick,3cb533ae-f6f5-5907-a63f-b49db47ca385,8.505285e+10,415.5,850.5285
1658287836,API3USDT,Buy,100,2.047,ZeroMinusTick,67b6fea0-5cf6-54ef-aedf-22a74ee691a6,2.047e+10,100,204.70000000000002
1658287836,API3USDT,Buy,41.5,2.047,ZeroMinusTick,44deca01-4506-5fed-b86f-8cac06810d40,8.495050000000001e+09,41.5,84.9505
1658287843,API3USDT,Buy,399.3,2.049,PlusTick,a4033ba0-5a5a-516a-b6f2-48ba171b5e3e,8.181657e+10,399.3,818.1657
1658287843,API3USDT,Buy,412.1,2.049,ZeroMinusTick,6c3834d7-ae8a-5674-990f-e7feb336cd78,8.443929e+10,412.1,844.3929
1658287843,API3USDT,Buy,48.8,2.049,ZeroMinusTick,cdfc0a39-5db7-56f0-9493-5de7e89eb33e,9.99912e+09,48.8,99.99119999999999
1658287843,API3USDT,Buy,100,2.049,ZeroMinusTick,0d4c9c6a-bada-543b-a9c4-6dea0b36cb19,2.049e+10,100,204.9
1658287868,API3USDT,Sell,48.8,2.045,MinusTick,3e7a14f7-906c-5f35-9bb3-394c11e5d29d,9.9796e+09,48.8,99.79599999999999
1658287876,API3USDT,Buy,100,2.046,PlusTick,87af3ea8-57a1-5790-a554-482df795133e,2.046e+10,100,204.6
1658287931,API3USDT,Buy,62.5,2.045,MinusTick,3f829af8-acf2-5978-a78b-06d7cc27c7c9,1.278125e+10,62.5,127.8125
1658287984,API3USDT,Buy,100,2.050,PlusTick,181a3448-5265-57ee-95a5-f9b6bfd94989,2.0499999999999996e+10,100,204.99999999999997
1658287997,API3USDT,Sell,100,2.049,MinusTick,4a153a27-ec94-56da-8270-eac3695ee251,2.049e+10,100,204.9
1658288003,API3USDT,Sell,1.9,2.048,MinusTick,45c7041f-c2d5-5a7f-b121-f449857c2bcf,3.8912e+08,1.9,3.8912
1658288019,API3USDT,Sell,60.6,2.048,ZeroMinusTick,3d1138ff-f676-58ce-a96d-11b9236926e4,1.241088e+10,60.6,124.1088
1658288067,API3USDT,Sell,366.9,2.044,MinusTick,f3a02632-11ca-5c96-9dc4-0329ad97b2c4,7.499436e+10,366.9,749.9436
1658288173,API3USDT,Sell,1,2.043,MinusTick,c02a49e8-de78-58ac-b7b0-904f6a3aba84,2.0430000000000003e+08,1,2.043
1658288233,API3USDT,Sell,1,2.044,PlusTick,53018a5b-7160-52b7-828b-f37268a43a6f,2.044e+08,1,2.044
1658288243,API3USDT,Buy,100,2.044,ZeroMinusTick,d4d032c7-90df-5142-b433-b25dc37d7fbe,2.044e+10,100,204.4
1658288261,API3USDT,Sell,367,2.043,MinusTick,0e61cb60-e744-546b-adac-71249165b0e7,7.49781e+10,367,749.7810000000001
1658288261,API3USDT,Sell,48.8,2.042,MinusTick,802d26b5-5dbb-5fb8-a459-e0b2671256df,9.964959999999998e+09,48.8,99.64959999999998
1658288423,API3USDT,Sell,1.2,2.046,PlusTick,d68f25ca-bf02-5c47-8f5f-3dbf7193a1e9,2.4551999999999997e+08,1.2,2.4551999999999996
1658288493,API3USDT,Sell,1.5,2.043,MinusTick,3c57cca8-2a45-5145-b2cb-e93aff4ec59e,3.0645e+08,1.5,3.0645000000000002
1658288537,API3USDT,Buy,100,2.046,PlusTick,19ca3900-9410-5ccd-9d36-ceb7bb701ef1,2.046e+10,100,204.6
1658288673,API3USDT,Buy,0.1,2.044,MinusTick,bc15a0b8-1f66-51ce-8939-59325c896a4a,2.0440000000000004e+07,0.1,0.20440000000000003
1658288710,API3USDT,Buy,62.5,2.044,ZeroMinusTick,b84281a2-012d-5bca-9bf6-9e15852d9982,1.2775e+10,62.5,127.75
1658288732,API3USDT,Buy,62.5,2.047,PlusTick,5f6b8057-6e05-554e-ab91-b5daada6bf0c,1.2793750000000002e+10,62.5,127.93750000000001
1658288753,API3USDT,Buy,0.1,2.049,PlusTick,cc1f9eb4-d933-56bd-b234-61d6a10925fb,2.049e+07,0.1,0.2049
1658288753,API3USDT,Buy,0.1,2.049,ZeroMinusTick,f1a13c2c-965e-53e8-b02e-002764af41e6,2.049e+07,0.1,0.2049
1658288796,API3USDT,Sell,395.5,2.047,MinusTick,0d8786d5-e63f-56a2-bda7-837659cf70ac,8.095885e+10,395.5,809.5885000000001
1658288796,API3USDT,Sell,604.5,2.047,ZeroMinusTick,df681a04-87b6-575b-bc67-873e874b2eb9,1.2374115000000002e+11,604.5,1237.4115000000002
1658288796,API3USDT,Sell,937.5,2.047,ZeroMinusTick,c2971200-18e9-588d-911f-545ee109efed,1.9190625000000003e+11,937.5,1919.0625000000002
1658288797,API3USDT,Sell,389.7,2.046,MinusTick,4e72bd87-fc55-59ab-9f61-b60887a07d43,7.973261999999998e+10,389.7,797.3261999999999
1658288797,API3USDT,Sell,37.3,2.045,MinusTick,5d9f3ea2-364f-5dd2-8ba5-6cfd58573474,7.627849999999999e+09,37.3,76.2785
1658288797,API3USDT,Sell,387.1,2.045,ZeroMinusTick,c35682ed-cc33-5639-a16c-0a3df2791810,7.916195e+10,387.1,791.6195
1658288797,API3USDT,Sell,96.2,2.045,ZeroMinusTick,b488f7dc-a986-5834-be23-cc172d50b380,1.96729e+10,96.2,196.72899999999998
1658288797,API3USDT,Sell,3.8,2.045,ZeroMinusTick,33486822-e33a-55e4-a027-797784e12f18,7.770999999999999e+08,3.8,7.770999999999999
1658288803,API3USDT,Sell,10,2.044,MinusTick,f4bcb838-2ae1-5843-ad96-8e21d5fd55c6,2.0440000000000002e+09,10,20.44
1658288983,API3USDT,Sell,0.3,2.040,MinusTick,cf251c45-da96-5b24-a726-1d18864a0a64,6.12e+07,0.3,0.612
1658289043,API3USDT,Sell,0.1,2.039,MinusTick,3bbdc407-50e9-567e-95a1-803e97e99351,2.0390000000000004e+07,0.1,0.20390000000000003
1658289153,API3USDT,Buy,62.5,2.035,MinusTick,a902e34e-0831-51f7-94e4-2f74b813a82e,1.2718750000000002e+10,62.5,127.18750000000001
1658289154,API3USDT,Sell,62.5,2.036,PlusTick,26ac0fb3-c7ba-5758-a8c5-8845221f58d1,1.2725e+10,62.5,127.25
1658289154,API3USDT,Sell,62.5,2.036,ZeroMinusTick,b105bd9d-4b4b-5a35-be55-92fbe3faa79d,1.2725e+10,62.5,127.25
1658289154,API3USDT,Sell,62.5,2.036,ZeroMinusTick,77ca8557-048e-5eb4-a5c5-ab8d169bd8b0,1.2725e+10,62.5,127.25
1658289203,API3USDT,Buy,0.1,2.037,PlusTick,c5fe75fe-3082-592a-b751-7d1e3025c646,2.037e+07,0.1,0.2037
1658289413,API3USDT,Sell,0.1,2.038,PlusTick,b4a45ed7-a38f-5a0c-9180-d6d33c29cdad,2.0379999999999996e+07,0.1,0.20379999999999998
1658289451,API3USDT,Buy,100,2.039,PlusTick,42e43761-3874-5f36-ae6f-d27789b2d1da,2.039e+10,100,203.9
1658289499,API3USDT,Buy,100,2.038,MinusTick,b710888a-594f-5e0b-a4fc-287ac10fe63a,2.038e+10,100,203.79999999999998
1658289563,API3USDT,Buy,1.2,2.039,PlusTick,973840bc-d64c-5a0f-b21a-ec3d24ca7ece,2.4468e+08,1.2,2.4468
1658289646,API3USDT,Sell,4.8,2.041,PlusTick,f0387987-9473-5cf6-98da-39269a22f646,9.796799999999999e+08,4.8,9.7968
1658289663,API3USDT,Sell,0.1,2.041,ZeroMinusTick,0826f4ed-44dc-5130-8392-abdc2a931416,2.041e+07,0.1,0.2041
1658289696,API3USDT,Sell,100,2.043,PlusTick,d482b243-11e7-52c4-ba3e-88f1ba23967f,2.043e+10,100,204.3
1658289735,API3USDT,Sell,460.7,2.041,MinusTick,d969b7b9-65ef-5cb2-827b-d0b288eeb73c,9.402887e+10,460.7,940.2887
1658289735,API3USDT,Sell,87.3,2.041,ZeroMinusTick,ec3bc218-e2cd-5f5e-9d9d-154fa418b016,1.781793e+10,87.3,178.17929999999998
1658289817,API3USDT,Sell,457,2.040,MinusTick,847e1a7f-157e-551d-b5cf-64bbda9f01e4,9.3228e+10,457,932.28
1658289903,API3USDT,Sell,0.5,2.040,ZeroMinusTick,6d7764fd-bafc-5edb-ade8-ef7ed5d8c580,1.02e+08,0.5,1.02
1658289981,API3USDT,Sell,62.5,2.042,PlusTick,d65a7f26-9fe1-5cb7-97d2-730c0e0eea4c,1.2762499999999998e+10,62.5,127.62499999999999
1658289983,API3USDT,Sell,0.1,2.041,MinusTick,3fdbd969-938d-55a5-bdf4-d874349c0724,2.041e+07,0.1,0.2041
1658289992,API3USDT,Buy,399.9,2.043,PlusTick,18894329-8932-5358-a323-7fe8b9d4075a,8.169957e+10,399.9,816.9957
1658289992,API3USDT,Buy,418.2,2.043,ZeroMinusTick,2fb31ad2-e2ee-5ed4-a871-96657b8a8bae,8.543826e+10,418.2,854.3826
1658289992,API3USDT,Buy,62.5,2.043,ZeroMinusTick,d77f5d2f-2bcc-5682-8084-bb5bb7d4b829,1.2768750000000002e+10,62.5,127.68750000000001
1658289992,API3USDT,Buy,100,2.043,ZeroMinusTick,ff248e87-9d3f-54b8-be8c-cd6897f79a9d,2.043e+10,100,204.3
1658289992,API3USDT,Buy,14.4,2.043,ZeroMinusTick,5149edad-43d1-55bc-9430-2ccf682903db,2.9419200000000005e+09,14.4,29.419200000000004
1658289994,API3USDT,Buy,0.4,2.044,PlusTick,055cf6d3-ec1b-55cc-acc5-b9c6ebb8a868,8.176000000000001e+07,0.4,0.8176000000000001
1658290072,API3USDT,Buy,49.1,2.042,MinusTick,9f0b3c77-e062-5932-8916-4002368eefcf,1.002622e+10,49.1,100.26219999999999
1658290072,API3USDT,Buy,49,2.042,ZeroMinusTick,e5a0257d-a677-5b8c-ab87-9beec80545d4,1.00058e+10,49,100.05799999999999
1658290084,API3USDT,Buy,62.5,2.043,PlusTick,414cb419-e6d8-5164-b1c6-5b6b6625e907,1.2768750000000002e+10,62.5,127.68750000000001
1658290084,API3USDT,Buy,48.7,2.044,PlusTick,29a93267-fd58-5880-ab55-f6a1150b7f4b,9.954280000000002e+09,48.7,99.54280000000001
1658290084,API3USDT,Buy,100,2.044,ZeroMinusTick,3096056f-3aaf-5c98-88df-7e61fa55e8ea,2.044e+10,100,204.4
1658290084,API3USDT,Buy,39.3,2.045,PlusTick,80f97ac0-75e9-536f-96d1-035958e1c257,8.03685e+09,39.3,80.3685
1658290126,API3USDT,Buy,49,2.043,MinusTick,13c1d7be-fa42-517c-88c0-28ae36f763b5,1.0010700000000002e+10,49,100.10700000000001
1658290142,API3USDT,Buy,418,2.044,PlusTick,129c5af4-aaca-5bd3-8fb2-24d3c5732fad,8.54392e+10,418,854.392
1658290142,API3USDT,Buy,100,2.044,ZeroMinusTick,f3d52422-72de-56cc-a598-606280a37e9f,2.044e+10,100,204.4
1658290142,API3USDT,Buy,366.9,2.044,ZeroMinusTick,3497a59c-b58f-5bc7-b788-324e3206d63f,7.499436e+10,366.9,749.9436
1658290142,API3USDT,Buy,62.5,2.044,ZeroMinusTick,9f742df4-efe4-5365-94ab-d60a6b29c7f4,1.2775e+10,62.5,127.75
1658290142,API3USDT,Buy,9.8,2.045,PlusTick,507821c2-4c0c-5fe7-b40e-aabdf473bca8,2.0041e+09,9.8,20.041
1658290142,API3USDT,Buy,100,2.045,ZeroMinusTick,6a901428-66f0-5149-8d32-742379e2345f,2.045e+10,100,204.5
1658290147,API3USDT,Buy,62.5,2.045,ZeroMinusTick,9d95660c-6270-57b1-8d16-2af73ec7cb5c,1.278125e+10,62.5,127.8125
1658290147,API3USDT,Buy,100,2.045,ZeroMinusTick,96563b9d-995f-5ace-be7e-b13ae8621469,2.045e+10,100,204.5
1658290147,API3USDT,Sell,191,2.045,ZeroMinusTick,b3ee180a-2d3b-57ba-a2db-7c10f97ac05b,3.90595e+10,191,390.59499999999997
1658290228,API3USDT,Sell,100,2.046,PlusTick,714bc74f-77ce-5d66-b833-af57c8305b45,2.046e+10,100,204.6
1658290243,API3USDT,Sell,0.1,2.046,ZeroMinusTick,4010a7e7-81bd-5a82-92a7-e1d022d86e50,2.046e+07,0.1,0.2046
1658290249,API3USDT,Buy,49.1,2.048,PlusTick,c7a8e1f3-c3c9-5ce2-8083-1d23d3469bfb,1.0055680000000002e+10,49.1,100.55680000000001
1658290249,API3USDT,Buy,100,2.048,ZeroMinusTick,8d660bbe-952a-5cb5-a573-b48c723f3fa8,2.048e+10,100,204.8
1658290249,API3USDT,Buy,62.5,2.048,ZeroMinusTick,ab5612ea-d4b5-54db-aa8a-9502b6e4549e,1.28e+10,62.5,128
1658290249,API3USDT,Buy,122.1,2.049,PlusTick,e32a9fda-6644-55d7-b48c-bc0ad2ecb28c,2.501829e+10,122.1,250.1829
1658290249,API3USDT,Buy,135.7,2.052,PlusTick,1d6579ae-3ee4-5c8d-87a9-1ede76980a18,2.7845639999999996e+10,135.7,278.4564
1658290260,API3USDT,Sell,135.7,2.052,ZeroMinusTick,b9fdba25-9311-5937-8440-28a1b5ccb085,2.7845639999999996e+10,135.7,278.4564
1658290290,API3USDT,Buy,49.1,2.053,PlusTick,4ab9daba-ad12-5337-92ea-a41f5301b67b,1.008023e+10,49.1,100.8023
1658290290,API3USDT,Buy,100,2.053,ZeroMinusTick,982aa335-d1ac-5d35-946d-0208099b190a,2.053e+10,100,205.29999999999998
1658290290,API3USDT,Buy,106,2.053,ZeroMinusTick,835658c2-2313-5f50-a29c-b647d06ce590,2.17618e+10,106,217.618
1658290290,API3USDT,Buy,365.2,2.054,PlusTick,f4572747-c83c-5c53-9a23-89302c7297f1,7.501207999999998e+10,365.2,750.1207999999999
1658290290,API3USDT,Buy,49.1,2.054,ZeroMinusTick,4fde50ea-a7aa-5359-b0e7-ff63f11786be,1.008514e+10,49.1,100.8514
1658290290,API3USDT,Buy,49.1,2.055,PlusTick,c08f961a-e69b-536d-886b-8fb31f582f0b,1.009005e+10,49.1,100.90050000000001
1658290324,API3USDT,Buy,100,2.054,MinusTick,b3cef11f-6c4a-52fc-b106-656d71f0a631,2.0539999999999996e+10,100,205.39999999999998
1658290342,API3USDT,Sell,411.6,2.052,MinusTick,043991a4-9250-5a6e-95fd-b1c7f4b62e13,8.446032e+10,411.6,844.6032
1658290342,API3USDT,Sell,421.5,2.052,ZeroMinusTick,6fd617c5-02f3-594c-a1b7-f74d9a430e99,8.64918e+10,421.5,864.918
1658290342,API3USDT,Sell,49.1,2.052,ZeroMinusTick,0c124eb1-1095-56bf-b4f9-77a42528b101,1.007532e+10,49.1,100.7532
1658290385,API3USDT,Sell,62.5,2.050,MinusTick,41018651-630f-55a8-9053-555b1a2e5fee,1.28125e+10,62.5,128.125
1658290403,API3USDT,Buy,0.4,2.050,ZeroMinusTick,4753c657-43ac-51c2-8e90-0e0e072456fd,8.2e+07,0.4,0.82
1658290453,API3USDT,Buy,0.1,2.048,MinusTick,23bfa805-52bc-5f68-905d-267893d31740,2.048e+07,0.1,0.2048
1658290453,API3USDT,Buy,99.9,2.048,ZeroMinusTick,5aa48f8a-49af-55c8-a8e7-61ea4ff6e686,2.045952e+10,99.9,204.5952
1658290453,API3USDT,Buy,62.5,2.049,PlusTick,7b7bee7c-fc4e-5298-aa8b-e304c45941f9,1.280625e+10,62.5,128.0625
1658290453,API3USDT,Buy,62.1,2.050,PlusTick,3bdfc338-6f64-50a2-af44-38ef8b45e662,1.27305e+10,62.1,127.30499999999999
1658290453,API3USDT,Buy,100,2.050,ZeroMinusTick,ec213166-a2fd-510d-a8ef-b3f7ac9e498d,2.0499999999999996e+10,100,204.99999999999997
1658290461,API3USDT,Buy,100,2.052,PlusTick,81e74489-2acb-565a-9fce-8b945b6bbc67,2.052e+10,100,205.20000000000002
1658290493,API3USDT,Sell,0.1,2.053,PlusTick,3f431a2e-4944-5f16-a43c-199bf5f064dc,2.053e+07,0.1,0.2053
1658290574,API3USDT,Sell,49.1,2.053,ZeroMinusTick,61fb36e6-338e-5972-aa2f-7dba910230d7,1.008023e+10,49.1,100.8023
1658290584,API3USDT,Buy,100,2.052,MinusTick,61235654-9bfe-53d6-8a56-7adef5af1e13,2.052e+10,100,205.20000000000002
1658290585,API3USDT,Buy,100,2.053,PlusTick,07d67175-38df-5a18-a234-ea8402a1d7d8,2.053e+10,100,205.29999999999998
1658290600,API3USDT,Buy,399.9,2.054,PlusTick,b5a11322-84d6-5303-9d7f-b6a43b78c032,8.213945999999998e+10,399.9,821.3945999999999
1658290600,API3USDT,Buy,419.9,2.054,ZeroMinusTick,de997c93-cb0a-595d-a2af-7b00e692224a,8.624745999999998e+10,419.9,862.4745999999999
1658290600,API3USDT,Buy,243.4,2.054,ZeroMinusTick,d4f35bbf-965a-5976-a10b-abb44fa8f759,4.999435999999999e+10,243.4,499.94359999999995
1658290600,API3USDT,Buy,100,2.054,ZeroMinusTick,8d35d861-fd41-55a4-a4b6-9c0337899840,2.0539999999999996e+10,100,205.39999999999998
1658290603,API3USDT,Buy,100,2.056,PlusTick,93b58a42-9c18-5ac8-87ad-6f6bb32b559d,2.056e+10,100,205.6
1658290641,API3USDT,Sell,49.1,2.053,MinusTick,495a2880-e49e-56dd-bbcd-247103aba98c,1.008023e+10,49.1,100.8023
1658290643,API3USDT,Buy,100,2.053,ZeroMinusTick,c9aef68d-17ae-586b-9bcb-2429bcee09ff,2.053e+10,100,205.29999999999998
1658290651,API3USDT,Sell,49.1,2.052,MinusTick,68498257-a90b-594b-a30b-684abf4f08fe,1.007532e+10,49.1,100.7532
1658290655,API3USDT,Sell,49.1,2.050,MinusTick,a9180875-aa7b-5cf1-a3c8-3c19e3bbc9b1,1.00655e+10,49.1,100.655
1658290655,API3USDT,Sell,402.3,2.050,ZeroMinusTick,4036bacb-65af-5617-9892-589cc8bbabb8,8.247149999999998e+10,402.3,824.7149999999999
1658290658,API3USDT,Sell,49.1,2.049,MinusTick,d0ff70ee-fba6-5a3f-bc59-e961c68bb295,1.006059e+10,49.1,100.6059
1658290673,API3USDT,Buy,10,2.048,MinusTick,4bddf9e1-ae59-5df2-8292-a1260093ddf4,2.048e+09,10,20.48
1658290689,API3USDT,Sell,386.2,2.046,MinusTick,fe7130aa-f977-504d-b98e-5341dde89afe,7.901651999999998e+10,386.2,790.1651999999999
1658290689,API3USDT,Sell,49.1,2.046,ZeroMinusTick,1a17b329-9ac7-5d0a-8bd1-866bb466bf0c,1.0045859999999998e+10,49.1,100.45859999999999
1658290689,API3USDT,Sell,426.7,2.046,ZeroMinusTick,4bb8c489-acca-5c5c-9be5-01b6bd28f860,8.730281999999998e+10,426.7,873.0281999999999
1658290813,API3USDT,Sell,0.7,2.042,MinusTick,5e8637a7-5ef5-5fad-bb6f-6de351cf3ed6,1.4293999999999997e+08,0.7,1.4293999999999998
1658290858,API3USDT,Sell,49.1,2.042,ZeroMinusTick,56e96096-d5b0-5bd9-a0f8-4d9c7f45e24b,1.002622e+10,49.1,100.26219999999999
1658290867,API3USDT,Buy,100,2.041,MinusTick,9b7c0bdf-eca2-5f78-ba55-18818663ffa7,2.041e+10,100,204.1
1658291003,API3USDT,Buy,10,2.043,PlusTick,1caa55d1-41c2-56f5-bfc1-e753c46f4317,2.043e+09,10,20.43
1658291076,API3USDT,Sell,49,2.042,MinusTick,9b5f51a3-6d7d-5abe-9ea9-efd257c4dc86,1.00058e+10,49,100.05799999999999
1658291088,API3USDT,Sell,397,2.041,MinusTick,9508ebb7-1ae3-51b5-8a53-c4cbf7b323d7,8.10277e+10,397,810.2769999999999
1658291088,API3USDT,Sell,396.3,2.041,ZeroMinusTick,15547562-7fc9-54c3-ae3f-4ebbbbeba154,8.088483e+10,396.3,808.8483
1658291088,API3USDT,Sell,5.3,2.041,ZeroMinusTick,7eae6376-788d-5fb0-aaa1-40a46ecdf240,1.08173e+09,5.3,10.8173
1658291088,API3USDT,Sell,49.1,2.041,ZeroMinusTick,706a0ad7-cda6-5419-ac68-c4ad2837853b,1.002131e+10,49.1,100.2131
1658291088,API3USDT,Sell,62.5,2.041,ZeroMinusTick,10748798-6ad2-51ad-b450-e172f64f8f43,1.275625e+10,62.5,127.5625
1658291088,API3USDT,Sell,49,2.041,ZeroMinusTick,f5247204-c08b-58b1-8e3b-a56c4385f058,1.00009e+10,49,100.009
1658291093,API3USDT,Buy,52.9,2.042,PlusTick,5542196e-5da6-5767-aade-6f01498fb48a,1.0802179999999998e+10,52.9,108.02179999999998
1658291093,API3USDT,Buy,47.1,2.042,ZeroMinusTick,cb5810d8-425e-5a10-a538-29e4174bc315,9.617819999999998e+09,47.1,96.17819999999999
1658291093,API3USDT,Sell,62.5,2.042,ZeroMinusTick,431778b7-f5ee-52ad-9b9c-9ef7dab58645,1.2762499999999998e+10,62.5,127.62499999999999
1658291123,API3USDT,Sell,1.3,2.041,MinusTick,887e081d-b790-5823-9803-ad292a59d30c,2.6533000000000003e+08,1.3,2.6533
1658291161,API3USDT,Sell,49.1,2.042,PlusTick,1fa37a24-51f4-5a95-900d-1faa578b5932,1.002622e+10,49.1,100.26219999999999
1658291166,API3USDT,Sell,47.8,2.041,MinusTick,24db7f3a-3434-50c0-8dc7-de8150ddbb7e,9.75598e+09,47.8,97.5598
1658291179,API3USDT,Sell,15.9,2.040,MinusTick,6068ac9f-d133-55ef-b1a2-20581c87def3,3.2436e+09,15.9,32.436
1658291179,API3USDT,Sell,33.2,2.040,ZeroMinusTick,200ac28c-8568-5977-bdf5-867dc7141040,6.772800000000001e+09,33.2,67.72800000000001
1658291182,API3USDT,Buy,100,2.040,ZeroMinusTick,dc687e1c-d1d9-5729-80e4-feec75cb01f5,2.04e+10,100,204
1658291213,API3USDT,Buy,0.1,2.042,PlusTick,69c024e0-3a44-5105-9cd8-256043590a7b,2.042e+07,0.1,0.2042
1658291313,API3USDT,Buy,0.1,2.041,MinusTick,352dea94-117d-502b-93c5-595e4f9ef9df,2.041e+07,0.1,0.2041
1658291396,API3USDT,Buy,100,2.041,ZeroMinusTick,351cc811-1050-5cb1-8a0f-5d7095859a92,2.041e+10,100,204.1
1658291418,API3USDT,Buy,100,2.042,PlusTick,dbf5fe93-dcbf-52f2-b3bf-14540782d529,2.042e+10,100,204.2
1658291434,API3USDT,Sell,189,2.043,PlusTick,b85939c0-aadf-5479-b75a-4ef6a67862e7,3.86127e+10,189,386.127
1658291434,API3USDT,Sell,178,2.043,ZeroMinusTick,eb57ceef-175c-5a20-9e06-083378df1991,3.636540000000001e+10,178,363.65400000000005
1658291452,API3USDT,Buy,100,2.043,ZeroMinusTick,095e9849-1ff0-5caf-80df-0a1c75871f8a,2.043e+10,100,204.3
1658291493,API3USDT,Buy,1.1,2.048,PlusTick,c5154240-79d8-5b20-b1da-827534dc3120,2.2528e+08,1.1,2.2528
1658291515,API3USDT,Buy,30.9,2.048,ZeroMinusTick,ae7f7e4b-85bb-5e5f-bf5a-a02f1b7e12bc,6.32832e+09,30.9,63.2832
1658291520,API3USDT,Sell,42.2,2.047,MinusTick,b3a6895d-11cc-52fc-8f85-e8796934de57,8.63834e+09,42.2,86.38340000000001
1658291559,API3USDT,Buy,100,2.049,PlusTick,9baa068f-8ba7-5eea-8ef1-87d6c1691c0f,2.049e+10,100,204.9
1658291573,API3USDT,Sell,0.5,2.049,ZeroMinusTick,89b72624-ddf7-59e4-8de2-188657a54adf,1.0245e+08,0.5,1.0245
1658291576,API3USDT,Sell,49.1,2.048,MinusTick,5027c43a-a814-592b-bbe8-7114a6778161,1.0055680000000002e+10,49.1,100.55680000000001
1658291576,API3USDT,Sell,49.1,2.047,MinusTick,db018423-4262-5748-894b-1818d68fc62b,1.0050770000000002e+10,49.1,100.50770000000001
1658291576,API3USDT,Sell,49.1,2.046,MinusTick,4a8168a8-421a-581a-8596-d97834bca17a,1.0045859999999998e+10,49.1,100.45859999999999
1658291576,API3USDT,Sell,62.5,2.046,ZeroMinusTick,7f112008-609f-51e8-8219-124e33b6f138,1.2787499999999998e+10,62.5,127.87499999999999
1658291611,API3USDT,Buy,100,2.047,PlusTick,47896460-6b1b-5440-9796-57b2f7d7c63f,2.047e+10,100,204.70000000000002
1658291624,API3USDT,Sell,49.1,2.046,MinusTick,a6e9d557-176a-501b-bc10-624f6cb226cd,1.0045859999999998e+10,49.1,100.45859999999999
1658291670,API3USDT,Buy,100,2.046,ZeroMinusTick,22da5aa0-f726-5d4f-86ef-e1218d8385ab,2.046e+10,100,204.6
1658291670,API3USDT,Buy,62.5,2.046,ZeroMinusTick,f3c7ca18-96ba-5c85-846a-55d0bcb004d6,1.2787499999999998e+10,62.5,127.87499999999999
1658291676,API3USDT,Buy,100,2.046,ZeroMinusTick,e59c06cd-7338-54f7-b292-0467f69f49c3,2.046e+10,100,204.6
1658291676,API3USDT,Buy,62.5,2.046,ZeroMinusTick,8d534667-a534-55ac-8477-7754bd97601d,1.2787499999999998e+10,62.5,127.87499999999999
1658291681,API3USDT,Buy,100,2.046,ZeroMinusTick,8a9d4f15-1c7e-5daf-8d17-bfb033a409e7,2.046e+10,100,204.6
1658291681,API3USDT,Buy,62.5,2.046,ZeroMinusTick,64d98627-85d2-5a11-8707-debedb8d5e06,1.2787499999999998e+10,62.5,127.87499999999999
1658291683,API3USDT,Buy,10,2.046,ZeroMinusTick,aec3af4a-85d5-5452-94c9-3b1b2da266cb,2.0459999999999998e+09,10,20.459999999999997
1658291685,API3USDT,Buy,90,2.046,ZeroMinusTick,f739d2c5-2f61-5547-ac67-cc4e35f0e480,1.8414e+10,90,184.14
1658291685,API3USDT,Buy,100,2.047,PlusTick,6ed0d363-21e9-5839-b424-9f48d16bd825,2.047e+10,100,204.70000000000002
1658291685,API3USDT,Buy,62.5,2.049,PlusTick,21d194f5-8684-54af-8cd0-06d5eff8d3e6,1.280625e+10,62.5,128.0625
