timestamp,symbol,side,size,price,tickDirection,trdMatchID,grossValue,homeNotional,foreignNotional
1658188803,API3USDT,Sell,100,1.947,PlusTick,0e7817f3-e674-5893-813e-ba20748f11b3,1.947e+10,100,194.70000000000002
1658188810,API3USDT,Sell,100,1.945,MinusTick,46948148-3462-57f6-a755-06716425cb27,1.945e+10,100,194.5
1658188810,API3USDT,Sell,70,1.945,ZeroMinusTick,64164c8d-ff44-5c71-8987-acdbda59bd2d,1.3615e+10,70,136.15
1658188816,API3USDT,Sell,100,1.945,ZeroMinusTick,2d36a82d-bcde-541b-8d05-020f592174dc,1.945e+10,100,194.5
1658188827,API3USDT,Buy,222.1,1.945,ZeroMinusTick,daa6a5dd-08fe-5486-852f-9550b6d3b449,4.319845e+10,222.1,431.9845
1658188827,API3USDT,Buy,128.1,1.945,ZeroMinusTick,39cec99b-2876-5102-933d-f909d379f9cf,2.491545e+10,128.1,249.15449999999998
1658188827,API3USDT,Buy,418.9,1.946,PlusTick,69cc0ff9-54d7-544f-93fa-d7cc1e7d25c8,8.151794e+10,418.9,815.1794
1658188827,API3USDT,Buy,26.3,1.946,ZeroMinusTick,7082fe88-221e-550b-a850-9475a616f9d1,5.11798e+09,26.3,51.1798
1658188829,API3USDT,Sell,100,1.946,ZeroMinusTick,ea2561d4-b515-50f4-9324-be285a14c130,1.946e+10,100,194.6
1658188829,API3USDT,Sell,70.4,1.945,MinusTick,4847ef72-a50c-558e-b692-194a273c17c2,1.3692800000000002e+10,70.4,136.92800000000003
1658188851,API3USDT,Sell,51,1.942,MinusTick,4cd144e1-4f5d-5dc3-803d-322d46800036,9.9042e+09,51,99.042
1658188858,API3USDT,Sell,51,1.940,MinusTick,c2ab7d11-5e72-5366-8e3e-044048918da8,9.894e+09,51,98.94
1658188876,API3USDT,Sell,51,1.935,MinusTick,c9c81609-a073-53a7-a8b1-93a784529e27,9.8685e+09,51,98.685
1658188878,API3USDT,Buy,1.8,1.935,ZeroMinusTick,e575811a-d5f2-55c4-8994-1a001dffc7bd,3.483e+08,1.8,3.483
1658188899,API3USDT,Sell,51,1.928,MinusTick,986f9ef5-8ee8-5c4c-8a12-cc44fb78cc2a,9.8328e+09,51,98.328
1658188899,API3USDT,Sell,100,1.929,PlusTick,9234410c-dc98-57fc-b6a3-a16835e1e4b1,1.929e+10,100,192.9
1658188899,API3USDT,Sell,100,1.928,MinusTick,abf6fe40-3575-52d7-bba2-833ef5523653,1.928e+10,100,192.79999999999998
1658188899,API3USDT,Sell,100,1.928,ZeroMinusTick,3d1e24be-04a4-5dd7-a8ab-2ee8717ed8ce,1.928e+10,100,192.79999999999998
1658188913,API3USDT,Buy,100,1.927,MinusTick,8a1e4d06-a2f7-538a-888d-927dfa0032b6,1.927e+10,100,192.70000000000002
1658188916,API3USDT,Buy,51,1.929,PlusTick,d243597c-2527-53b8-96a1-4c9395e39686,9.8379e+09,51,98.379
1658188916,API3USDT,Buy,403.3,1.929,ZeroMinusTick,d8735067-4735-50f1-a772-db5ba38b9f66,7.779657000000002e+10,403.3,777.9657000000001
1658188931,API3USDT,Buy,51,1.933,PlusTick,ecc0b088-1b02-549f-9263-7a186f0d8829,9.8583e+09,51,98.583
1658188932,API3USDT,Buy,51,1.934,PlusTick,0473663d-7e92-57f7-9b4a-5c0ab5c9c861,9.8634e+09,51,98.634
1658188932,API3USDT,Buy,390.7,1.934,ZeroMinusTick,5d20e51b-cb6b-56ec-9f08-016be73d99a1,7.556138e+10,390.7,755.6138
1658188960,API3USDT,Buy,51,1.937,PlusTick,59af223d-4520-50a6-9278-b929a7a6c11e,9.8787e+09,51,98.787
1658188985,API3USDT,Sell,51,1.933,MinusTick,1214731f-62b9-553b-ae72-043024410d57,9.8583e+09,51,98.583
1658189000,API3USDT,Buy,100,1.930,MinusTick,017b8aea-e29d-5dd8-9ccf-764626928431,1.93e+10,100,193
1658189011,API3USDT,Buy,70,1.934,PlusTick,e267c89f-1068-5820-a4e4-63fabaabf732,1.3538e+10,70,135.38
1658189039,API3USDT,Sell,51,1.935,PlusTick,611e5e89-25e1-568b-ab2a-c4b1fb89a9f9,9.8685e+09,51,98.685
1658189041,API3USDT,Sell,51,1.934,MinusTick,2058e036-2c8a-5443-b888-32fa0fd359fc,9.8634e+09,51,98.634
1658189048,API3USDT,Buy,100,1.934,ZeroMinusTick,d6b32524-0413-566a-bc29-f994c908ae22,1.934e+10,100,193.4
1658189058,API3USDT,Sell,0.7,1.934,ZeroMinusTick,30f815be-aa42-5817-830a-b34670637301,1.3538e+08,0.7,1.3538
1658189069,API3USDT,Buy,51,1.937,PlusTick,c438f2f2-d535-54f7-882f-7b09fab14d72,9.8787e+09,51,98.787
1658189079,API3USDT,Sell,51,1.937,ZeroMinusTick,58ef30de-98d7-5b74-92e9-4bb5393f8431,9.8787e+09,51,98.787
1658189087,API3USDT,Buy,27,1.936,MinusTick,e0c04630-85ad-5ec9-8e2f-a48932f953dc,5.2272e+09,27,52.272
1658189087,API3USDT,Buy,100,1.937,PlusTick,984d6940-5f76-51f2-80db-917d826d2cae,1.937e+10,100,193.70000000000002
1658189116,API3USDT,Buy,508.7,1.941,PlusTick,6c1164d3-3531-5dab-9325-aaa4c9d644fa,9.873867e+10,508.7,987.3867
1658189116,API3USDT,Buy,133.4,1.942,PlusTick,183f9e9b-14ce-5be9-b522-efba05b2da07,2.590628e+10,133.4,259.0628
1658189116,API3USDT,Buy,272.7,1.942,ZeroMinusTick,ec3c96e0-84dd-59b7-84b4-17a43a6df32e,5.295834e+10,272.7,529.5834
1658189116,API3USDT,Buy,405,1.942,ZeroMinusTick,5a416472-605b-5950-a6bb-2aea23a86f6b,7.8651e+10,405,786.51
1658189116,API3USDT,Buy,51,1.942,ZeroMinusTick,d116aa18-a58e-5258-8495-362326be8a31,9.9042e+09,51,99.042
1658189116,API3USDT,Buy,51,1.943,PlusTick,d02442c8-2c2c-5a47-a008-1f8958e2ad33,9.9093e+09,51,99.093
1658189116,API3USDT,Buy,100,1.943,ZeroMinusTick,eaa797f7-d28c-5c54-861b-91e68fa46c93,1.943e+10,100,194.3
1658189148,API3USDT,Sell,51,1.941,MinusTick,cd924a29-5042-501d-adc5-308b24d0c4b6,9.8991e+09,51,98.991
1658189149,API3USDT,Sell,51,1.940,MinusTick,1d1eb777-8d5b-54d2-a71a-a6280eb41311,9.894e+09,51,98.94
1658189149,API3USDT,Sell,100,1.940,ZeroMinusTick,4bc2f380-8982-5754-9d6c-d1cad9dcc482,1.94e+10,100,194
1658189156,API3USDT,Buy,257.7,1.940,ZeroMinusTick,ab625f5e-e9a9-5099-a53d-4cf42343200b,4.99938e+10,257.7,499.938
1658189159,API3USDT,Buy,51,1.941,PlusTick,33f0d29a-cedb-53b4-b200-0851860f1770,9.8991e+09,51,98.991
1658189159,API3USDT,Buy,56.6,1.941,ZeroMinusTick,7b3d5b80-fb20-5289-b5d4-27a887776f55,1.098606e+10,56.6,109.8606
1658189212,API3USDT,Buy,51,1.940,MinusTick,7568e64c-4dc8-5bec-8b97-662c9ebad3ce,9.894e+09,51,98.94
1658189215,API3USDT,Buy,51,1.943,PlusTick,e125a399-40f4-5c55-9f7a-fd92cb137aac,9.9093e+09,51,99.093
1658189222,API3USDT,Buy,100,1.945,PlusTick,75b30b59-0d09-5b53-8b2a-d1477b5db0db,1.945e+10,100,194.5
1658189222,API3USDT,Buy,65.4,1.945,ZeroMinusTick,1876d76a-7deb-551b-9c70-c2c4a6d4cd24,1.2720300000000002e+10,65.4,127.20300000000002
1658189222,API3USDT,Buy,43.8,1.945,ZeroMinusTick,e85ae0f7-5597-5a8d-9a50-f102aab28a64,8.5191e+09,43.8,85.191
1658189232,API3USDT,Sell,40,1.946,PlusTick,d99d5f4b-9f3a-5a5e-8e3a-a79234ad1afa,7.784e+09,40,77.84
1658189233,API3USDT,Sell,51,1.945,MinusTick,9da59282-5051-5e4d-822a-8cad63b96595,9.9195e+09,51,99.19500000000001
1658189237,API3USDT,Buy,100,1.944,MinusTick,b8162cb4-53a2-5f93-b12a-a0433fbe7282,1.944e+10,100,194.4
1658189238,API3USDT,Sell,0.1,1.944,ZeroMinusTick,3d449333-dda7-58fa-a023-1f043c0399df,1.944e+07,0.1,0.19440000000000002
1658189239,API3USDT,Buy,51,1.946,PlusTick,e38beebd-058a-5bd1-8298-0611d7cca83f,9.9246e+09,51,99.246
1658189247,API3USDT,Buy,100,1.946,ZeroMinusTick,81b53408-8541-5f67-9643-d2b8f950eb29,1.946e+10,100,194.6
1658189259,API3USDT,Sell,100,1.945,MinusTick,7d44749c-a91d-5708-99b1-af9e80bed372,1.945e+10,100,194.5
1658189287,API3USDT,Buy,100,1.945,ZeroMinusTick,cea57042-5c29-59ba-a076-e05d92bba310,1.945e+10,100,194.5
1658189287,API3USDT,Buy,70,1.946,PlusTick,9e5abbb5-e677-512c-9910-9e21594d6403,1.3622e+10,70,136.22
1658189291,API3USDT,Buy,51,1.947,PlusTick,aa4cd532-b87f-5f80-9c44-4e3c3a28235e,9.9297e+09,51,99.297
1658189291,API3USDT,Buy,100,1.947,ZeroMinusTick,86bd5ba1-9cff-5e9d-b677-c2edba10de49,1.947e+10,100,194.70000000000002
1658189306,API3USDT,Buy,100,1.948,PlusTick,bad7f226-60a9-5209-999c-54668dca2ff4,1.948e+10,100,194.79999999999998
1658189307,API3USDT,Buy,100,1.949,PlusTick,48f11301-a9eb-585a-b7e4-438519505def,1.949e+10,100,194.9
1658189309,API3USDT,Buy,400.7,1.950,PlusTick,885ad316-124b-5d41-ad66-bcb29a04a42d,7.81365e+10,400.7,781.365
1658189309,API3USDT,Buy,100,1.950,ZeroMinusTick,7f2e9f4d-194c-577f-872c-9c69ab56365c,1.95e+10,100,195
1658189312,API3USDT,Buy,100,1.951,PlusTick,f8ac33d6-8ec1-543d-9d00-af207a9fb2db,1.951e+10,100,195.1
1658189316,API3USDT,Buy,51,1.953,PlusTick,da5a2134-e37d-535d-a301-4da08f37c3a6,9.9603e+09,51,99.60300000000001
1658189317,API3USDT,Buy,51,1.954,PlusTick,711e4978-c22d-5c34-8f83-2886c4fe7099,9.9654e+09,51,99.654
1658189317,API3USDT,Buy,100,1.954,ZeroMinusTick,311f1301-0f66-5b20-928e-093c385bbe0d,1.954e+10,100,195.4
1658189319,API3USDT,Buy,44.2,1.955,PlusTick,8ef27803-c42a-52cc-a11e-47454768da38,8.641100000000002e+09,44.2,86.41100000000002
1658189319,API3USDT,Buy,16.8,1.955,ZeroMinusTick,6af26090-f1d7-59b8-8726-c5fd2ff52677,3.2844e+09,16.8,32.844
1658189319,API3USDT,Buy,39,1.955,ZeroMinusTick,3ca3b3f8-c53a-53a9-8992-0b1bfb9bfbf1,7.6245e+09,39,76.245
1658189327,API3USDT,Buy,100,1.958,PlusTick,70b6d9c9-0197-5c05-a824-b927fa0892c7,1.958e+10,100,195.79999999999998
1658189327,API3USDT,Buy,51,1.959,PlusTick,59816d28-8394-56fb-b285-b40cd2fdab6c,9.9909e+09,51,99.909
1658189327,API3USDT,Buy,51,1.960,PlusTick,82f5a4db-5a05-5edf-9f86-3b12f1ef760e,9.996e+09,51,99.96
1658189327,API3USDT,Buy,100,1.960,ZeroMinusTick,30f020c9-8048-52fb-8ced-e8874921419d,1.96e+10,100,196
1658189328,API3USDT,Buy,100,1.961,PlusTick,7f7ed5be-9fec-53bf-9c13-aac3bb896c5e,1.961e+10,100,196.1
1658189334,API3USDT,Buy,800,1.964,PlusTick,2ef50fdf-a970-5985-961f-3157dfcce5bc,1.5712e+11,800,1571.2
1658189337,API3USDT,Buy,200,1.964,ZeroMinusTick,adf07543-1251-5e19-9d16-37fa45bbd260,3.928e+10,200,392.8
1658189338,API3USDT,Buy,200,1.964,ZeroMinusTick,e52085e9-8bbd-5bbb-8103-cde30fb4b9e3,3.928e+10,200,392.8
1658189338,API3USDT,Buy,100,1.964,ZeroMinusTick,65a9773d-aab2-55a1-822a-fbebfe00b4fb,1.964e+10,100,196.4
1658189338,API3USDT,Sell,300,1.964,ZeroMinusTick,85ee187d-3f15-57ae-8fea-910365554454,5.892000000000001e+10,300,589.2
1658189339,API3USDT,Sell,100,1.963,MinusTick,c906b96a-c93a-576b-814e-d1d8946567e5,1.963e+10,100,196.3
1658189346,API3USDT,Buy,100,1.963,ZeroMinusTick,a0ef020f-8f46-5dcb-871a-b92b1040dea8,1.963e+10,100,196.3
1658189346,API3USDT,Buy,70,1.963,ZeroMinusTick,f618d630-dd2f-5838-94e5-0ec324cd3a05,1.3741e+10,70,137.41
1658189346,API3USDT,Sell,51,1.962,MinusTick,276427fb-a08c-5435-8a73-d9b0d66b0726,1.00062e+10,51,100.062
1658189347,API3USDT,Sell,430.1,1.961,MinusTick,6f96746e-7bd7-5a3b-97f2-93d497408aee,8.434261000000002e+10,430.1,843.4261000000001
1658189347,API3USDT,Sell,51,1.961,ZeroMinusTick,b260793c-65e1-541a-bdd2-b418fe4355fd,1.0001100000000002e+10,51,100.01100000000001
1658189354,API3USDT,Sell,100,1.964,PlusTick,027e1d42-96a3-5968-9805-0ef99848e4af,1.964e+10,100,196.4
1658189359,API3USDT,Sell,51,1.961,MinusTick,f79ffade-9b4c-5bbe-b6af-52a547f8b95b,1.0001100000000002e+10,51,100.01100000000001
1658189359,API3USDT,Sell,418,1.961,ZeroMinusTick,7a3a9e08-32cc-54f6-a5e1-ddbd95804954,8.19698e+10,418,819.698
1658189359,API3USDT,Sell,51,1.960,MinusTick,c8ccc9ae-e5cc-5f18-b0c1-713061b9b17e,9.996e+09,51,99.96
1658189368,API3USDT,Buy,0.1,1.960,ZeroMinusTick,cb66009d-b360-59da-a1e0-80315d44010b,1.96e+07,0.1,0.196
1658189377,API3USDT,Buy,100,1.959,MinusTick,0be49233-34de-5e6d-8d8b-6b325685035f,1.959e+10,100,195.9
1658189381,API3USDT,Buy,51,1.961,PlusTick,5a288af1-b7ac-50bd-be34-4ab71b87dbf4,1.0001100000000002e+10,51,100.01100000000001
1658189385,API3USDT,Buy,51,1.962,PlusTick,52ebef9f-6309-5111-9d24-3bdff7868df3,1.00062e+10,51,100.062
1658189386,API3USDT,Buy,51,1.963,PlusTick,3ddd60b5-3bcb-5be6-990a-b372ea829ae6,1.00113e+10,51,100.113
1658189398,API3USDT,Sell,51,1.962,MinusTick,27449b87-5939-5633-8a04-9721b62c525a,1.00062e+10,51,100.062
1658189398,API3USDT,Sell,51,1.961,MinusTick,0249c9b5-fe25-5f57-8a0a-ff416f56bcbd,1.0001100000000002e+10,51,100.01100000000001
1658189400,API3USDT,Sell,100,1.959,MinusTick,ee201f45-95d9-5348-b47c-01e1fe5bc7a1,1.959e+10,100,195.9
1658189409,API3USDT,Buy,51,1.961,PlusTick,ff67ba18-f5d0-526a-bfa9-10efd8afc5a9,1.0001100000000002e+10,51,100.01100000000001
1658189421,API3USDT,Buy,51,1.963,PlusTick,de8e81ff-7b1e-5914-8436-9578df2f9fbd,1.00113e+10,51,100.113
1658189423,API3USDT,Buy,51,1.964,PlusTick,5ad85e06-2f82-570a-aaee-ce565c1b830c,1.00164e+10,51,100.164
1658189425,API3USDT,Buy,51,1.965,PlusTick,21090a35-0f02-5263-b9b7-69e168828ede,1.00215e+10,51,100.215
1658189428,API3USDT,Sell,1.2,1.964,MinusTick,fd5fa466-b5c0-5e6d-bf00-ebefade9b307,2.3567999999999997e+08,1.2,2.3568
1658189437,API3USDT,Buy,100,1.966,PlusTick,6d8677cd-1dab-5725-8838-80ee53cef9ca,1.966e+10,100,196.6
1658189439,API3USDT,Buy,51,1.968,PlusTick,234bacd0-0cfd-593c-ac97-5c4c736c10fa,1.00368e+10,51,100.368
1658189439,API3USDT,Buy,249.8,1.968,ZeroMinusTick,4190cc39-1a86-5a56-a4e6-17d5fe2e7fe3,4.916064e+10,249.8,491.6064
1658189440,API3USDT,Sell,70,1.966,MinusTick,398a8977-d2bb-5088-bd61-c3cbdfad5459,1.3762e+10,70,137.62
1658189440,API3USDT,Sell,249.8,1.966,ZeroMinusTick,d10f1513-38ec-549b-a9e3-84184284fddb,4.911068e+10,249.8,491.1068
1658189440,API3USDT,Sell,182.7,1.965,MinusTick,e2dba7c8-93a2-5a80-a6f0-2515ef8b5dc0,3.590055e+10,182.7,359.0055
1658189445,API3USDT,Buy,100,1.968,PlusTick,a113b34e-49dd-5fdc-9106-71d15835f8be,1.968e+10,100,196.8
1658189445,API3USDT,Buy,51,1.969,PlusTick,df47c6d2-080d-5fa0-b5a4-4f4528c5af01,1.0041900000000002e+10,51,100.41900000000001
1658189446,API3USDT,Buy,100,1.969,ZeroMinusTick,f6bbd1c7-26b3-50f2-9a5e-d8c6eec40e4d,1.969e+10,100,196.9
1658189449,API3USDT,Buy,100,1.971,PlusTick,d4e78163-f7ed-59f8-8e07-6485db787a2d,1.9710000000000004e+10,100,197.10000000000002
1658189450,API3USDT,Buy,100,1.972,PlusTick,743e255d-046a-5794-af71-794f215d6fe2,1.972e+10,100,197.2
1658189461,API3USDT,Buy,100,1.971,MinusTick,6f775f38-2426-5414-9fce-7c7c0bbd03da,1.9710000000000004e+10,100,197.10000000000002
1658189461,API3USDT,Buy,30.5,1.971,ZeroMinusTick,148364bc-7eae-5827-bd26-072d9a6b664e,6.01155e+09,30.5,60.115500000000004
1658189461,API3USDT,Buy,31.3,1.971,ZeroMinusTick,f3770ef6-1caf-5807-be5f-36df28c20a2d,6.16923e+09,31.3,61.6923
1658189462,API3USDT,Buy,100,1.972,PlusTick,a94b9deb-eeb0-5b99-8e54-fccf31cdd986,1.972e+10,100,197.2
1658189462,API3USDT,Buy,51,1.973,PlusTick,d15cf24c-fe95-5bf4-b71d-4669867429ae,1.00623e+10,51,100.623
1658189462,API3USDT,Buy,126.9,1.973,ZeroMinusTick,bfdaed1d-ee11-55e0-b35b-f62f6cf96476,2.503737e+10,126.9,250.3737
1658189462,API3USDT,Buy,249.8,1.973,ZeroMinusTick,a499cbd1-660f-5b9c-a968-2ade7f99c4f1,4.928554e+10,249.8,492.85540000000003
1658189463,API3USDT,Buy,100,1.973,ZeroMinusTick,529524ab-28c4-5ca3-bb64-fae3b9867def,1.973e+10,100,197.3
1658189463,API3USDT,Sell,100,1.973,ZeroMinusTick,4f0664a1-74b9-5587-8580-c60af9a2d783,1.973e+10,100,197.3
1658189464,API3USDT,Buy,100,1.973,ZeroMinusTick,2bcc232d-3d84-538f-9d07-a86a47a32e44,1.973e+10,100,197.3
1658189465,API3USDT,Buy,51,1.974,PlusTick,a3c3be1a-ca13-5bce-9563-271eb27fc0e3,1.00674e+10,51,100.67399999999999
1658189465,API3USDT,Buy,170,1.974,ZeroMinusTick,7f55f7d1-6edf-5aac-9dca-20d4c456fc2b,3.3558e+10,170,335.58
1658189465,API3USDT,Buy,39,1.974,ZeroMinusTick,b60a4092-f962-5a7f-9f06-7a1c9a10d151,7.6986e+09,39,76.986
1658189465,API3USDT,Buy,51,1.975,PlusTick,314506b3-596b-59c5-88f4-5a09a40e25bd,1.00725e+10,51,100.72500000000001
1658189465,API3USDT,Buy,100,1.975,ZeroMinusTick,303e6e51-0abe-5405-bb38-f49954dbb5e9,1.975e+10,100,197.5
1658189466,API3USDT,Sell,0.1,1.975,ZeroMinusTick,f47ace3d-215e-56d8-98b0-0f8903528a3f,1.975e+07,0.1,0.1975
1658189466,API3USDT,Sell,70,1.975,ZeroMinusTick,deaeec54-034f-501e-8dee-383510f12d64,1.3825e+10,70,138.25
1658189466,API3USDT,Sell,249.8,1.975,ZeroMinusTick,270874a5-8812-583c-b0ba-7bf47a9d5788,4.93355e+10,249.8,493.355
1658189466,API3USDT,Sell,70,1.974,MinusTick,3474fe5a-3ac2-507b-a28b-3c6c05c29e10,1.3818e+10,70,138.18
1658189466,API3USDT,Buy,70,1.976,PlusTick,142e790b-219a-5aea-ac34-5b848a5a8594,1.3832e+10,70,138.32
1658189466,API3USDT,Buy,100,1.976,ZeroMinusTick,4c0c27ed-e863-5c3f-91b5-d2d0e923955d,1.976e+10,100,197.6
1658189467,API3USDT,Sell,70,1.976,ZeroMinusTick,bd8161ef-fa81-5db5-9ae3-6af8712493e3,1.3832e+10,70,138.32
1658189467,API3USDT,Sell,70,1.976,ZeroMinusTick,48f3a218-d73a-5808-8946-bda387f8b8aa,1.3832e+10,70,138.32
1658189467,API3USDT,Buy,100,1.975,MinusTick,3fa6bd93-66e5-56b7-9177-eea8b10f4bd3,1.975e+10,100,197.5
1658189467,API3USDT,Sell,70,1.976,PlusTick,953fafc2-a92a-5b4d-ac57-643fd6e5920d,1.3832e+10,70,138.32
1658189467,API3USDT,Buy,100,1.976,ZeroMinusTick,6a1957d4-ae60-5169-9c52-4a73d48b8358,1.976e+10,100,197.6
1658189468,API3USDT,Buy,100,1.976,ZeroMinusTick,a3fecc5b-f33a-5d45-aa3a-9f2fb40c4a77,1.976e+10,100,197.6
1658189470,API3USDT,Buy,100,1.977,PlusTick,1ff77ac8-b524-5147-87be-b8f1a86cb483,1.977e+10,100,197.70000000000002
1658189471,API3USDT,Buy,660.1,1.977,ZeroMinusTick,e20d61b0-ced8-5bc1-8820-76d837c0912c,1.3050177000000002e+11,660.1,1305.0177
1658189471,API3USDT,Buy,660.1,1.977,ZeroMinusTick,84b13b93-5755-57f5-93c1-3dac036f33e0,1.3050177000000002e+11,660.1,1305.0177
1658189471,API3USDT,Buy,100,1.977,ZeroMinusTick,8be45682-af0d-516a-ac2d-263c1bd5d7cb,1.977e+10,100,197.70000000000002
1658189472,API3USDT,Buy,47.1,1.978,PlusTick,d1ec5176-ce86-5170-88f0-dd836b81fbe0,9.31638e+09,47.1,93.1638
1658189472,API3USDT,Buy,100,1.978,ZeroMinusTick,6deab132-f79b-5f34-b2b5-8b34f747c1fe,1.978e+10,100,197.8
1658189472,API3USDT,Buy,100,1.978,ZeroMinusTick,338c6809-f93c-59d2-a762-638377615fa9,1.978e+10,100,197.8
1658189472,API3USDT,Buy,100,1.978,ZeroMinusTick,6efcdc7b-ca31-5c61-9d0b-41d1bb27b276,1.978e+10,100,197.8
1658189472,API3USDT,Buy,100,1.978,ZeroMinusTick,154a3785-2e1c-5e02-bf48-e5c83cc0953e,1.978e+10,100,197.8
1658189473,API3USDT,Buy,100,1.979,PlusTick,80823b0b-d492-5bb8-97d8-d95d9c0d910d,1.979e+10,100,197.9
1658189473,API3USDT,Buy,70,1.980,PlusTick,99f9a3c3-20e3-521f-89eb-d56413e785e6,1.386e+10,70,138.6
1658189473,API3USDT,Buy,581.2,1.981,PlusTick,c740d8ce-7c23-5710-80f7-a2ba212c7250,1.1513572000000002e+11,581.2,1151.3572000000001
1658189473,API3USDT,Buy,100,1.980,MinusTick,8e61d67b-08a4-580c-9b42-629e35b1d01b,1.98e+10,100,198
1658189475,API3USDT,Buy,100,1.978,MinusTick,18bafecc-0531-5460-a83f-74b3f34ca8e2,1.978e+10,100,197.8
1658189475,API3USDT,Sell,100,1.978,ZeroMinusTick,a8eac905-b707-587e-b881-352cd2fb9452,1.978e+10,100,197.8
1658189475,API3USDT,Sell,70,1.978,ZeroMinusTick,5cd3fd6c-d0bb-5e66-8006-5fbbbf1af542,1.3846e+10,70,138.46
1658189475,API3USDT,Sell,70,1.977,MinusTick,09be3e5c-2ec3-5f5e-9cfc-5c0ad52fe478,1.3839000000000002e+10,70,138.39000000000001
1658189475,API3USDT,Sell,51,1.977,ZeroMinusTick,431a46fa-f0cc-5d99-b83d-cff9ceb79a92,1.00827e+10,51,100.827
1658189475,API3USDT,Sell,100,1.977,ZeroMinusTick,3e32d640-45bb-5b29-a1e5-05260424cfb3,1.977e+10,100,197.70000000000002
1658189475,API3USDT,Sell,51,1.976,MinusTick,9c1d33c3-e6e5-583b-a3b2-2d6d66f42251,1.00776e+10,51,100.776
1658189475,API3USDT,Sell,57.5,1.976,ZeroMinusTick,87f5b7a4-afb1-5d0f-bc79-0ad7959c319b,1.1362e+10,57.5,113.62
1658189475,API3USDT,Buy,0.1,1.979,PlusTick,da29f748-60ac-5a39-a444-73b8ea9787ba,1.9790000000000004e+07,0.1,0.19790000000000002
1658189476,API3USDT,Buy,100,1.979,ZeroMinusTick,c06460f9-ce6a-5f21-855f-4a745ff6da23,1.979e+10,100,197.9
1658189476,API3USDT,Buy,70,1.979,ZeroMinusTick,61bb27c0-8403-50ab-ac53-adeead3658a6,1.3853e+10,70,138.53
1658189478,API3USDT,Buy,70,1.978,MinusTick,62e3019a-21a3-5a51-86c7-03f2b9dbffad,1.3846e+10,70,138.46
1658189478,API3USDT,Sell,51,1.977,MinusTick,f411b288-2da9-511e-bcad-384c7c6ef5b0,1.00827e+10,51,100.827
1658189481,API3USDT,Buy,48.6,1.978,PlusTick,0b568009-4d87-51b3-a13a-03c6542d2cc3,9.61308e+09,48.6,96.13080000000001
1658189481,API3USDT,Buy,715.8,1.978,ZeroMinusTick,036feefa-f08e-58aa-8654-13d130a9fc63,1.4158524e+11,715.8,1415.8524
1658189481,API3USDT,Buy,100,1.978,ZeroMinusTick,6114b79f-7d67-583b-b45a-fb6f2b0a816c,1.978e+10,100,197.8
1658189481,API3USDT,Buy,91.1,1.978,ZeroMinusTick,1c75d52f-8031-50f2-9ad5-371227e3e7a0,1.801958e+10,91.1,180.1958
1658189485,API3USDT,Buy,100,1.978,ZeroMinusTick,2a4ebfdc-8ac6-5ef3-b9bc-ebfba59811c4,1.978e+10,100,197.8
1658189486,API3USDT,Buy,71.7,1.979,PlusTick,c9178f35-6bbb-5164-8c7d-3cc9422bb545,1.4189430000000002e+10,71.7,141.89430000000002
1658189486,API3USDT,Buy,100,1.979,ZeroMinusTick,56e42322-30db-5d72-836e-01d8ecf48f5f,1.979e+10,100,197.9
1658189488,API3USDT,Buy,100,1.979,ZeroMinusTick,dd52a981-0a08-5451-9138-8cfc8e09c0c0,1.979e+10,100,197.9
1658189488,API3USDT,Sell,100,1.979,ZeroMinusTick,ea9670cf-fd3c-5aed-a878-0762452de537,1.979e+10,100,197.9
1658189492,API3USDT,Sell,51,1.978,MinusTick,409d73bc-e2f7-55e6-a727-94b28c27fc93,1.00878e+10,51,100.878
1658189492,API3USDT,Sell,70,1.978,ZeroMinusTick,994345ac-aeee-50b6-b7f9-db1b3f77bef0,1.3846e+10,70,138.46
1658189493,API3USDT,Buy,70,1.978,ZeroMinusTick,1e6dc841-ba4b-5f9e-a43d-6d85ed2320df,1.3846e+10,70,138.46
1658189494,API3USDT,Buy,100,1.979,PlusTick,d70222ac-aea5-50d3-8901-b9251ae1277d,1.979e+10,100,197.9
1658189496,API3USDT,Sell,10.5,1.977,MinusTick,b0ab7dc4-fecb-57c4-a1e4-50112f4944e2,2.0758500000000002e+09,10.5,20.7585
1658189496,API3USDT,Sell,40.5,1.977,ZeroMinusTick,588f2556-de66-557c-b810-d21db285244a,8.00685e+09,40.5,80.0685
1658189496,API3USDT,Sell,51,1.976,MinusTick,2afd90da-6e65-5df5-937c-3ea999a7eba2,1.00776e+10,51,100.776
1658189496,API3USDT,Sell,403.1,1.976,ZeroMinusTick,e58e6692-b30a-51d8-971d-dc722126691f,7.965256e+10,403.1,796.5256
1658189496,API3USDT,Sell,100,1.976,ZeroMinusTick,cccc66f0-dc8e-526b-a40a-9ab180641f1d,1.976e+10,100,197.6
1658189498,API3USDT,Sell,51,1.976,ZeroMinusTick,f89a0169-33f2-5474-ab50-41c76d1cc2c7,1.00776e+10,51,100.776
1658189498,API3USDT,Sell,100,1.976,ZeroMinusTick,2fba4a07-ec46-5f63-b0e5-60e79f984e5e,1.976e+10,100,197.6
1658189498,API3USDT,Sell,51,1.975,MinusTick,e6556ad8-ef1f-584b-b11d-85767405c8fa,1.00725e+10,51,100.72500000000001
1658189498,API3USDT,Sell,100,1.975,ZeroMinusTick,34f2d18d-ded5-5137-8090-97c0e4393720,1.975e+10,100,197.5
1658189499,API3USDT,Sell,100,1.975,ZeroMinusTick,2097aeb0-1358-599f-865a-3673b5a38b0e,1.975e+10,100,197.5
1658189499,API3USDT,Sell,200,1.974,MinusTick,40386a24-26a1-5f4f-929a-3d8b6e8ad435,3.948e+10,200,394.8
1658189499,API3USDT,Sell,51,1.974,ZeroMinusTick,f8fb419a-6bf7-57a7-b2da-3dac6cc7c007,1.00674e+10,51,100.67399999999999
1658189499,API3USDT,Sell,430.3,1.974,ZeroMinusTick,66b5a95c-d86c-5df1-9ee5-e751c1e1ab55,8.494122e+10,430.3,849.4122
1658189499,API3USDT,Sell,393.3,1.974,ZeroMinusTick,577644d7-4577-5621-9ce4-5a5dce5318a1,7.763742e+10,393.3,776.3742
1658189499,API3USDT,Sell,45.4,1.974,ZeroMinusTick,d0bcd867-11d0-5f3d-9142-9d2ba2858be0,8.96196e+09,45.4,89.61959999999999
1658189500,API3USDT,Sell,100,1.974,ZeroMinusTick,21cd0c64-1532-5fe7-82e8-ac07310dd542,1.974e+10,100,197.4
1658189500,API3USDT,Sell,100,1.973,MinusTick,a90a4914-46c0-5fb0-9e53-50c66ce97a18,1.973e+10,100,197.3
1658189500,API3USDT,Sell,100,1.974,PlusTick,49d8521d-2272-5210-956a-dea953f76b49,1.974e+10,100,197.4
1658189503,API3USDT,Sell,100,1.972,MinusTick,148db48e-65d4-58ab-a0b4-4e66255d3ddb,1.972e+10,100,197.2
1658189503,API3USDT,Buy,70,1.971,MinusTick,e989eea8-cc59-589c-a98c-9e0435395071,1.3797e+10,70,137.97
1658189503,API3USDT,Sell,39.7,1.971,ZeroMinusTick,efd39baa-fcfe-5f33-90dc-8d5f09e3ff5a,7.824870000000001e+09,39.7,78.24870000000001
1658189503,API3USDT,Sell,60.3,1.971,ZeroMinusTick,e351b1a9-8d97-5e81-87ae-76022bc8c1d0,1.188513e+10,60.3,118.8513
1658189503,API3USDT,Sell,51,1.970,MinusTick,fd6b8457-bb2c-5c4f-9f93-fbde8ed35f5e,1.0047e+10,51,100.47
1658189503,API3USDT,Sell,51,1.970,ZeroMinusTick,361840a0-2f97-5130-8bd1-6b9b1f60b105,1.0047e+10,51,100.47
1658189503,API3USDT,Sell,49,1.970,ZeroMinusTick,06630d89-2876-5816-82db-17a107278e79,9.653e+09,49,96.53
1658189503,API3USDT,Sell,51,1.969,MinusTick,1f80dc39-ef5b-5d9e-91a4-f8d1342b86c6,1.0041900000000002e+10,51,100.41900000000001
1658189504,API3USDT,Sell,100,1.970,PlusTick,534e73dd-c317-5a2a-aba6-14b5f4e7e0ad,1.97e+10,100,197
1658189504,API3USDT,Sell,100,1.969,MinusTick,9ea073e8-81a2-5c3e-ada6-0231f0464fdb,1.969e+10,100,196.9
1658189504,API3USDT,Sell,100,1.969,ZeroMinusTick,d8a53589-9939-55d6-b653-f58c1c6eef20,1.969e+10,100,196.9
1658189505,API3USDT,Sell,100,1.968,MinusTick,17778688-9e17-5bbd-8daa-5ae64553c950,1.968e+10,100,196.8
1658189506,API3USDT,Sell,100,1.968,ZeroMinusTick,e66919e8-7401-5e05-997d-03b747132063,1.968e+10,100,196.8
1658189506,API3USDT,Sell,51,1.966,MinusTick,9ae28442-2a72-5908-b876-41c347b7f32f,1.00266e+10,51,100.266
1658189506,API3USDT,Sell,100,1.967,PlusTick,60d3c0f0-9029-5470-9950-f63c730ec41f,1.967e+10,100,196.70000000000002
1658189507,API3USDT,Sell,100,1.966,MinusTick,87d5aeb5-68f0-5fc1-a9a6-8f28aa5f8cd3,1.966e+10,100,196.6
1658189508,API3USDT,Sell,1200,1.965,MinusTick,8730196c-355e-515a-a852-90e2107cc4a5,2.358e+11,1200,2358
1658189508,API3USDT,Sell,51,1.965,ZeroMinusTick,1e717314-6f49-5b3c-a41e-cdc173542108,1.00215e+10,51,100.215
1658189508,API3USDT,Sell,37.1,1.965,ZeroMinusTick,496b9128-d5a6-5a5f-82d2-86f824656554,7.290150000000001e+09,37.1,72.90150000000001
1658189508,API3USDT,Sell,62.9,1.965,ZeroMinusTick,38109093-396e-5a58-b69c-61cb22b0adc2,1.235985e+10,62.9,123.5985
1658189508,API3USDT,Sell,429.5,1.964,MinusTick,857ebe7a-688f-5941-bf09-f6402396d779,8.43538e+10,429.5,843.538
1658189508,API3USDT,Sell,394.2,1.964,ZeroMinusTick,fec892a3-aa02-5112-b9c8-098fb7dbe5f6,7.742088e+10,394.2,774.2088
1658189508,API3USDT,Sell,38.9,1.964,ZeroMinusTick,92116f4d-f382-5791-acb9-ba662d70853a,7.639959999999999e+09,38.9,76.39959999999999
1658189508,API3USDT,Buy,70,1.964,ZeroMinusTick,06a66d3b-4d72-5123-a43b-92e67cf64310,1.3747999999999998e+10,70,137.48
1658189508,API3USDT,Sell,100,1.965,PlusTick,d1a583c0-7ba5-563b-8a8e-b29a7332316f,1.965e+10,100,196.5
1658189508,API3USDT,Buy,70,1.964,MinusTick,6635ce6d-840f-5f63-839a-b8c68ea12434,1.3747999999999998e+10,70,137.48
1658189508,API3USDT,Buy,70,1.964,ZeroMinusTick,031df6b0-dcf5-51d6-b12e-b9e38a939ad8,1.3747999999999998e+10,70,137.48
1658189509,API3USDT,Sell,51,1.963,MinusTick,8451a15f-1a3d-5c1d-a914-0a9b783a32d8,1.00113e+10,51,100.113
1658189509,API3USDT,Sell,100,1.963,ZeroMinusTick,d4e8a0d5-a8b8-5937-887c-9b40f18653a5,1.963e+10,100,196.3
1658189509,API3USDT,Buy,70,1.964,PlusTick,641cd336-ab77-5e13-aeba-54b54db2b5a1,1.3747999999999998e+10,70,137.48
1658189509,API3USDT,Sell,100,1.963,MinusTick,dd6ab416-c068-5cc0-8d89-14ef14a21b3a,1.963e+10,100,196.3
1658189510,API3USDT,Sell,51,1.963,ZeroMinusTick,ca17af75-d1b3-5a5c-bcc9-7b7168468035,1.00113e+10,51,100.113
1658189510,API3USDT,Sell,100,1.962,MinusTick,4e8b4c78-b2b7-5330-99fa-45974c3b952d,1.962e+10,100,196.2
1658189512,API3USDT,Buy,51,1.964,PlusTick,a377c9f1-9402-5746-a6f9-740b8ebd13da,1.00164e+10,51,100.164
1658189512,API3USDT,Buy,100,1.964,ZeroMinusTick,2e4fde46-90a6-5c4a-adc2-4db684a9e2ed,1.964e+10,100,196.4
1658189517,API3USDT,Sell,0.1,1.964,ZeroMinusTick,85075aca-f49c-5832-b7e8-87dafa08d61e,1.9640000000000004e+07,0.1,0.19640000000000002
1658189517,API3USDT,Sell,100,1.963,MinusTick,48f0db98-9378-590c-ba81-af3a08e747fd,1.963e+10,100,196.3
1658189517,API3USDT,Sell,249.8,1.963,ZeroMinusTick,fd74383a-9c8a-5a6a-8fb2-80c06a417b3d,4.903574000000001e+10,249.8,490.35740000000004
1658189517,API3USDT,Buy,70,1.964,PlusTick,f5f2758b-2525-56c6-809f-e2717e786dd0,1.3747999999999998e+10,70,137.48
1658189518,API3USDT,Sell,100,1.962,MinusTick,b0c67f75-631a-5c51-9e70-352b61351662,1.962e+10,100,196.2
1658189519,API3USDT,Sell,100,1.962,ZeroMinusTick,75c35ea7-d26a-59bc-9983-920fd5456e61,1.962e+10,100,196.2
1658189519,API3USDT,Sell,100,1.962,ZeroMinusTick,bce73105-398e-5e80-81f3-f29874496f11,1.962e+10,100,196.2
1658189519,API3USDT,Sell,100,1.960,MinusTick,34704304-0657-5b0f-b916-510a4c697b7e,1.96e+10,100,196
1658189519,API3USDT,Sell,134.4,1.960,ZeroMinusTick,c0f5e072-94f8-5a74-b8a3-c679393a4b24,2.6342399999999996e+10,134.4,263.424
1658189519,API3USDT,Sell,100,1.961,PlusTick,ba307e59-a5c0-5e62-a9b0-57eba09a8f7e,1.961e+10,100,196.1
1658189520,API3USDT,Sell,100,1.961,ZeroMinusTick,bb183c9c-9611-5222-abb3-cbcb45cc641a,1.961e+10,100,196.1
1658189520,API3USDT,Sell,100,1.961,ZeroMinusTick,c2fb2143-ec8b-56ce-9691-f0284c8e224d,1.961e+10,100,196.1
1658189520,API3USDT,Sell,100,1.961,ZeroMinusTick,7f95bc84-a6b9-5b02-8cc5-623554a48f19,1.961e+10,100,196.1
1658189521,API3USDT,Sell,100,1.962,PlusTick,3775b33d-c806-58b6-855c-029790f8721b,1.962e+10,100,196.2
1658189529,API3USDT,Sell,100,1.960,MinusTick,d9d54522-285a-5d7d-97d2-c5a94da0d417,1.96e+10,100,196
1658189536,API3USDT,Buy,100,1.956,MinusTick,a539844b-e378-5373-9fca-783a9bd6939e,1.956e+10,100,195.6
1658189538,API3USDT,Sell,2,1.955,MinusTick,24b87d23-0794-56df-9d15-d49663130b02,3.91e+08,2,3.91
1658189539,API3USDT,Buy,51,1.956,PlusTick,56dc6cd8-060a-5137-b0dd-3f384b9b7cfc,9.9756e+09,51,99.756
1658189539,API3USDT,Buy,120,1.956,ZeroMinusTick,8a696477-0c83-5ac9-933d-62fadde0724e,2.3472e+10,120,234.72
1658189539,API3USDT,Buy,334,1.956,ZeroMinusTick,57a17170-7ecc-501c-b3f6-6bdaca5ece56,6.53304e+10,334,653.304
1658189539,API3USDT,Buy,51,1.957,PlusTick,6334a622-69ce-5d47-a515-8f848c937373,9.9807e+09,51,99.807
1658189539,API3USDT,Buy,268.4,1.957,ZeroMinusTick,d3a087dc-a743-56cb-8177-b6ec65b577d1,5.252587999999999e+10,268.4,525.2588
1658189540,API3USDT,Buy,51,1.958,PlusTick,922861e5-c3f8-5aeb-a77b-7ec361928228,9.9858e+09,51,99.858
1658189541,API3USDT,Buy,51,1.959,PlusTick,2d35af9f-05fd-52e0-9c91-5b945983d45f,9.9909e+09,51,99.909
1658189541,API3USDT,Buy,405.4,1.959,ZeroMinusTick,6b546842-2a92-5e36-a434-94b2fa14c1ea,7.941786e+10,405.4,794.1786
1658189541,API3USDT,Buy,100,1.959,ZeroMinusTick,490bef7a-6624-536c-a631-4a33fa70c5cb,1.959e+10,100,195.9
1658189541,API3USDT,Buy,100,1.960,PlusTick,7f8e0c27-f9a9-5002-aad3-11efeb5883b5,1.96e+10,100,196
1658189541,API3USDT,Buy,51,1.961,PlusTick,5312193d-3965-525f-8d5b-9a0286e00fcb,1.0001100000000002e+10,51,100.01100000000001
1658189541,API3USDT,Buy,100,1.961,ZeroMinusTick,dc93674b-72a0-5ade-880b-2a2da03bd728,1.961e+10,100,196.1
1658189547,API3USDT,Sell,51,1.961,ZeroMinusTick,41f34bef-19b7-56b0-953e-3f995e155dac,1.0001100000000002e+10,51,100.01100000000001
1658189547,API3USDT,Sell,100,1.960,MinusTick,b58d436d-0dca-5399-80c4-57107997365a,1.96e+10,100,196
1658189548,API3USDT,Sell,51,1.959,MinusTick,1f2b9838-a733-5eb1-85a0-3a32fe69e44b,9.9909e+09,51,99.909
1658189549,API3USDT,Sell,51,1.958,MinusTick,e8a4e1c8-ff49-5ee8-98ea-c8cbefeb6333,9.9858e+09,51,99.858
1658189551,API3USDT,Buy,100,1.959,PlusTick,200c7253-ef65-5e5a-b662-f11819559111,1.959e+10,100,195.9
1658189553,API3USDT,Buy,51,1.961,PlusTick,dc84b8d4-7299-5486-a7c0-09b95c573a59,1.0001100000000002e+10,51,100.01100000000001
1658189553,API3USDT,Buy,100,1.961,ZeroMinusTick,cda3eef8-06f6-54cf-a56e-ad09132d6b85,1.961e+10,100,196.1
1658189554,API3USDT,Buy,100,1.961,ZeroMinusTick,523aa4c3-254f-5954-9ee6-9b6486fe4d07,1.961e+10,100,196.1
1658189554,API3USDT,Buy,51,1.962,PlusTick,bec925a2-d95f-5096-8091-d398a27d421a,1.00062e+10,51,100.062
1658189554,API3USDT,Buy,100,1.962,ZeroMinusTick,6631b92d-6316-5aa8-b034-afe8d91abac1,1.962e+10,100,196.2
1658189556,API3USDT,Buy,301.4,1.962,ZeroMinusTick,19225846-a1bf-5559-814e-cead1246f0d1,5.913467999999999e+10,301.4,591.3467999999999
1658189556,API3USDT,Buy,100,1.962,ZeroMinusTick,921e12c0-eacc-5f18-a208-08a67fd3b2f3,1.962e+10,100,196.2
1658189559,API3USDT,Buy,100,1.964,PlusTick,edeb96c7-34b4-587a-ad8f-b7bcc8895cd3,1.964e+10,100,196.4
1658189559,API3USDT,Buy,51,1.965,PlusTick,21598b88-d543-5cc7-be66-1b493887fc4f,1.00215e+10,51,100.215
1658189559,API3USDT,Buy,100,1.965,ZeroMinusTick,d4051778-fc7c-59f9-bcc8-fc10eda4d8f1,1.965e+10,100,196.5
1658189561,API3USDT,Buy,51,1.966,PlusTick,baa25d36-6afa-56bf-a3cd-1f624553ca36,1.00266e+10,51,100.266
1658189563,API3USDT,Buy,70,1.967,PlusTick,e014cd9d-4b25-5d3e-a338-21fba59828e7,1.3769e+10,70,137.69
1658189563,API3USDT,Buy,249.8,1.967,ZeroMinusTick,9e9b92b0-62e3-523c-b777-67f5f5deda76,4.913566e+10,249.8,491.3566
1658189563,API3USDT,Buy,100,1.967,ZeroMinusTick,5648a3aa-8f0c-58dd-800a-35db47b97419,1.967e+10,100,196.70000000000002
1658189563,API3USDT,Buy,100,1.966,MinusTick,9a13433a-03d1-5fc8-b722-2c9e4bf11022,1.966e+10,100,196.6
1658189563,API3USDT,Sell,100,1.966,ZeroMinusTick,d44a714f-f4c2-59df-acde-4940bc719503,1.966e+10,100,196.6
1658189564,API3USDT,Buy,100,1.967,PlusTick,d3ba8743-791c-5f5e-85e8-4c9d26ea5d1a,1.967e+10,100,196.70000000000002
1658189567,API3USDT,Buy,51,1.970,PlusTick,170050fc-d81e-513e-b594-156dd86eedd6,1.0047e+10,51,100.47
1658189571,API3USDT,Buy,100,1.971,PlusTick,8301a0c0-0f40-5640-b6cf-5fc7e35696c6,1.9710000000000004e+10,100,197.10000000000002
1658189572,API3USDT,Buy,249.8,1.973,PlusTick,a5b77d91-7b33-51b7-8d9c-9327e5e3b9e6,4.928554e+10,249.8,492.85540000000003
1658189572,API3USDT,Buy,100,1.973,ZeroMinusTick,5d79c8c3-0f28-5f61-8051-c9541019fa0e,1.973e+10,100,197.3
1658189574,API3USDT,Sell,51,1.971,MinusTick,8b533799-4a30-5abf-8f82-89b04238d110,1.00521e+10,51,100.521
1658189574,API3USDT,Sell,51,1.970,MinusTick,980d7bcb-50b7-5f91-af16-7d890132a82d,1.0047e+10,51,100.47
1658189574,API3USDT,Sell,100,1.970,ZeroMinusTick,9cc5aef5-dc36-509d-b0da-27a2461cdb0f,1.97e+10,100,197
1658189575,API3USDT,Sell,51,1.969,MinusTick,89c7429e-f0ff-58bc-86a3-cafd9e6c4e32,1.0041900000000002e+10,51,100.41900000000001
1658189575,API3USDT,Sell,100,1.969,ZeroMinusTick,2b1d2742-168a-5a96-802c-e46ce739433c,1.969e+10,100,196.9
1658189575,API3USDT,Buy,100,1.971,PlusTick,d5eb7f54-beb0-56d1-8d96-a96f1e394c17,1.9710000000000004e+10,100,197.10000000000002
1658189576,API3USDT,Sell,100,1.971,ZeroMinusTick,2e7b3da5-5079-544d-9598-39b8ec2b9f2d,1.9710000000000004e+10,100,197.10000000000002
1658189576,API3USDT,Sell,51,1.970,MinusTick,db9ed21d-7393-52a7-bd21-995374884c63,1.0047e+10,51,100.47
1658189576,API3USDT,Sell,49,1.970,ZeroMinusTick,55c9eae3-7cae-55cb-8a27-08811b3a0609,9.653e+09,49,96.53
1658189576,API3USDT,Sell,51,1.969,MinusTick,61c6f59a-b043-5404-9f3c-3b67cc15556b,1.0041900000000002e+10,51,100.41900000000001
1658189576,API3USDT,Sell,100,1.970,PlusTick,45e40ac0-da24-5136-be93-a61586ae042b,1.97e+10,100,197
1658189577,API3USDT,Sell,100,1.969,MinusTick,b33836b1-9da2-5e4d-8053-39544196728b,1.969e+10,100,196.9
1658189577,API3USDT,Sell,100,1.969,ZeroMinusTick,1aeaefdb-6fa5-5184-bb5e-d0ead351fb4e,1.969e+10,100,196.9
1658189577,API3USDT,Sell,249.8,1.969,ZeroMinusTick,b964e7eb-50c6-5015-81dc-34fb6dd2eaee,4.918562000000001e+10,249.8,491.85620000000006
1658189579,API3USDT,Buy,51,1.972,PlusTick,3c495333-8345-5f58-a93c-50aa3b915547,1.00572e+10,51,100.572
1658189579,API3USDT,Buy,100,1.972,ZeroMinusTick,ba1964d9-fb7b-5c48-8b4a-4ba1378d56d9,1.972e+10,100,197.2
1658189579,API3USDT,Buy,39.5,1.973,PlusTick,6874af94-9d15-5e5a-aabb-4e4f22a464d7,7.793350000000001e+09,39.5,77.93350000000001
1658189579,API3USDT,Buy,11.5,1.973,ZeroMinusTick,d904a67c-f84d-5e9a-ab31-23801a301c6f,2.2689500000000005e+09,11.5,22.689500000000002
1658189584,API3USDT,Sell,100,1.970,MinusTick,c5c2690c-7fb7-5386-99b4-0c8f105196ae,1.97e+10,100,197
1658189584,API3USDT,Sell,51,1.969,MinusTick,38b08a8d-e116-53d0-acb7-8b692e6831e3,1.0041900000000002e+10,51,100.41900000000001
1658189587,API3USDT,Sell,100,1.969,ZeroMinusTick,c0f70716-bada-51be-9d14-4851d07206bd,1.969e+10,100,196.9
1658189587,API3USDT,Sell,70,1.969,ZeroMinusTick,4a5b12bf-4d1e-5e4e-9c4d-4d09bcae7e06,1.3783000000000002e+10,70,137.83
1658189587,API3USDT,Sell,207.6,1.969,ZeroMinusTick,5e02c50d-03d3-58da-8907-f2d015da966e,4.087644e+10,207.6,408.7644
1658189590,API3USDT,Buy,249.8,1.968,MinusTick,f550e059-323a-5358-85e8-a5ef145282c4,4.916064e+10,249.8,491.6064
1658189590,API3USDT,Sell,100,1.967,MinusTick,6a5dfb09-26e6-57a6-bc98-189a7f919df4,1.967e+10,100,196.70000000000002
1658189591,API3USDT,Sell,51,1.966,MinusTick,a6af3928-6c73-5473-a713-9ed321169bc6,1.00266e+10,51,100.266
1658189591,API3USDT,Sell,100,1.966,ZeroMinusTick,c6219b6e-8839-504a-b94f-17ac73fa0195,1.966e+10,100,196.6
1658189595,API3USDT,Sell,249.8,1.966,ZeroMinusTick,cab9be4c-7564-58ec-a3c5-e72e4b183708,4.911068e+10,249.8,491.1068
1658189596,API3USDT,Sell,100,1.965,MinusTick,cc5d0543-170c-5091-9df8-42ebe12dc933,1.965e+10,100,196.5
1658189597,API3USDT,Sell,100,1.964,MinusTick,4af3fdfe-2d46-5692-9aa6-442e2e199bb5,1.964e+10,100,196.4
1658189597,API3USDT,Sell,100,1.964,ZeroMinusTick,371a07b1-5e9f-56a8-9534-1d6b45176555,1.964e+10,100,196.4
1658189597,API3USDT,Sell,100,1.963,MinusTick,af2d449b-5874-5321-a139-810a511b79e1,1.963e+10,100,196.3
1658189597,API3USDT,Sell,100,1.963,ZeroMinusTick,61c8a92c-4bc0-5f70-b004-3f90e214f741,1.963e+10,100,196.3
1658189598,API3USDT,Buy,42.2,1.964,PlusTick,9f4d1587-5069-5faa-a6cb-e3bfabafcfc4,8.288080000000001e+09,42.2,82.88080000000001
1658189602,API3USDT,Buy,51,1.965,PlusTick,66cd4659-1bde-5ed7-b069-b01ae7ec7093,1.00215e+10,51,100.215
1658189604,API3USDT,Buy,51,1.966,PlusTick,698aa586-9218-5b1f-98f6-4bcfd76e96fd,1.00266e+10,51,100.266
1658189606,API3USDT,Buy,51,1.967,PlusTick,7263aefb-9858-5d41-8377-01110b9e509c,1.00317e+10,51,100.31700000000001
1658189606,API3USDT,Buy,51,1.968,PlusTick,60c40202-a330-5c32-8cc1-04683e1786c2,1.00368e+10,51,100.368
1658189606,API3USDT,Sell,51,1.968,ZeroMinusTick,09e0a296-8b8e-5f68-8dc0-8135c69877ca,1.00368e+10,51,100.368
1658189607,API3USDT,Sell,100,1.967,MinusTick,e338ec4f-b9b5-5d88-950d-18b4754cec7b,1.967e+10,100,196.70000000000002
1658189609,API3USDT,Sell,100,1.966,MinusTick,d442a652-5886-5fea-b08b-e2bcf8a160bc,1.966e+10,100,196.6
1658189609,API3USDT,Sell,100,1.966,ZeroMinusTick,ae1c82af-88c7-536d-804d-e398c0440ca9,1.966e+10,100,196.6
1658189618,API3USDT,Sell,100,1.965,MinusTick,722542e4-2054-5859-a833-9fca36981c02,1.965e+10,100,196.5
1658189619,API3USDT,Buy,51,1.968,PlusTick,e404d9ea-1b3e-579e-818e-5538dd021dc3,1.00368e+10,51,100.368
1658189620,API3USDT,Sell,100,1.967,MinusTick,a5473efa-bac8-5683-a3e9-af9773b107c7,1.967e+10,100,196.70000000000002
1658189635,API3USDT,Buy,51,1.967,ZeroMinusTick,39ac11f5-7c05-51b4-950f-7ad579890884,1.00317e+10,51,100.31700000000001
1658189642,API3USDT,Sell,100,1.968,PlusTick,c00d3b1a-df89-553b-a7fb-2ab2d924568b,1.968e+10,100,196.8
1658189646,API3USDT,Sell,51,1.965,MinusTick,30dcf9b6-5123-54cf-9a2f-e66e3744761e,1.00215e+10,51,100.215
1658189646,API3USDT,Sell,100,1.965,ZeroMinusTick,19a4f194-3b8a-53b1-943d-12f45676129e,1.965e+10,100,196.5
1658189648,API3USDT,Sell,51,1.964,MinusTick,91ceeae3-1e16-5443-ba97-8c0cdb30fb79,1.00164e+10,51,100.164
1658189648,API3USDT,Sell,51,1.963,MinusTick,e3d16608-d626-5676-b175-3298bb3493e5,1.00113e+10,51,100.113
1658189648,API3USDT,Sell,51,1.962,MinusTick,b39871e5-18f5-5810-8844-1d1922f3460a,1.00062e+10,51,100.062
1658189650,API3USDT,Sell,51,1.960,MinusTick,8c5739fd-66d4-5a56-91d3-35b8258c7043,9.996e+09,51,99.96
1658189650,API3USDT,Sell,51,1.959,MinusTick,bee2e8ae-4685-5d91-b758-3bc6c884d0cc,9.9909e+09,51,99.909
1658189651,API3USDT,Buy,100,1.959,ZeroMinusTick,49ef64c4-48f9-5f39-834a-c74fb3bbdf15,1.959e+10,100,195.9
1658189651,API3USDT,Buy,51,1.960,PlusTick,90e90d1b-21b9-53a4-975c-0ea57879f2bf,9.996e+09,51,99.96
1658189658,API3USDT,Sell,1,1.956,MinusTick,11c07fad-2b03-51ec-a152-9019704d4642,1.956e+08,1,1.956
1658189658,API3USDT,Buy,100,1.958,PlusTick,ab5c1541-5d91-5d69-86e5-ec5240cafe06,1.958e+10,100,195.79999999999998
1658189663,API3USDT,Buy,51,1.958,ZeroMinusTick,3bd146fc-7462-5724-a08e-8d091c389a0d,9.9858e+09,51,99.858
1658189664,API3USDT,Buy,51,1.959,PlusTick,8d8f85f1-25c4-5c57-a8ba-ee120dadf413,9.9909e+09,51,99.909
1658189664,API3USDT,Buy,51,1.960,PlusTick,1564717e-635b-5880-af31-2398cd2f8dd0,9.996e+09,51,99.96
1658189665,API3USDT,Buy,51,1.961,PlusTick,533c8d4e-d3aa-5a47-85d3-3e38ed9f5550,1.0001100000000002e+10,51,100.01100000000001
1658189666,API3USDT,Buy,51,1.962,PlusTick,acbc886e-9f15-50df-ab80-9aab82ffb73d,1.00062e+10,51,100.062
1658189716,API3USDT,Buy,51,1.959,MinusTick,f5a23c1c-53e2-5097-83d2-00c48ee8751d,9.9909e+09,51,99.909
1658189720,API3USDT,Sell,100,1.960,PlusTick,1f293553-c07d-54f7-a9fd-c37abb5c1838,1.96e+10,100,196
1658189722,API3USDT,Sell,51,1.959,MinusTick,fdc59417-f77a-5c8f-aff9-5cf4bfead20a,9.9909e+09,51,99.909
1658189723,API3USDT,Sell,51,1.958,MinusTick,79a8feb2-3de7-54ba-8bff-260b0a3d8469,9.9858e+09,51,99.858
1658189723,API3USDT,Sell,100,1.958,ZeroMinusTick,26adfd20-ad33-59e6-85e6-4fa57896eda5,1.958e+10,100,195.79999999999998
1658189732,API3USDT,Sell,100,1.960,PlusTick,49430cb6-6307-5fb3-b9e6-c0b0c91ef220,1.96e+10,100,196
1658189758,API3USDT,Sell,100,1.962,PlusTick,7ee67bbe-e338-5f59-b45d-9ae8d2909555,1.962e+10,100,196.2
1658189758,API3USDT,Sell,100,1.961,MinusTick,58849e06-2675-57d4-bfe9-9f091a60b84f,1.961e+10,100,196.1
1658189759,API3USDT,Sell,100,1.961,ZeroMinusTick,3be2e14f-e22c-57ed-9ddc-8d8d7ed3585a,1.961e+10,100,196.1
1658189759,API3USDT,Sell,100,1.961,ZeroMinusTick,e4356fbe-e8b7-5fb1-8d50-0a00f1714d2a,1.961e+10,100,196.1
1658189759,API3USDT,Sell,100,1.961,ZeroMinusTick,10801f29-e889-53ff-8be1-49634381faee,1.961e+10,100,196.1
1658189790,API3USDT,Sell,28.9,1.955,MinusTick,2904ba5c-fc6b-543e-8093-2010908da899,5.64995e+09,28.9,56.4995
1658189790,API3USDT,Sell,32.9,1.955,ZeroMinusTick,e9a415d6-944f-50cf-abe7-b76377520b2c,6.431950000000001e+09,32.9,64.3195
1658189790,API3USDT,Sell,38.2,1.955,ZeroMinusTick,b8bc1d15-2597-5fe6-8d34-39c8781485dc,7.468100000000001e+09,38.2,74.68100000000001
1658189792,API3USDT,Sell,100,1.955,ZeroMinusTick,8f88e381-37a5-5144-9a88-3498c5310daa,1.955e+10,100,195.5
1658189797,API3USDT,Sell,100,1.951,MinusTick,2e56ced4-61d4-5cac-b5d9-427812251065,1.951e+10,100,195.1
1658189798,API3USDT,Buy,1.3,1.952,PlusTick,01ed7cfe-0e0b-5c2d-b4df-3655a5641751,2.5376e+08,1.3,2.5376
1658189800,API3USDT,Sell,100,1.950,MinusTick,64386b21-1014-5e15-8399-659fba822c25,1.95e+10,100,195
1658189803,API3USDT,Buy,51,1.950,ZeroMinusTick,36b791dc-8f72-501d-b158-50b803c25687,9.945e+09,51,99.45
1658189803,API3USDT,Buy,51,1.951,PlusTick,3e88b997-19e9-59c6-90e9-5864835f353c,9.9501e+09,51,99.501
1658189803,API3USDT,Buy,51,1.952,PlusTick,0bc7484e-d993-5efb-bbe9-39d622166207,9.9552e+09,51,99.55199999999999
1658189804,API3USDT,Sell,70,1.953,PlusTick,eea6f467-641f-560d-8cbb-8c472ae297f0,1.3671e+10,70,136.71
1658189804,API3USDT,Buy,51,1.953,ZeroMinusTick,1fc48a10-d8fa-53e4-9468-bf5487efe623,9.9603e+09,51,99.60300000000001
1658189807,API3USDT,Buy,51,1.953,ZeroMinusTick,35080d4b-5a7f-5779-93d2-374f7b645ebd,9.9603e+09,51,99.60300000000001
1658189808,API3USDT,Buy,51,1.954,PlusTick,f1dd5e0a-3516-57cb-9b90-0317464e146f,9.9654e+09,51,99.654
1658189808,API3USDT,Sell,100,1.954,ZeroMinusTick,8ebaeeb2-dae0-5cd2-979a-92f8b85d7f77,1.954e+10,100,195.4
1658189809,API3USDT,Sell,100,1.953,MinusTick,8449a989-2475-55ef-b4fc-98d953f1b8ef,1.953e+10,100,195.3
1658189810,API3USDT,Sell,51,1.951,MinusTick,ece56342-351c-5b8b-a0f8-d497d94e6fff,9.9501e+09,51,99.501
1658189810,API3USDT,Sell,100,1.951,ZeroMinusTick,be266574-6873-5305-a903-b053bf423602,1.951e+10,100,195.1
1658189814,API3USDT,Sell,58.8,1.949,MinusTick,825aa134-329c-5cb1-9ae5-8f4145851d4c,1.146012e+10,58.8,114.60119999999999
1658189815,API3USDT,Sell,41.2,1.949,ZeroMinusTick,b1f5b880-703e-517b-8b35-4f2b9e4837e3,8.029880000000001e+09,41.2,80.29880000000001
1658189815,API3USDT,Sell,100,1.949,ZeroMinusTick,44789b35-b8c7-5c12-a9d1-c7b30362d99d,1.949e+10,100,194.9
1658189815,API3USDT,Sell,100,1.949,ZeroMinusTick,53f10206-cf27-55e1-9b77-b2b263d673ee,1.949e+10,100,194.9
1658189815,API3USDT,Sell,100,1.948,MinusTick,f23c3ce6-f18e-5fbc-9214-27573518fbe0,1.948e+10,100,194.79999999999998
1658189818,API3USDT,Buy,51,1.949,PlusTick,329fd844-465f-56ee-8210-6f608588bd65,9.9399e+09,51,99.399
1658189819,API3USDT,Buy,51,1.951,PlusTick,1d2217e0-794c-58dc-8313-67b1bc2e97c2,9.9501e+09,51,99.501
1658189821,API3USDT,Buy,51,1.952,PlusTick,389bd2d8-0cb2-5c2f-a460-ecc227d21879,9.9552e+09,51,99.55199999999999
1658189833,API3USDT,Buy,51,1.954,PlusTick,df9568eb-c5a1-5616-8197-eb668a057640,9.9654e+09,51,99.654
1658189833,API3USDT,Buy,51,1.955,PlusTick,c51e5f72-e164-575c-be3b-dfade28db4d0,9.9705e+09,51,99.705
1658189833,API3USDT,Buy,395.9,1.956,PlusTick,e0571c0c-66b4-5ee6-82ab-094c26e83dd4,7.743803999999998e+10,395.9,774.3803999999999
1658189833,API3USDT,Buy,51,1.956,ZeroMinusTick,788f093c-8f62-5b01-90d1-507d4bbd309f,9.9756e+09,51,99.756
1658189833,API3USDT,Buy,435.1,1.956,ZeroMinusTick,88585508-76be-5d1a-8c91-7122eca530de,8.510556e+10,435.1,851.0556
1658189833,API3USDT,Buy,100,1.956,ZeroMinusTick,b5567287-0d1f-5358-82db-447f2d637360,1.956e+10,100,195.6
1658189833,API3USDT,Sell,70,1.956,ZeroMinusTick,80af101f-7619-519e-a190-15cf12aaa6c0,1.3691999999999998e+10,70,136.92
1658189834,API3USDT,Buy,100,1.957,PlusTick,324cebb5-4a10-51ff-a29e-8213f33afba7,1.957e+10,100,195.70000000000002
1658189834,API3USDT,Buy,51,1.958,PlusTick,245e9305-7183-5055-b148-a912e1ae7ef4,9.9858e+09,51,99.858
1658189837,API3USDT,Sell,51,1.955,MinusTick,b3f29cfe-41f1-5bd2-8265-65f04dce69b7,9.9705e+09,51,99.705
1658189837,API3USDT,Sell,51,1.954,MinusTick,ddef5415-eaef-5869-8f5e-96360f73fb18,9.9654e+09,51,99.654
1658189839,API3USDT,Sell,51,1.953,MinusTick,d505a66d-a32b-515e-9b22-eb61038d38f2,9.9603e+09,51,99.60300000000001
1658189844,API3USDT,Buy,51,1.955,PlusTick,01a11f23-b92a-5bf3-b383-c7c65c718120,9.9705e+09,51,99.705
1658189845,API3USDT,Buy,51,1.956,PlusTick,31195d13-178e-5052-b01f-ce73ff5c91fa,9.9756e+09,51,99.756
1658189845,API3USDT,Buy,51,1.957,PlusTick,fab5fa3e-5380-5bed-8490-df445738fa70,9.9807e+09,51,99.807
1658189845,API3USDT,Buy,100,1.958,PlusTick,53385289-2e90-57a9-a1fd-3c0d1b3ce159,1.958e+10,100,195.79999999999998
1658189853,API3USDT,Buy,100,1.957,MinusTick,d3d8eece-a676-56bd-a5a4-1361ee1a24cd,1.957e+10,100,195.70000000000002
1658189861,API3USDT,Buy,51,1.960,PlusTick,23e4e8f8-906f-5a08-b361-7cbf4dfd13fe,9.996e+09,51,99.96
1658189861,API3USDT,Buy,100,1.960,ZeroMinusTick,bf6a8fe4-d3fa-5097-98a4-dd89b3f39cf1,1.96e+10,100,196
1658189864,API3USDT,Sell,411.5,1.957,MinusTick,84eeee56-a4db-5487-9268-c1389a8e6562,8.053055e+10,411.5,805.3055
1658189864,API3USDT,Sell,51,1.957,ZeroMinusTick,1387223b-a175-5704-9226-9b480e53f71a,9.9807e+09,51,99.807
1658189864,API3USDT,Sell,255.6,1.956,MinusTick,59dc7878-6272-5f87-a900-fd396c97c049,4.999536e+10,255.6,499.9536
1658189869,API3USDT,Buy,70,1.955,MinusTick,f82f1a8d-69fc-52f0-b1be-045b720c04da,1.3685e+10,70,136.85
1658189869,API3USDT,Buy,63.9,1.955,ZeroMinusTick,25956ef9-c2b4-5c53-ab75-28ab2d61b39e,1.249245e+10,63.9,124.9245
1658189873,API3USDT,Buy,51,1.958,PlusTick,923f544e-6694-5995-9353-007260319977,9.9858e+09,51,99.858
1658189880,API3USDT,Buy,51,1.958,ZeroMinusTick,cb7fc9d7-2100-5d7b-97bd-f024660e056a,9.9858e+09,51,99.858
1658189885,API3USDT,Sell,100,1.956,MinusTick,4d23fa33-19bf-5b51-ab8b-97ba7c530dee,1.956e+10,100,195.6
1658189894,API3USDT,Buy,100,1.956,ZeroMinusTick,44a3d9fc-4767-5b29-a852-ff9c38e4cfe7,1.956e+10,100,195.6
1658189895,API3USDT,Buy,51,1.957,PlusTick,cc8f710f-2894-59f3-a6d2-a7d61117fc33,9.9807e+09,51,99.807
1658189895,API3USDT,Buy,51,1.958,PlusTick,97533e04-323f-557a-824e-f4ae88dbe59c,9.9858e+09,51,99.858
1658189895,API3USDT,Buy,100,1.958,ZeroMinusTick,c5233ea9-96ef-5f94-9767-250db3484228,1.958e+10,100,195.79999999999998
1658189911,API3USDT,Sell,51,1.951,MinusTick,198d2b97-0df1-5746-b5ba-48b907f25b2a,9.9501e+09,51,99.501
1658189912,API3USDT,Sell,100,1.951,ZeroMinusTick,daf3c1bb-485c-533b-8e19-a69e4a123792,1.951e+10,100,195.1
1658189923,API3USDT,Buy,51,1.954,PlusTick,3a9126d6-3a5d-5afa-8e73-39aebe6bcb72,9.9654e+09,51,99.654
1658189924,API3USDT,Sell,100,1.954,ZeroMinusTick,390e7ea0-b0d7-5608-a666-9f73e0b82fe6,1.954e+10,100,195.4
1658189938,API3USDT,Buy,10,1.955,PlusTick,5e460fbe-e98f-5031-abad-ec6591103085,1.955e+09,10,19.55
1658189960,API3USDT,Sell,51,1.951,MinusTick,a4946d9f-0a1e-5b1d-8edb-cecba6c4401b,9.9501e+09,51,99.501
1658189961,API3USDT,Buy,100,1.951,ZeroMinusTick,d8d5c8b6-ffdc-5ae4-b756-a8c0c8c1010a,1.951e+10,100,195.1
1658189969,API3USDT,Buy,100,1.949,MinusTick,b01eac2d-c4d6-54dc-a060-077453117958,1.949e+10,100,194.9
1658189989,API3USDT,Buy,100,1.946,MinusTick,b4d089e0-4957-52ab-8118-3c3c99607273,1.946e+10,100,194.6
1658189989,API3USDT,Buy,51,1.946,ZeroMinusTick,64be5884-253a-56de-987c-28010a96b4d8,9.9246e+09,51,99.246
1658189989,API3USDT,Buy,100,1.946,ZeroMinusTick,5ca596db-b01c-51d8-ac19-7553211e702d,1.946e+10,100,194.6
1658189990,API3USDT,Sell,0.1,1.945,MinusTick,d064ff56-176c-5848-9f6c-0bb77f01d161,1.945e+07,0.1,0.1945
1658189990,API3USDT,Sell,249.7,1.945,ZeroMinusTick,734551f1-2a25-5e5b-af85-eb727ad0c997,4.856665e+10,249.7,485.6665
1658189990,API3USDT,Sell,70,1.945,ZeroMinusTick,29d09a19-54df-59ab-a8e5-37c59f81962b,1.3615e+10,70,136.15
1658189990,API3USDT,Sell,67.7,1.944,MinusTick,7e05bbf8-1c9a-5f36-90b6-6bafca843b5a,1.316088e+10,67.7,131.6088
1658189990,API3USDT,Sell,69.9,1.944,ZeroMinusTick,99e70225-a630-5a31-8c24-0eca8f6da25c,1.3588560000000002e+10,69.9,135.8856
1658190018,API3USDT,Buy,10,1.947,PlusTick,37caba65-c1e4-51ec-8c38-fb44a2786ea1,1.947e+09,10,19.47
1658190027,API3USDT,Sell,51,1.943,MinusTick,f9106149-cd66-5790-9cd1-03bbdb0ad705,9.9093e+09,51,99.093
1658190027,API3USDT,Sell,100,1.943,ZeroMinusTick,d0fe9205-766e-55ce-a896-8b1cc1865d4d,1.943e+10,100,194.3
1658190036,API3USDT,Sell,421.5,1.940,MinusTick,ba2af9bf-c0ab-53fc-aada-01b72c46f4be,8.177099999999998e+10,421.5,817.7099999999999
1658190048,API3USDT,Buy,100,1.941,PlusTick,ef804775-52ef-5bbd-8718-f0de6f0ae6a7,1.941e+10,100,194.1
1658190061,API3USDT,Sell,70,1.939,MinusTick,e4c97d6e-4604-55e8-addf-fbf3321820c2,1.3573000000000002e+10,70,135.73000000000002
1658190061,API3USDT,Sell,2.5,1.939,ZeroMinusTick,14a41f59-47a3-54f7-bb25-02c12ecbf495,4.8475e+08,2.5,4.8475
1658190061,API3USDT,Sell,399,1.938,MinusTick,d532e152-4fe2-5f06-a950-682cb3054321,7.73262e+10,399,773.262
1658190061,API3USDT,Sell,98.1,1.938,ZeroMinusTick,9176e7de-5e0c-50bf-961f-99bf3708bfbe,1.901178e+10,98.1,190.1178
1658190061,API3USDT,Sell,51,1.938,ZeroMinusTick,b71d59e0-d6a3-5231-ab3a-f08a3bead512,9.8838e+09,51,98.838
1658190064,API3USDT,Buy,2.5,1.939,PlusTick,344284d3-f596-5343-8598-0e35c0b83e46,4.8475e+08,2.5,4.8475
1658190074,API3USDT,Buy,51,1.941,PlusTick,c87ed7bb-0545-507f-8bd4-3e61be4720fc,9.8991e+09,51,98.991
1658190099,API3USDT,Buy,51,1.941,ZeroMinusTick,a8e13fa9-3771-5d88-980c-d424452bf1f7,9.8991e+09,51,98.991
1658190118,API3USDT,Sell,0.5,1.939,MinusTick,3dc11125-3fba-513c-b6ef-b006eb8e3de2,9.695e+07,0.5,0.9695
1658190129,API3USDT,Buy,51,1.942,PlusTick,ae79081b-89fd-5e6f-96fa-5c7334fbee65,9.9042e+09,51,99.042
1658190129,API3USDT,Buy,51,1.942,ZeroMinusTick,6c1165de-dbd4-5cdd-94b0-c6aa7de2c3da,9.9042e+09,51,99.042
1658190129,API3USDT,Buy,49,1.942,ZeroMinusTick,3b229bdd-40a1-5799-886d-6d0a82968fb2,9.5158e+09,49,95.158
1658190141,API3USDT,Sell,100,1.945,PlusTick,68ba0cdf-057f-5b48-bf69-a755c4807cb9,1.945e+10,100,194.5
1658190141,API3USDT,Sell,100,1.945,ZeroMinusTick,b0bda1d0-b802-5f12-ac9e-df33b8d43bde,1.945e+10,100,194.5
1658190161,API3USDT,Sell,70,1.942,MinusTick,7ea8c9b6-a66b-53a9-b7c4-416b9f6a9e7d,1.3594e+10,70,135.94
1658190189,API3USDT,Buy,51,1.943,PlusTick,d8c528ee-f767-511f-a849-f723156406b6,9.9093e+09,51,99.093
1658190191,API3USDT,Buy,51,1.944,PlusTick,96ddb04e-3bc2-5662-9060-19e487bdc43f,9.9144e+09,51,99.14399999999999
1658190215,API3USDT,Sell,100,1.943,MinusTick,473a4ed8-5e8b-511c-900f-f87e0d26bc7b,1.943e+10,100,194.3
1658190219,API3USDT,Buy,51,1.945,PlusTick,f8263989-8234-55e1-8cb6-91946ce2c54a,9.9195e+09,51,99.19500000000001
1658190220,API3USDT,Sell,100,1.945,ZeroMinusTick,679bf66c-457e-58ec-9767-9a05dea841e3,1.945e+10,100,194.5
1658190247,API3USDT,Sell,51,1.945,ZeroMinusTick,c284c9c6-d0c8-5aa6-ac2e-369b51f7af29,9.9195e+09,51,99.19500000000001
1658190272,API3USDT,Sell,70,1.943,MinusTick,c4c3391e-a19a-5ee8-b7dd-40687866ab24,1.3601e+10,70,136.01
1658190272,API3USDT,Sell,70,1.943,ZeroMinusTick,89770b27-1885-588a-b928-e64587550817,1.3601e+10,70,136.01
1658190278,API3USDT,Buy,10,1.943,ZeroMinusTick,d4cac60a-5919-5de2-9ab3-1bcaabc0a65f,1.943e+09,10,19.43
1658190325,API3USDT,Buy,51,1.945,PlusTick,f9a2ebd9-7f68-5a6a-a56d-b5c429a17c14,9.9195e+09,51,99.19500000000001
1658190342,API3USDT,Sell,90,1.945,ZeroMinusTick,ee1eab41-2fcb-5b3d-af85-464e8a176f03,1.7505e+10,90,175.05
1658190342,API3USDT,Sell,10,1.945,ZeroMinusTick,ddf3865b-6dec-5383-a11d-a5dc9a9eb287,1.945e+09,10,19.45
1658190343,API3USDT,Sell,100,1.945,ZeroMinusTick,f9f7ee7a-b47b-518b-a563-b491d16fe93b,1.945e+10,100,194.5
1658190343,API3USDT,Sell,100,1.945,ZeroMinusTick,f00dfe98-6813-5542-9c24-ab189df973a8,1.945e+10,100,194.5
1658190385,API3USDT,Buy,100,1.946,PlusTick,3181cef1-6b38-54c0-93dc-1242f4682aa5,1.946e+10,100,194.6
1658190385,API3USDT,Sell,70,1.946,ZeroMinusTick,08cace80-25d6-5f5f-bb2d-a36576432643,1.3622e+10,70,136.22
1658190417,API3USDT,Sell,70,1.940,MinusTick,b3b325e2-d01f-5fb7-9acb-b50575dd539c,1.3579999999999998e+10,70,135.79999999999998
1658190442,API3USDT,Sell,51,1.935,MinusTick,561f891b-f644-5c57-9bd6-85a2988e81dd,9.8685e+09,51,98.685
1658190468,API3USDT,Sell,10,1.933,MinusTick,58d085d8-8334-59c5-8ba2-bcf9a8c49935,1.9330000000000002e+09,10,19.330000000000002
1658190470,API3USDT,Sell,100,1.932,MinusTick,83d72fdc-8725-5362-b486-8335a78886fa,1.932e+10,100,193.2
1658190470,API3USDT,Sell,70,1.932,ZeroMinusTick,e34e626c-0f20-504a-a14a-a41d8129b1c8,1.3524e+10,70,135.24
1658190484,API3USDT,Sell,70,1.932,ZeroMinusTick,d6f58ab6-6776-5dca-a152-006e564313c0,1.3524e+10,70,135.24
1658190484,API3USDT,Sell,70,1.932,ZeroMinusTick,0a629447-da68-5560-923d-fc367a21233f,1.3524e+10,70,135.24
1658190502,API3USDT,Buy,100,1.933,PlusTick,91eaa0ff-13f3-5d78-8bd8-d69557a54991,1.933e+10,100,193.3
1658190525,API3USDT,Sell,51,1.935,PlusTick,b9a0338b-1a81-51c2-941b-4fb945d46560,9.8685e+09,51,98.685
1658190526,API3USDT,Sell,51,1.934,MinusTick,727d89ad-6e3d-5c6c-9cc8-12333a142e81,9.8634e+09,51,98.634
1658190538,API3USDT,Sell,1.5,1.932,MinusTick,6a873007-74d8-5f6b-9520-ce959cd9a207,2.8979999999999994e+08,1.5,2.8979999999999997
1658190585,API3USDT,Sell,51,1.937,PlusTick,94e99290-1e4f-5726-a3e3-8da3fbe876e1,9.8787e+09,51,98.787
1658190611,API3USDT,Buy,100,1.938,PlusTick,c4903f30-3c42-5103-bfab-dfda4de79c0c,1.938e+10,100,193.79999999999998
1658190611,API3USDT,Buy,257.9,1.938,ZeroMinusTick,a060877f-f45a-5913-bfb1-3702da01da24,4.998101999999999e+10,257.9,499.81019999999995
1658190623,API3USDT,Buy,51,1.940,PlusTick,2ea51001-8869-52f1-9dd2-673c5e3cedad,9.894e+09,51,98.94
1658190623,API3USDT,Buy,411,1.941,PlusTick,6e2187ca-0ed5-5a95-bd7b-d6dfb867489a,7.97751e+10,411,797.751
1658190623,API3USDT,Buy,420.6,1.941,ZeroMinusTick,2e0628af-844c-5bff-b475-de250830932a,8.163846000000002e+10,420.6,816.3846000000001
1658190623,API3USDT,Buy,51,1.941,ZeroMinusTick,79687f40-57db-57cb-b28e-08fe9c5407d7,9.8991e+09,51,98.991
1658190623,API3USDT,Sell,100,1.941,ZeroMinusTick,a6ea44d8-a942-5970-bf2e-a960711858de,1.941e+10,100,194.1
1658190624,API3USDT,Buy,51,1.942,PlusTick,d6a7fd88-8b32-5b9b-9a0a-d63b4eef6d80,9.9042e+09,51,99.042
1658190624,API3USDT,Buy,100,1.942,ZeroMinusTick,b8069da4-d8d8-5d0c-92c8-7d0601889d99,1.942e+10,100,194.2
1658190624,API3USDT,Buy,415.9,1.943,PlusTick,3259ef36-6f94-5924-ae54-b77ae4b07fc9,8.080937e+10,415.9,808.0937
1658190624,API3USDT,Buy,395.2,1.943,ZeroMinusTick,cdc40038-85ce-5149-a4e7-6b0bd04ddbac,7.678736e+10,395.2,767.8736
1658190624,API3USDT,Buy,100,1.943,ZeroMinusTick,643c47a2-2660-59af-a45c-f93ede892bb0,1.943e+10,100,194.3
1658190626,API3USDT,Sell,80.5,1.943,ZeroMinusTick,b5f6f021-6fe7-5f85-b851-087c3938b28c,1.5641150000000002e+10,80.5,156.41150000000002
1658190649,API3USDT,Buy,100,1.944,PlusTick,7f232b0f-f31d-59c5-bffe-43dd07b5d4cf,1.944e+10,100,194.4
1658190655,API3USDT,Sell,404.9,1.942,MinusTick,14098061-d55a-5708-a9dc-a80f0fb4233b,7.863158e+10,404.9,786.3158
1658190655,API3USDT,Sell,51,1.942,ZeroMinusTick,79058b2c-9245-571b-aae9-f06170b19b5a,9.9042e+09,51,99.042
1658190664,API3USDT,Buy,51,1.944,PlusTick,77ebb73b-f73d-5265-a6bf-bad42711f71b,9.9144e+09,51,99.14399999999999
1658190672,API3USDT,Buy,51,1.945,PlusTick,9e30d51b-d26a-5b7d-9ed9-92ab18c6dce1,9.9195e+09,51,99.19500000000001
1658190688,API3USDT,Buy,0.1,1.946,PlusTick,dc486874-e275-5c3f-812a-49cc9269b943,1.946e+07,0.1,0.1946
1658190696,API3USDT,Sell,100,1.946,ZeroMinusTick,044bc216-567e-5e3e-8c44-e0127cad3788,1.946e+10,100,194.6
1658190715,API3USDT,Buy,100,1.947,PlusTick,02556ba4-085f-5f6f-98f9-f051b45a066d,1.947e+10,100,194.70000000000002
1658190716,API3USDT,Buy,128.4,1.948,PlusTick,a1abfc98-8eb8-541c-99ce-db1511fdd2b8,2.501232e+10,128.4,250.1232
1658190734,API3USDT,Sell,51,1.946,MinusTick,32bbf99c-d6fa-5660-a060-e8b0fa63eb88,9.9246e+09,51,99.246
1658190743,API3USDT,Buy,51,1.945,MinusTick,9716200d-1f7c-5f8a-ba69-34a7e055378c,9.9195e+09,51,99.19500000000001
1658190750,API3USDT,Sell,433,1.943,MinusTick,564d08ef-2461-5520-9c85-c720330d39d0,8.41319e+10,433,841.3190000000001
1658190750,API3USDT,Sell,420.7,1.943,ZeroMinusTick,371e6478-1b11-51d6-8372-d827ab7cfb1d,8.174201e+10,420.7,817.4201
1658190793,API3USDT,Sell,51,1.935,MinusTick,02f59792-1ca0-5fc3-825d-7384ce30e9a1,9.8685e+09,51,98.685
1658190795,API3USDT,Buy,100,1.936,PlusTick,c7494284-8ad0-5ff8-b6cb-de4fe494d764,1.936e+10,100,193.6
1658190803,API3USDT,Sell,51,1.934,MinusTick,1fec5707-f80f-5079-a9d7-935fc91a6426,9.8634e+09,51,98.634
1658190807,API3USDT,Buy,100,1.935,PlusTick,fbdd504e-0d2f-5327-873c-ba20778f77f3,1.935e+10,100,193.5
1658190828,API3USDT,Buy,1.4,1.937,PlusTick,fdd73f22-bde1-56f1-aeff-d36c80ce48b8,2.7118e+08,1.4,2.7117999999999998
1658190840,API3USDT,Sell,51,1.933,MinusTick,5afe7467-d751-5a7d-9e4c-a2858d359682,9.8583e+09,51,98.583
1658190857,API3USDT,Buy,100,1.936,PlusTick,a1f16b51-92c3-5ee2-a50a-c99099daf7f8,1.936e+10,100,193.6
1658190878,API3USDT,Sell,51,1.931,MinusTick,15b0cb32-3077-5fb7-818b-e50748092fdc,9.8481e+09,51,98.48100000000001
1658190880,API3USDT,Sell,354.5,1.930,MinusTick,0902c249-7b3c-5c1a-9751-c2a7e212e723,6.841849999999999e+10,354.5,684.185
1658190882,API3USDT,Sell,51,1.928,MinusTick,3570fbe5-dc60-5471-b37d-d7c478aa71bc,9.8328e+09,51,98.328
1658190883,API3USDT,Buy,100,1.929,PlusTick,bab6b9e4-5c27-540a-968a-8905f602df9d,1.929e+10,100,192.9
1658190884,API3USDT,Buy,100,1.929,ZeroMinusTick,189a3f23-7b30-53dd-938b-1e2a02a7fca5,1.929e+10,100,192.9
1658190885,API3USDT,Buy,100,1.930,PlusTick,f6d471c7-a87e-568e-a104-f6e62997a4db,1.93e+10,100,193
1658190885,API3USDT,Buy,100,1.930,ZeroMinusTick,57c46605-d359-5ef3-b0bf-18df74dc35bf,1.93e+10,100,193
1658190891,API3USDT,Buy,100,1.929,MinusTick,0ec6287c-800e-542d-8c22-cecdc751dc67,1.929e+10,100,192.9
1658190893,API3USDT,Buy,100,1.929,ZeroMinusTick,1b5dbb19-560d-5f21-98a4-8bfd5316ecde,1.929e+10,100,192.9
1658190907,API3USDT,Sell,51,1.927,MinusTick,d73cf96f-574c-545e-aa8d-3d687ebe9ac2,9.8277e+09,51,98.277
1658190908,API3USDT,Sell,51,1.926,MinusTick,6244ff9a-3d4c-5a96-9162-402a59d0126b,9.8226e+09,51,98.226
1658190909,API3USDT,Buy,100,1.926,ZeroMinusTick,1bc6bff1-7200-5d5d-afdf-60995894b345,1.926e+10,100,192.6
1658190909,API3USDT,Buy,51,1.927,PlusTick,6b525bf9-f4ba-550d-9a83-f27ee99e53e6,9.8277e+09,51,98.277
1658190913,API3USDT,Sell,51,1.925,MinusTick,5a781153-31e4-5b21-ae1d-df4c9c60ca27,9.8175e+09,51,98.175
1658190913,API3USDT,Buy,70,1.925,ZeroMinusTick,2adab68b-990e-5718-ab86-10102fa9fe32,1.3475e+10,70,134.75
1658190916,API3USDT,Buy,100,1.925,ZeroMinusTick,94dfa686-17a1-515c-9c3b-fb28a2eca121,1.925e+10,100,192.5
1658190916,API3USDT,Buy,52.5,1.925,ZeroMinusTick,f417a992-e16b-5526-a6e6-e29448011342,1.010625e+10,52.5,101.0625
1658190922,API3USDT,Buy,100,1.927,PlusTick,5f8d0a8b-bc8f-51e4-82ee-eb32dab03fe1,1.927e+10,100,192.70000000000002
1658190972,API3USDT,Buy,100,1.932,PlusTick,078ee026-e1c7-5ab8-8b04-5e8fa9f56e1f,1.932e+10,100,193.2
1658190972,API3USDT,Buy,70,1.932,ZeroMinusTick,f99304ed-ada2-56f2-a5a0-6052ca9196d5,1.3524e+10,70,135.24
1658190978,API3USDT,Buy,408.6,1.934,PlusTick,d1b3849b-3b47-5601-84b3-f4184c218813,7.902324e+10,408.6,790.2324
1658190978,API3USDT,Buy,100,1.934,ZeroMinusTick,4ac47095-7bea-59a8-8bbb-87266de1d7f5,1.934e+10,100,193.4
1658190985,API3USDT,Sell,100,1.932,MinusTick,2d67aef7-7dee-50c0-a0ba-c794bcd29c50,1.932e+10,100,193.2
1658190988,API3USDT,Sell,51,1.930,MinusTick,46690289-d231-5be9-8ef3-20edeab22e58,9.843e+09,51,98.42999999999999
1658190999,API3USDT,Sell,51,1.926,MinusTick,38efb3a6-2a62-536d-a2ae-d4d9a0c1dfbd,9.8226e+09,51,98.226
1658191002,API3USDT,Buy,100,1.928,PlusTick,cbbbf95f-8e74-5c1d-bfec-8aa045983ae8,1.928e+10,100,192.79999999999998
1658191022,API3USDT,Buy,24.6,1.928,ZeroMinusTick,8696ec21-df2a-5892-9070-9149e51b7289,4.74288e+09,24.6,47.4288
1658191022,API3USDT,Buy,6.9,1.928,ZeroMinusTick,24cb9800-c70d-57a4-b36e-f8f73b192fa7,1.33032e+09,6.9,13.3032
1658191022,API3USDT,Buy,68.5,1.928,ZeroMinusTick,3b9028be-bef5-5609-bb79-cbf7a8f9f877,1.3206799999999998e+10,68.5,132.06799999999998
1658191028,API3USDT,Buy,1.2,1.929,PlusTick,d2982acf-e9a4-52d6-b234-0e51f6df4d4d,2.3148e+08,1.2,2.3148
1658191034,API3USDT,Buy,100,1.929,ZeroMinusTick,2c7c2431-ac9c-5c9f-a9ed-d06ee057b14d,1.929e+10,100,192.9
1658191040,API3USDT,Sell,433,1.926,MinusTick,5a9c303e-fab9-5c83-a9d4-ebf0f65c8381,8.33958e+10,433,833.958
1658191040,API3USDT,Sell,51,1.926,ZeroMinusTick,65873ab8-b466-558f-9229-266cc3be654b,9.8226e+09,51,98.226
1658191040,API3USDT,Sell,51,1.925,MinusTick,a7bea7ad-a640-5b3d-b093-9f9de6538f64,9.8175e+09,51,98.175
1658191040,API3USDT,Buy,70,1.925,ZeroMinusTick,5e82094a-41bb-5cf6-b5ab-6def98ec5bfe,1.3475e+10,70,134.75
1658191042,API3USDT,Sell,40.8,1.924,MinusTick,30643c83-4501-5450-b9db-450b9aaad10b,7.849919999999999e+09,40.8,78.49919999999999
1658191044,API3USDT,Sell,433.7,1.923,MinusTick,f6394838-335e-5ad4-9cc9-c3a142ac3219,8.340051e+10,433.7,834.0051
1658191044,API3USDT,Sell,70,1.923,ZeroMinusTick,b9be510d-e183-5076-9e69-4ab9d206ecbd,1.3461000000000002e+10,70,134.61
1658191044,API3USDT,Buy,60.3,1.924,PlusTick,ccc79be4-7939-5b83-9781-d9c90724709a,1.1601719999999998e+10,60.3,116.01719999999999
1658191044,API3USDT,Buy,39.7,1.924,ZeroMinusTick,38a221b8-ab87-5de5-85f1-a7344e0b37c1,7.63828e+09,39.7,76.3828
1658191045,API3USDT,Buy,100,1.925,PlusTick,3728f50f-0818-5967-a053-02de37122d44,1.925e+10,100,192.5
1658191045,API3USDT,Buy,397.1,1.926,PlusTick,a6749d41-bd9e-5913-93b8-d581826e5b45,7.648146e+10,397.1,764.8146
1658191045,API3USDT,Buy,51,1.926,ZeroMinusTick,f6475a1d-1819-5fb8-9823-5f37dc951c2e,9.8226e+09,51,98.226
1658191045,API3USDT,Buy,100,1.925,MinusTick,952064a9-3db0-5c43-9249-26e0821c8d01,1.925e+10,100,192.5
1658191046,API3USDT,Buy,100,1.926,PlusTick,28db10bd-3465-53a0-b497-8b67b3f90154,1.926e+10,100,192.6
1658191046,API3USDT,Buy,100,1.926,ZeroMinusTick,5b1d9c2f-743c-5b10-8c82-95558bed9c73,1.926e+10,100,192.6
1658191051,API3USDT,Sell,51,1.922,MinusTick,f8d5a990-5d82-50e3-81a5-a71e6ba87b5e,9.8022e+09,51,98.02199999999999
1658191051,API3USDT,Sell,51,1.921,MinusTick,7bb82148-258b-5f42-88db-805d81b033a3,9.7971e+09,51,97.971
1658191053,API3USDT,Sell,51,1.920,MinusTick,61df3ab5-641f-5451-829b-60e3a071f4a0,9.792e+09,51,97.92
1658191053,API3USDT,Sell,51,1.919,MinusTick,60d6ad48-8b77-5f29-a124-592336215dbc,9.7869e+09,51,97.869
1658191054,API3USDT,Sell,400.5,1.918,MinusTick,00a05bb7-34ea-5a40-a12c-4d0757ece02b,7.68159e+10,400.5,768.159
1658191054,API3USDT,Sell,338.1,1.918,ZeroMinusTick,e71098f0-c74b-59a3-ba52-2f963f46f52a,6.484758000000001e+10,338.1,648.4758
1658191056,API3USDT,Buy,100,1.918,ZeroMinusTick,7af0566c-302b-5098-935d-7f3b8e3a572d,1.918e+10,100,191.79999999999998
1658191056,API3USDT,Buy,70,1.918,ZeroMinusTick,f3b3b6cf-fc58-5d2e-a7de-b4228d8b2aa9,1.3426e+10,70,134.26
1658191056,API3USDT,Buy,100,1.919,PlusTick,8cd689b5-0fa1-5255-ad92-94999f585dbf,1.919e+10,100,191.9
1658191056,API3USDT,Buy,100,1.919,ZeroMinusTick,ca7048f3-aabe-53a8-b57f-90b043d00d0f,1.919e+10,100,191.9
1658191061,API3USDT,Sell,51,1.916,MinusTick,a4af2aec-84d7-588b-8199-f955ae178118,9.7716e+09,51,97.716
1658191062,API3USDT,Sell,51,1.915,MinusTick,a0edfec7-2a7b-5a36-9a22-f6133192b43b,9.7665e+09,51,97.665
1658191062,API3USDT,Buy,100,1.916,PlusTick,8a0ca457-3780-5b37-b7b0-9cf2b1b4e3cb,1.916e+10,100,191.6
1658191062,API3USDT,Buy,70,1.916,ZeroMinusTick,47944108-a581-55be-92d5-ef6fd8acf5e8,1.3412e+10,70,134.12
1658191063,API3USDT,Sell,52,1.915,MinusTick,29920073-1e1d-5d9e-b87c-733e1e48f37b,9.958e+09,52,99.58
1658191065,API3USDT,Buy,100,1.915,ZeroMinusTick,53a0f330-0705-5e52-9f4a-e0a4954cfb5b,1.915e+10,100,191.5
1658191065,API3USDT,Buy,260.9,1.916,PlusTick,bc04ecfd-5181-5196-bba4-80ffc5642162,4.998843999999999e+10,260.9,499.8843999999999
1658191065,API3USDT,Buy,100,1.916,ZeroMinusTick,d6fad99f-d077-5c84-a751-f82f68dc72f0,1.916e+10,100,191.6
1658191067,API3USDT,Buy,100,1.917,PlusTick,aa17f4f9-a37f-5a10-81a1-72e24dd5e5cd,1.917e+10,100,191.70000000000002
1658191067,API3USDT,Buy,51,1.918,PlusTick,0992bd7f-dfd1-5c24-8154-978d81acd507,9.7818e+09,51,97.818
1658191067,API3USDT,Buy,100,1.918,ZeroMinusTick,9cd70010-8218-5a85-9ded-8e3e6091e6b9,1.918e+10,100,191.79999999999998
1658191070,API3USDT,Buy,100,1.918,ZeroMinusTick,38671944-38b7-573f-be46-73eddbd42009,1.918e+10,100,191.79999999999998
1658191071,API3USDT,Buy,100,1.918,ZeroMinusTick,3c5f37e2-545a-5e46-8dab-fc2263eff8b7,1.918e+10,100,191.79999999999998
1658191073,API3USDT,Sell,70,1.917,MinusTick,944783e4-ab40-5dc2-ac27-7b2f75af18ad,1.3419e+10,70,134.19
1658191075,API3USDT,Buy,100,1.916,MinusTick,a6f555e0-2fe6-5c0a-8121-9f377f0ea1e9,1.916e+10,100,191.6
1658191075,API3USDT,Buy,70,1.917,PlusTick,07e612b5-0203-5cd8-8574-aeb1ce54c637,1.3419e+10,70,134.19
1658191075,API3USDT,Buy,30,1.917,ZeroMinusTick,dbb62df5-2e9f-5322-b9db-088768d97455,5.751e+09,30,57.51
1658191076,API3USDT,Sell,70,1.916,MinusTick,a3e23ed6-aea7-5efa-833b-ebb4501ada37,1.3412e+10,70,134.12
1658191076,API3USDT,Buy,70,1.916,ZeroMinusTick,75b64bba-1796-5d45-962c-42ced7dcaae1,1.3412e+10,70,134.12
1658191078,API3USDT,Buy,100,1.916,ZeroMinusTick,89c84d9c-3c79-5c99-991f-fed1605afbae,1.916e+10,100,191.6
1658191082,API3USDT,Buy,100,1.916,ZeroMinusTick,c2536cda-263f-5871-8904-edc442684ede,1.916e+10,100,191.6
1658191091,API3USDT,Sell,70,1.915,MinusTick,7a454063-9d61-51c3-90e5-8862a61a32d9,1.3405000000000002e+10,70,134.05
1658191091,API3USDT,Sell,170,1.916,PlusTick,3bffbffb-0ff0-5679-90ff-59bc71b65d59,3.2571999999999996e+10,170,325.71999999999997
1658191107,API3USDT,Sell,51,1.913,MinusTick,1f0bc7f6-b137-5c2d-835c-e02c51b5059f,9.7563e+09,51,97.563
1658191108,API3USDT,Sell,51,1.912,MinusTick,53cbc090-a88b-5f70-9ba1-7805d92f3c28,9.7512e+09,51,97.512
1658191108,API3USDT,Sell,70,1.912,ZeroMinusTick,9211c0ff-2231-5985-9c4b-90e8669771e4,1.3384e+10,70,133.84
1658191108,API3USDT,Sell,100,1.912,ZeroMinusTick,50a2c992-d434-53c0-aa6e-6012cbae098f,1.912e+10,100,191.2
1658191109,API3USDT,Buy,100,1.912,ZeroMinusTick,57902ecb-e7bc-5dca-98ea-f3042905efb2,1.912e+10,100,191.2
1658191128,API3USDT,Buy,100,1.916,PlusTick,41e5115c-eced-5245-b768-01ad08ec51e5,1.916e+10,100,191.6
1658191128,API3USDT,Buy,100,1.917,PlusTick,4bfebbf7-929e-5681-91e3-618e6ef01966,1.917e+10,100,191.70000000000002
1658191137,API3USDT,Buy,100,1.920,PlusTick,b090113c-a5c3-5659-9740-f8438f036cdf,1.92e+10,100,192
1658191141,API3USDT,Sell,51,1.922,PlusTick,202b01fa-0a39-5377-844a-79a891b0313f,9.8022e+09,51,98.02199999999999
1658191141,API3USDT,Sell,260.2,1.921,MinusTick,d9a85a1a-94f5-555e-8606-7cedef3ec24a,4.998442e+10,260.2,499.8442
1658191144,API3USDT,Sell,49,1.921,ZeroMinusTick,bd74911a-2bf1-5701-b3db-7c562cdd814c,9.4129e+09,49,94.129
1658191144,API3USDT,Sell,2,1.921,ZeroMinusTick,a233baa8-fd43-528c-bcbf-4866597d8e89,3.842e+08,2,3.842
1658191160,API3USDT,Sell,51,1.921,ZeroMinusTick,14949aea-d680-52d0-bd77-14cd6ad642e5,9.7971e+09,51,97.971
1658191168,API3USDT,Buy,1.9,1.923,PlusTick,49ceb842-ba56-543f-8f22-b6257e23cb52,3.6537e+08,1.9,3.6536999999999997
1658191184,API3USDT,Sell,51,1.920,MinusTick,873d3d34-1bd1-56b0-9278-71b6e6d933e2,9.792e+09,51,97.92
1658191185,API3USDT,Sell,51,1.919,MinusTick,3d5ac673-99cd-5377-a42f-47bfa4bbceae,9.7869e+09,51,97.869
1658191188,API3USDT,Buy,0.1,1.919,ZeroMinusTick,66be2a59-2a13-5416-b4e5-08da7582aa2b,1.919e+07,0.1,0.19190000000000002
1658191194,API3USDT,Sell,51,1.917,MinusTick,09f94b2b-3cf4-523c-bc4a-d0ce54da95c0,9.7767e+09,51,97.767
1658191195,API3USDT,Buy,100,1.917,ZeroMinusTick,dbec935f-c6de-510f-abc9-97521765d654,1.917e+10,100,191.70000000000002
1658191195,API3USDT,Buy,260.6,1.918,PlusTick,059a7e3a-6c13-54b6-aa0f-9b64f11f9703,4.998308e+10,260.6,499.8308
1658191195,API3USDT,Buy,70,1.918,ZeroMinusTick,cc773c03-6fb6-555a-b003-5ddb9793d621,1.3426e+10,70,134.26
1658191229,API3USDT,Sell,51,1.920,PlusTick,132a94e5-44a9-5c6f-bde1-593d6b45ee75,9.792e+09,51,97.92
1658191230,API3USDT,Sell,49,1.919,MinusTick,adf708dc-b6fa-5751-9453-441eb33fd44d,9.4031e+09,49,94.031
1658191230,API3USDT,Sell,2,1.919,ZeroMinusTick,122c15b0-e45f-507c-a1cd-9dda44c64cdd,3.838e+08,2,3.838
1658191231,API3USDT,Sell,17.5,1.918,MinusTick,745ec96e-1e0a-57d9-ba81-5f1b03edcf19,3.3565e+09,17.5,33.565
1658191231,API3USDT,Sell,33.5,1.918,ZeroMinusTick,0279d046-506f-585b-bb46-5b48217f6950,6.4253e+09,33.5,64.253
1658191289,API3USDT,Buy,433.9,1.924,PlusTick,cc3cc0e8-ee15-58b2-8c70-6a8f396febc7,8.348236e+10,433.9,834.8235999999999
1658191289,API3USDT,Buy,409.8,1.924,ZeroMinusTick,c9253ccb-de93-5a49-ac15-bd0c851326e3,7.884552e+10,409.8,788.4552
1658191304,API3USDT,Sell,0.3,1.923,MinusTick,9b61bcc6-2894-5c7e-b7d0-92705fad206a,5.769e+07,0.3,0.5769
1658191304,API3USDT,Sell,8.2,1.923,ZeroMinusTick,b4ea30ec-50fe-59d6-bf4c-7838f0d7a97c,1.57686e+09,8.2,15.7686
1658191304,API3USDT,Sell,42.5,1.923,ZeroMinusTick,0286a39e-1f10-574a-8934-f254857f7b13,8.172750000000001e+09,42.5,81.7275
1658191304,API3USDT,Sell,51,1.922,MinusTick,aed602b0-584b-5038-8c4c-4525128fd3c8,9.8022e+09,51,98.02199999999999
1658191304,API3USDT,Sell,51,1.921,MinusTick,e1ae9975-abbf-5d34-b677-bf5eb9276141,9.7971e+09,51,97.971
1658191305,API3USDT,Sell,51,1.920,MinusTick,54a185cc-6f54-5bfe-8221-f9f6283cdf89,9.792e+09,51,97.92
1658191318,API3USDT,Buy,42,1.923,PlusTick,915fae4f-a2e0-5e43-ba47-a8d99c0b367b,8.076600000000001e+09,42,80.766
1658191319,API3USDT,Buy,58,1.923,ZeroMinusTick,1c37bc9b-210e-56d3-8f10-a99877dccff6,1.11534e+10,58,111.534
1658191328,API3USDT,Sell,51,1.927,PlusTick,756225d5-5e92-5d65-97ae-d806931f4acf,9.8277e+09,51,98.277
1658191331,API3USDT,Buy,100,1.928,PlusTick,cf0d644a-90da-5f36-a57c-a5cedcab6a43,1.928e+10,100,192.79999999999998
1658191331,API3USDT,Buy,425.2,1.928,ZeroMinusTick,a2f51c6f-766a-510a-a18f-9eacc1537dbe,8.197856e+10,425.2,819.7855999999999
1658191338,API3USDT,Buy,51,1.930,PlusTick,ccdbb97c-a23c-58b3-9b24-a9e4b35d99da,9.843e+09,51,98.42999999999999
1658191349,API3USDT,Sell,51,1.928,MinusTick,2ca0e3c7-8f38-58a1-8c03-8706bbc95141,9.8328e+09,51,98.328
1658191358,API3USDT,Buy,0.4,1.929,PlusTick,9f006420-2a43-580b-a7f0-30dd06c01529,7.716e+07,0.4,0.7716000000000001
1658191387,API3USDT,Sell,51,1.927,MinusTick,11ae440f-4449-5fbd-9e76-170631c51956,9.8277e+09,51,98.277
1658191387,API3USDT,Sell,51,1.926,MinusTick,84081949-3d18-52db-8372-7efda3654659,9.8226e+09,51,98.226
1658191390,API3USDT,Sell,51,1.924,MinusTick,715c1c1a-10fe-5f5e-b21f-73978c9d7f33,9.8124e+09,51,98.124
1658191390,API3USDT,Sell,51,1.923,MinusTick,b661393c-efbc-5de8-ae50-f4a176b36717,9.8073e+09,51,98.07300000000001
1658191402,API3USDT,Buy,100,1.920,MinusTick,c481d0d2-36ab-5a43-86b8-f27b986bd3cb,1.92e+10,100,192
1658191474,API3USDT,Sell,51,1.924,PlusTick,6a101d55-5635-58d6-86b8-4cde89746552,9.8124e+09,51,98.124
1658191475,API3USDT,Sell,42,1.923,MinusTick,5e467e6e-8ef1-5900-884a-2219cb2cb60d,8.076600000000001e+09,42,80.766
1658191475,API3USDT,Sell,9,1.923,ZeroMinusTick,9095acf2-ae37-5821-8021-8dc5b73812f3,1.7307000000000002e+09,9,17.307000000000002
1658191480,API3USDT,Sell,51,1.922,MinusTick,011da68d-1f29-5fdb-b6f1-954fbc862d46,9.8022e+09,51,98.02199999999999
1658191480,API3USDT,Sell,51,1.921,MinusTick,4bfc8b82-ecd6-5a45-bea3-107aa2ad6bd2,9.7971e+09,51,97.971
1658191480,API3USDT,Sell,51,1.920,MinusTick,dd47aeb7-b66f-5ae5-b67a-d5fd711b69a3,9.792e+09,51,97.92
1658191495,API3USDT,Buy,93,1.919,MinusTick,8a40b3b2-5f41-5bcc-99a6-4e37e77d0ea3,1.78467e+10,93,178.467
1658191499,API3USDT,Buy,100,1.921,PlusTick,a5813fe1-d0c9-5434-87a4-93b5324d44ae,1.921e+10,100,192.1
1658191521,API3USDT,Buy,51,1.926,PlusTick,afed8085-2013-5d31-8b0b-05726a0f7546,9.8226e+09,51,98.226
1658191521,API3USDT,Buy,100,1.926,ZeroMinusTick,ba601c9e-31f2-5fdf-be66-3bc643830ce1,1.926e+10,100,192.6
1658191528,API3USDT,Buy,0.5,1.928,PlusTick,36f37b94-cc16-5cce-9471-eecf714d3bbc,9.64e+07,0.5,0.964
1658191571,API3USDT,Sell,432,1.925,MinusTick,87761eac-01cd-542b-ba06-203c187b0693,8.316e+10,432,831.6
1658191571,API3USDT,Sell,100,1.925,ZeroMinusTick,dd3646e5-9f23-548e-aaf2-5f75664d8163,1.925e+10,100,192.5
1658191590,API3USDT,Buy,51,1.927,PlusTick,8ad92ef7-2e2e-5c1d-9a23-034d0b9fdd33,9.8277e+09,51,98.277
1658191590,API3USDT,Buy,100,1.927,ZeroMinusTick,f06bc545-7eb7-5662-ba11-57729acb1922,1.927e+10,100,192.70000000000002
1658191590,API3USDT,Buy,415.9,1.927,ZeroMinusTick,cdcd4c6c-17cd-5002-93ed-49f70990c1fb,8.014393e+10,415.9,801.4393
1658191590,API3USDT,Buy,426.2,1.927,ZeroMinusTick,e79be506-41af-5819-957f-36df90cfae58,8.212874e+10,426.2,821.2874
1658191628,API3USDT,Buy,1.6,1.928,PlusTick,2cbbd1ee-aeb7-5061-9473-97514f086caf,3.0848e+08,1.6,3.0848
1658191672,API3USDT,Buy,51,1.928,ZeroMinusTick,7d9aafa9-9e27-5a00-b5ec-b6df43968e12,9.8328e+09,51,98.328
1658191878,API3USDT,Sell,0.1,1.932,PlusTick,c78644dd-af68-5802-a60b-99531054dd0b,1.932e+07,0.1,0.1932
1658191914,API3USDT,Buy,51,1.936,PlusTick,f3728b48-5b2a-5857-8c05-afa021d5b36d,9.873599999999998e+09,51,98.73599999999999
1658191914,API3USDT,Buy,51,1.937,PlusTick,020de473-f3f0-51fe-a93b-7f7ec7f7c247,9.8787e+09,51,98.787
1658191944,API3USDT,Buy,51,1.938,PlusTick,c81b36f5-83f0-5eac-be46-cebfeb3781fe,9.8838e+09,51,98.838
1658191945,API3USDT,Buy,51,1.939,PlusTick,71f6828a-0640-57df-8ae8-1fce51b0e0a8,9.888900000000002e+09,51,98.88900000000001
1658191950,API3USDT,Buy,51,1.942,PlusTick,8f1cca0d-0a26-551a-9446-6f0a1047f3b0,9.9042e+09,51,99.042
1658191965,API3USDT,Buy,249.8,1.943,PlusTick,66780aca-6a54-54fe-af68-ac8c0a6cfd1a,4.853614000000001e+10,249.8,485.36140000000006
1658191965,API3USDT,Buy,128.7,1.944,PlusTick,3cfd0b90-59aa-5edf-a348-014cf8ed4715,2.5019279999999996e+10,128.7,250.19279999999998
1658191965,API3USDT,Buy,350.1,1.945,PlusTick,7707808f-6dc1-5b4a-b00d-2138da0f55b8,6.809445000000001e+10,350.1,680.9445000000001
1658191965,API3USDT,Buy,51,1.945,ZeroMinusTick,874beadd-52a7-51ad-9420-5737bd89759b,9.9195e+09,51,99.19500000000001
1658191979,API3USDT,Buy,51,1.948,PlusTick,6a79865c-4620-529c-9b22-933be53ab5b0,9.9348e+09,51,99.348
1658191988,API3USDT,Buy,10,1.947,MinusTick,3bf6dc72-d4cf-5113-a324-4637f414c93c,1.947e+09,10,19.47
1658191989,API3USDT,Sell,51,1.945,MinusTick,e89680e7-d755-5dab-ad96-094e2dfac840,9.9195e+09,51,99.19500000000001
1658192034,API3USDT,Buy,70,1.943,MinusTick,e4fb3843-99e5-5149-8978-491c3cf169ea,1.3601e+10,70,136.01
1658192046,API3USDT,Sell,395.8,1.942,MinusTick,1ee34f18-50cc-5a83-9e79-48c8e196db02,7.686436e+10,395.8,768.6436
1658192059,API3USDT,Buy,70,1.938,MinusTick,df6a7870-8e7f-51eb-9e85-a1847cb35f32,1.3566e+10,70,135.66
1658192059,API3USDT,Buy,70,1.938,ZeroMinusTick,a81dc334-db64-5a83-aa85-f2133ab40e8e,1.3566e+10,70,135.66
1658192059,API3USDT,Buy,70,1.938,ZeroMinusTick,40556f05-435f-596d-aa6f-6c9f3cfc798b,1.3566e+10,70,135.66
1658192065,API3USDT,Sell,51.4,1.937,MinusTick,8b14760a-3e22-50df-9369-e62bbba0efa2,9.95618e+09,51.4,99.5618
1658192076,API3USDT,Buy,51.4,1.938,PlusTick,41b3b419-ad3c-532e-83f0-5d153fa488e1,9.96132e+09,51.4,99.61319999999999
1658192117,API3USDT,Buy,51.4,1.942,PlusTick,39f01459-4216-5c62-9e48-c220e726438a,9.98188e+09,51.4,99.8188
1658192118,API3USDT,Buy,0.1,1.942,ZeroMinusTick,bc6da7b3-9e84-53f5-8936-4c3f2980ffdd,1.942e+07,0.1,0.1942
1658192134,API3USDT,Buy,51.4,1.940,MinusTick,c8299f90-1d6e-5820-85f3-42906306ce87,9.9716e+09,51.4,99.716
1658192176,API3USDT,Sell,1.1,1.938,MinusTick,db4c5ebc-01ba-5816-9446-ae42908ebf1a,2.1318e+08,1.1,2.1318
1658192208,API3USDT,Buy,0.9,1.941,PlusTick,388ad742-08cd-5216-8af6-13772e4b6e5e,1.7469e+08,0.9,1.7469000000000001
1658192255,API3USDT,Sell,39.2,1.934,MinusTick,21771732-1e22-51ed-a339-2c4d135c870a,7.581280000000001e+09,39.2,75.81280000000001
1658192255,API3USDT,Sell,219.3,1.934,ZeroMinusTick,5d2a17b3-9061-523e-af8c-cd51df8f7429,4.241262e+10,219.3,424.1262
1658192267,API3USDT,Sell,392,1.933,MinusTick,f4ba9cff-ad15-52b6-a59c-ea068e3e40a9,7.57736e+10,392,757.736
1658192267,API3USDT,Buy,98,1.933,ZeroMinusTick,a5f5d68e-0442-5983-8d9a-8e5e43b00ff5,1.89434e+10,98,189.434
1658192268,API3USDT,Sell,0.7,1.932,MinusTick,e9a4c9de-6d49-5589-b81d-26563bcb921d,1.3523999999999997e+08,0.7,1.3523999999999998
1658192274,API3USDT,Buy,258.8,1.930,MinusTick,0a1bd072-d902-5938-bd79-84e985428234,4.99484e+10,258.8,499.484
1658192274,API3USDT,Buy,70,1.929,MinusTick,251903df-1579-5d88-a3c7-582606a83a48,1.3503e+10,70,135.03
1658192284,API3USDT,Buy,100,1.931,PlusTick,a53870c9-9f0f-5485-b3ee-4abf5ad2009d,1.931e+10,100,193.1
1658192293,API3USDT,Buy,100,1.931,ZeroMinusTick,932ada56-dacb-53ae-8fda-49b59a828c04,1.931e+10,100,193.1
1658192310,API3USDT,Buy,100,1.932,PlusTick,352b10b1-f3b4-5541-9314-d423684db2c0,1.932e+10,100,193.2
1658192310,API3USDT,Buy,100,1.933,PlusTick,15787024-4323-5be5-b500-4d33352cb5d7,1.933e+10,100,193.3
1658192342,API3USDT,Buy,100,1.934,PlusTick,275b8cef-e108-5703-a983-8ef36c5dae7b,1.934e+10,100,193.4
1658192351,API3USDT,Buy,100,1.934,ZeroMinusTick,c9cf592a-99b1-5025-b9ec-599e1304424f,1.934e+10,100,193.4
1658192398,API3USDT,Buy,0.3,1.936,PlusTick,3479891f-a9c8-59ca-af66-d08c1a1135d8,5.808e+07,0.3,0.5808
1658192485,API3USDT,Sell,311.8,1.933,MinusTick,644c7e71-57a9-5a00-83ec-6ccc0d941567,6.027094000000001e+10,311.8,602.7094000000001
1658192522,API3USDT,Buy,100,1.941,PlusTick,5863114b-2d85-5e51-b96c-c2efe3d381a0,1.941e+10,100,194.1
1658192523,API3USDT,Buy,51.4,1.942,PlusTick,e3745dd6-86e7-539d-991f-5ba7e63b7815,9.98188e+09,51.4,99.8188
1658192568,API3USDT,Sell,0.3,1.948,PlusTick,5f62e9ec-c670-550c-b552-88b7c9ae0745,5.843999999999999e+07,0.3,0.5843999999999999
1658192608,API3USDT,Sell,392.9,1.946,MinusTick,dcdc778c-b5c7-5b0d-a8d2-b277a2c38646,7.645834e+10,392.9,764.5834
1658192608,API3USDT,Sell,100,1.946,ZeroMinusTick,cab336d8-7e35-5377-a7d3-6e85c16f1696,1.946e+10,100,194.6
1658192608,API3USDT,Sell,7.1,1.946,ZeroMinusTick,18574201-e2b1-5b72-ab23-150fc06e2aed,1.38166e+09,7.1,13.8166
1658192667,API3USDT,Buy,51.4,1.947,PlusTick,ffd0941c-93c5-5d60-8a6e-20e618b6fc30,1.000758e+10,51.4,100.0758
1658192674,API3USDT,Sell,7.1,1.948,PlusTick,82a85640-d86f-5044-b9f8-d0dc1ee3a6a9,1.3830799999999998e+09,7.1,13.830799999999998
1658192758,API3USDT,Buy,0.1,1.949,PlusTick,132b0d18-5c3a-5226-8c45-20f94925d1d4,1.949e+07,0.1,0.19490000000000002
1658192770,API3USDT,Sell,406.6,1.946,MinusTick,589bb848-1a03-5e80-a964-a082d1a68402,7.912436e+10,406.6,791.2436
1658192771,API3USDT,Sell,51.4,1.945,MinusTick,fe68b23a-6504-59ae-98fd-1ff3188504e9,9.9973e+09,51.4,99.973
1658192771,API3USDT,Sell,100,1.945,ZeroMinusTick,bb41cc83-3a23-5e68-8ca9-e321d64a1fcf,1.945e+10,100,194.5
1658192838,API3USDT,Sell,422.1,1.940,MinusTick,7aac5d7d-cc2e-5037-ac70-5fd6ee0bd5a0,8.18874e+10,422.1,818.874
1658192844,API3USDT,Buy,100,1.941,PlusTick,dfeb6b39-4849-5e72-9282-ff70bb95b751,1.941e+10,100,194.1
1658192857,API3USDT,Sell,100,1.942,PlusTick,a211d6e4-14b7-5882-a849-e9e8c2ae7c78,1.942e+10,100,194.2
1658192863,API3USDT,Buy,100,1.942,ZeroMinusTick,bc49c428-67b1-5d51-98a6-55b17844b84d,1.942e+10,100,194.2
1658192897,API3USDT,Sell,70,1.940,MinusTick,d1d4d63f-b8a1-5645-bcf3-5f3d25b10fa9,1.3579999999999998e+10,70,135.79999999999998
1658192908,API3USDT,Buy,100,1.939,MinusTick,3bc23567-148a-5704-9e9d-f2571da847a3,1.939e+10,100,193.9
1658192927,API3USDT,Buy,417,1.941,PlusTick,70c163da-4479-5aaa-a477-52a91f08834d,8.09397e+10,417,809.397
1658192928,API3USDT,Buy,51.4,1.942,PlusTick,82d661ac-f19d-5af3-ae3f-bef0228c6b3a,9.98188e+09,51.4,99.8188
1658192928,API3USDT,Buy,51.4,1.943,PlusTick,6d543dcd-3f48-5fe5-a8dc-07b8cb8786ae,9.98702e+09,51.4,99.8702
1658192928,API3USDT,Buy,100,1.943,ZeroMinusTick,8d38dc17-1c7f-5732-91af-541ae8aa2eff,1.943e+10,100,194.3
1658192938,API3USDT,Buy,1.3,1.945,PlusTick,3ab37eb5-2a0a-510e-8f4f-5df927a8a2c0,2.5285000000000003e+08,1.3,2.5285
1658192961,API3USDT,Buy,100,1.943,MinusTick,718210e2-a950-58b2-b953-23f05ed3fe87,1.943e+10,100,194.3
1658192981,API3USDT,Sell,100,1.939,MinusTick,61457fc1-c961-5c71-9fbe-2d939bfc4a58,1.939e+10,100,193.9
1658192989,API3USDT,Buy,100,1.935,MinusTick,05e4be85-4135-595a-ba74-8ec242125191,1.935e+10,100,193.5
1658193005,API3USDT,Buy,100,1.935,ZeroMinusTick,270635b9-d0d7-5455-aa2d-5fb2a2a974fc,1.935e+10,100,193.5
1658193009,API3USDT,Buy,100,1.936,PlusTick,bc3431d7-873d-53c3-9038-83e65c29ab91,1.936e+10,100,193.6
1658193031,API3USDT,Buy,100,1.935,MinusTick,9d7301a8-1a55-5228-8ac3-debe03c31f9e,1.935e+10,100,193.5
1658193031,API3USDT,Buy,99.8,1.936,PlusTick,166fe2b7-3b7f-5990-8cc8-212f60abba0a,1.932128e+10,99.8,193.2128
1658193039,API3USDT,Buy,51.4,1.937,PlusTick,492f6c01-f89a-5e22-bfe8-2366f3ba464f,9.95618e+09,51.4,99.5618
1658193039,API3USDT,Buy,73.9,1.937,ZeroMinusTick,ddedbb48-f188-561d-bdfc-d9f5007572a0,1.4314430000000002e+10,73.9,143.14430000000002
1658193039,API3USDT,Buy,12.1,1.937,ZeroMinusTick,eee59564-8396-5832-adcd-327217dcd291,2.34377e+09,12.1,23.4377
1658193039,API3USDT,Buy,14,1.937,ZeroMinusTick,6a0f9abc-cdc3-545d-b530-781794d9bca9,2.7118e+09,14,27.118000000000002
1658193052,API3USDT,Buy,100,1.935,MinusTick,89ec1b02-af8c-5218-af8b-598f1196380e,1.935e+10,100,193.5
1658193052,API3USDT,Buy,92.6,1.936,PlusTick,c39ba8f1-c269-5e49-bd7e-08a7bf286001,1.792736e+10,92.6,179.2736
1658193052,API3USDT,Buy,51.4,1.936,ZeroMinusTick,e64dbd4c-c942-55a6-ae1a-51600ace38f7,9.951039999999998e+09,51.4,99.51039999999999
1658193097,API3USDT,Sell,70,1.939,PlusTick,7aa46084-5dcc-5dbf-869e-81ae8a581db7,1.3573000000000002e+10,70,135.73000000000002
1658193097,API3USDT,Sell,51.4,1.938,MinusTick,7e35fccd-271b-5ab6-80d3-dc1de4e3a8b3,9.96132e+09,51.4,99.61319999999999
1658193097,API3USDT,Sell,69.9,1.938,ZeroMinusTick,52a8e3e9-e73b-54a3-afbf-4df58be700b7,1.3546620000000002e+10,69.9,135.46620000000001
1658193097,API3USDT,Sell,30.1,1.938,ZeroMinusTick,7a1e3e55-53d5-5743-a6ad-2619ad6d9e41,5.83338e+09,30.1,58.333800000000004
1658193098,API3USDT,Sell,0.7,1.937,MinusTick,7fd04fe3-2c38-5f6a-ba27-166847c8e303,1.3559e+08,0.7,1.3558999999999999
1658193106,API3USDT,Sell,70,1.937,ZeroMinusTick,dc90bdb9-8927-5b8e-930d-3744ce95e02b,1.3559e+10,70,135.59
1658193106,API3USDT,Sell,100,1.937,ZeroMinusTick,2b24fbe2-3ef6-53d3-ba70-243c9c98c4ff,1.937e+10,100,193.70000000000002
1658193122,API3USDT,Buy,100,1.935,MinusTick,7b25dd2e-9d22-5f44-995a-e9a227fabeec,1.935e+10,100,193.5
1658193124,API3USDT,Buy,51.4,1.936,PlusTick,11d465e4-3337-5a1f-b44e-d70d9367e033,9.951039999999998e+09,51.4,99.51039999999999
1658193139,API3USDT,Buy,100,1.935,MinusTick,6bc168a5-601f-5b51-8702-acb35e8de665,1.935e+10,100,193.5
1658193139,API3USDT,Buy,420.4,1.936,PlusTick,19e6ccc1-88f5-53be-9678-3f301da7814a,8.138943999999998e+10,420.4,813.8943999999999
1658193139,API3USDT,Buy,51.4,1.936,ZeroMinusTick,74a8014c-6b05-5465-b84e-10acfef16833,9.951039999999998e+09,51.4,99.51039999999999
1658193139,API3USDT,Buy,100,1.936,ZeroMinusTick,b8e6c7f1-03e5-5fea-b389-927e1e0be88b,1.936e+10,100,193.6
1658193156,API3USDT,Sell,51.4,1.932,MinusTick,23ddcb8a-c86b-5b97-9d04-8899b28b052a,9.93048e+09,51.4,99.3048
1658193156,API3USDT,Sell,51.4,1.931,MinusTick,56d2eb3c-dc60-50a2-90e4-22042db28b85,9.92534e+09,51.4,99.2534
1658193178,API3USDT,Buy,10,1.933,PlusTick,00016991-348a-5f7d-a0dd-cc3b73580223,1.9330000000000002e+09,10,19.330000000000002
1658193217,API3USDT,Buy,51.4,1.934,PlusTick,7010c52b-bca4-57e2-9f1c-35451e305e69,9.940759999999998e+09,51.4,99.40759999999999
1658193217,API3USDT,Buy,51.4,1.935,PlusTick,f7b42d5b-f8d7-546e-af48-ebbe4382e268,9.9459e+09,51.4,99.459
1658193230,API3USDT,Sell,51.4,1.935,ZeroMinusTick,9cbb89fd-bf71-5177-9cc6-e9e0a6a24c91,9.9459e+09,51.4,99.459
1658193236,API3USDT,Sell,51.4,1.933,MinusTick,b1a184b6-9817-555a-b7b0-97b6ff0d2531,9.93562e+09,51.4,99.3562
1658193238,API3USDT,Sell,0.8,1.932,MinusTick,d649882a-c8cb-555f-8a22-02663536b779,1.5456e+08,0.8,1.5456
1658193241,API3USDT,Buy,100,1.933,PlusTick,f154e173-5e5e-531b-858e-ef41c91aedbd,1.933e+10,100,193.3
1658193245,API3USDT,Buy,51.4,1.937,PlusTick,8ed2c875-7662-50ba-b6c3-dfaab045c0f8,9.95618e+09,51.4,99.5618
1658193283,API3USDT,Sell,51.4,1.938,PlusTick,cec59d49-48a1-56cd-9124-40534ac6fcdb,9.96132e+09,51.4,99.61319999999999
1658193283,API3USDT,Sell,415,1.938,ZeroMinusTick,cfaa51f8-75d3-5afa-9361-36b856d2d7bb,8.0427e+10,415,804.27
1658193284,API3USDT,Sell,51.4,1.937,MinusTick,0f1cbe16-b318-539c-8461-1ec3fe1bc8f2,9.95618e+09,51.4,99.5618
1658193323,API3USDT,Buy,78.1,1.940,PlusTick,73c22c00-f611-54d1-9959-6aec9121887e,1.5151399999999998e+10,78.1,151.51399999999998
1658193347,API3USDT,Sell,70,1.941,PlusTick,4a60632a-78f8-5edb-88d5-d4df07c1a1d8,1.3587e+10,70,135.87
1658193347,API3USDT,Sell,51.4,1.941,ZeroMinusTick,652befe8-cbb4-5bda-b30d-64a3eacf2c7d,9.97674e+09,51.4,99.7674
1658193353,API3USDT,Sell,51.4,1.938,MinusTick,5634d208-65c9-5134-bdd7-38b0877c173a,9.96132e+09,51.4,99.61319999999999
1658193355,API3USDT,Sell,51.4,1.937,MinusTick,b8bd0705-5c53-5be0-8d79-987f208340b0,9.95618e+09,51.4,99.5618
1658193355,API3USDT,Sell,51.4,1.936,MinusTick,991c57ec-a313-5557-a584-c7fa38228760,9.951039999999998e+09,51.4,99.51039999999999
1658193358,API3USDT,Sell,2,1.934,MinusTick,24e47e98-8781-5245-951b-d4f3bf3bbbdc,3.868e+08,2,3.868
1658193362,API3USDT,Buy,70,1.934,ZeroMinusTick,c3076c9a-a8c5-55a8-9b7e-584d9422235c,1.3538e+10,70,135.38
1658193364,API3USDT,Buy,100,1.935,PlusTick,3f37e265-e186-548b-9c6b-5890ab91c65a,1.935e+10,100,193.5
1658193364,API3USDT,Buy,70,1.935,ZeroMinusTick,bfb44d55-1ae2-560e-a530-341424c7686b,1.3545000000000002e+10,70,135.45000000000002
1658193364,API3USDT,Buy,70,1.936,PlusTick,d45be6f4-9b2a-54e6-af70-14d09f1f78cf,1.3551999999999998e+10,70,135.51999999999998
1658193364,API3USDT,Buy,414.9,1.937,PlusTick,369188ac-f9c6-5e2e-9efe-41f8aaa55331,8.036613e+10,414.9,803.6613
1658193364,API3USDT,Buy,412.7,1.937,ZeroMinusTick,7405b38f-2f0b-517a-8288-dadeb0b004a6,7.993999e+10,412.7,799.3999
1658193364,API3USDT,Buy,132.4,1.937,ZeroMinusTick,f2ad9a35-daca-51ea-ad4f-14aed3dd999f,2.564588e+10,132.4,256.4588
1658193383,API3USDT,Buy,70,1.935,MinusTick,8fec13a5-fdc6-5edd-98d2-686c13053f55,1.3545000000000002e+10,70,135.45000000000002
1658193383,API3USDT,Buy,100,1.935,ZeroMinusTick,7b8bff9f-d774-5c7f-b590-18e20e3e6ac5,1.935e+10,100,193.5
1658193386,API3USDT,Buy,100,1.937,PlusTick,69f29ad7-8cba-50fc-b6f1-8e9c78eaec36,1.937e+10,100,193.70000000000002
1658193387,API3USDT,Buy,51.4,1.938,PlusTick,6a38ec00-ed53-5d8a-b5bf-c577bd7d1d01,9.96132e+09,51.4,99.61319999999999
1658193414,API3USDT,Sell,51.4,1.940,PlusTick,8e7e6c4b-c57e-5fd3-bd2f-a5ea1d517153,9.9716e+09,51.4,99.716
1658193418,API3USDT,Buy,6.2,1.941,PlusTick,17bef8db-b125-525a-a81d-cfdebef9f628,1.20342e+09,6.2,12.0342
1658193437,API3USDT,Sell,51.4,1.938,MinusTick,e59c0824-ae2f-5964-bc76-aa96bfa3e020,9.96132e+09,51.4,99.61319999999999
1658193444,API3USDT,Buy,43.1,1.937,MinusTick,132b9dc3-5e7e-55c3-ad1f-6595becf6fa1,8.34847e+09,43.1,83.4847
1658193444,API3USDT,Buy,56.9,1.937,ZeroMinusTick,eacb4cab-cbd3-5e35-9440-7e28d3fc06b2,1.102153e+10,56.9,110.2153
1658193469,API3USDT,Sell,52,1.943,PlusTick,20a909e7-13aa-5a69-9cfe-afe917a89bd4,1.01036e+10,52,101.036
1658193473,API3USDT,Sell,2,1.942,MinusTick,48508de2-28a0-5c19-ac00-86b235fe1491,3.884e+08,2,3.884
1658193478,API3USDT,Sell,0.2,1.941,MinusTick,2f0f5ab5-319c-5a2f-be8a-c0f8b540f687,3.882000000000001e+07,0.2,0.38820000000000005
1658193491,API3USDT,Sell,51.4,1.940,MinusTick,05cd8388-f9fa-5149-b3af-54515d462a92,9.9716e+09,51.4,99.716
1658193492,API3USDT,Sell,51.4,1.939,MinusTick,220e7d09-18b3-5e39-ae14-0738eda73e3f,9.96646e+09,51.4,99.66460000000001
1658193494,API3USDT,Sell,51.4,1.938,MinusTick,b867ada1-6a6e-5e23-84e3-26d695e6c705,9.96132e+09,51.4,99.61319999999999
1658193494,API3USDT,Sell,51.4,1.937,MinusTick,f295c502-a750-505e-8089-bb9d311a951c,9.95618e+09,51.4,99.5618
1658193495,API3USDT,Sell,51.4,1.936,MinusTick,1c53a1d7-4d50-5740-bedb-5607bbe25753,9.951039999999998e+09,51.4,99.51039999999999
1658193517,API3USDT,Buy,70,1.937,PlusTick,f071c580-d8c1-527f-aad3-e0478652d3d9,1.3559e+10,70,135.59
1658193517,API3USDT,Buy,51.4,1.937,ZeroMinusTick,3831af7b-d785-5e0a-a697-a6a4292df999,9.95618e+09,51.4,99.5618
1658193517,API3USDT,Buy,100,1.937,ZeroMinusTick,7cc8e1bc-7f55-5011-94b8-27b46084ec73,1.937e+10,100,193.70000000000002
1658193517,API3USDT,Buy,52,1.937,ZeroMinusTick,8a178c05-4627-5de7-ad5e-5504432703c8,1.00724e+10,52,100.724
1658193568,API3USDT,Buy,1.9,1.938,PlusTick,f13d3d4e-c328-510b-8792-c702a7758485,3.6822e+08,1.9,3.6822
1658193612,API3USDT,Sell,404.3,1.937,MinusTick,148bcb9e-4e5c-5a8a-bd07-2e66bd24037e,7.831291e+10,404.3,783.1291
1658193612,API3USDT,Sell,410.5,1.937,ZeroMinusTick,e51deeca-4bc8-5737-af6c-5c6ef7ff6aca,7.951385e+10,410.5,795.1385
1658193640,API3USDT,Buy,100,1.938,PlusTick,e2150bb3-5269-5519-bcca-151ba14f841d,1.938e+10,100,193.79999999999998
1658193650,API3USDT,Buy,100,1.939,PlusTick,11bb8f36-f0e4-5629-acec-b54559315ddf,1.939e+10,100,193.9
1658193650,API3USDT,Buy,51.4,1.940,PlusTick,b25969c6-6bef-56d7-8384-553aea401af1,9.9716e+09,51.4,99.716
1658193650,API3USDT,Buy,430.3,1.940,ZeroMinusTick,2603240a-f747-5a5b-9daf-d4672633ad78,8.34782e+10,430.3,834.782
1658193650,API3USDT,Buy,388.5,1.940,ZeroMinusTick,add9a948-6c0d-5237-86c3-1e88ac210d13,7.5369e+10,388.5,753.6899999999999
1658193650,API3USDT,Buy,129,1.940,ZeroMinusTick,2d3e0283-be6c-5789-afc4-2c7fa8e1ae70,2.5026e+10,129,250.26
1658193650,API3USDT,Buy,100,1.940,ZeroMinusTick,89d40901-cebd-54a9-8385-08c42f345641,1.94e+10,100,194
1658193698,API3USDT,Sell,51.4,1.934,MinusTick,9208d1cf-a62d-5dd0-b7ab-f6cafbce54fa,9.940759999999998e+09,51.4,99.40759999999999
1658193714,API3USDT,Sell,100,1.933,MinusTick,8fe24311-f8f3-591b-8362-138f7d28e8e6,1.933e+10,100,193.3
1658193714,API3USDT,Sell,249.8,1.933,ZeroMinusTick,a7c63015-51e1-50db-a24c-ca76ace19fcb,4.828634e+10,249.8,482.8634
1658193714,API3USDT,Sell,100,1.932,MinusTick,318a6e5f-b671-5b74-a8d7-f0bb3f7fc5c8,1.932e+10,100,193.2
1658193718,API3USDT,Buy,0.8,1.932,ZeroMinusTick,e1a3142f-4b08-53cf-8f79-ae28b4a2c593,1.5456e+08,0.8,1.5456
1658193746,API3USDT,Buy,51.4,1.933,PlusTick,1fad2c8c-8645-5a29-8987-c2020c352fb9,9.93562e+09,51.4,99.3562
1658193748,API3USDT,Buy,51.4,1.934,PlusTick,6d9e1fe8-91be-525e-bcbd-58fbb1081b92,9.940759999999998e+09,51.4,99.40759999999999
1658193748,API3USDT,Buy,100,1.934,ZeroMinusTick,e3abcb29-5416-54ac-b3e2-01d27851858f,1.934e+10,100,193.4
1658193808,API3USDT,Sell,1.4,1.936,PlusTick,d9e858f3-66cc-59fc-8108-a14233ccd982,2.7104e+08,1.4,2.7104
1658193811,API3USDT,Sell,68.6,1.936,ZeroMinusTick,8d5efd18-c2ca-599b-900e-8d7418d0ae4e,1.3280959999999998e+10,68.6,132.8096
1658193811,API3USDT,Sell,70,1.936,ZeroMinusTick,04d186a1-4a99-516b-bc0d-07f00a332394,1.3551999999999998e+10,70,135.51999999999998
1658193818,API3USDT,Sell,51.4,1.934,MinusTick,49b9aa11-565b-51cd-a790-2bac2f8a464b,9.940759999999998e+09,51.4,99.40759999999999
1658193821,API3USDT,Sell,51.4,1.931,MinusTick,b5bf4a1a-ffc2-5b7e-8b9c-5d6e65787cb2,9.92534e+09,51.4,99.2534
1658193846,API3USDT,Buy,51.4,1.935,PlusTick,86b89fef-e754-5494-a9e7-ea7c38518bc4,9.9459e+09,51.4,99.459
1658193856,API3USDT,Sell,100,1.933,MinusTick,ece2ff4e-2e48-578e-8d30-c4c500010840,1.933e+10,100,193.3
1658193857,API3USDT,Sell,100,1.932,MinusTick,cf8fc1a8-de7f-5f0b-8387-30417cb26516,1.932e+10,100,193.2
1658193858,API3USDT,Sell,51.4,1.931,MinusTick,7843e19a-fab5-585c-8501-ec43780a8694,9.92534e+09,51.4,99.2534
1658193905,API3USDT,Sell,5.4,1.930,MinusTick,11529f10-c4f6-5046-9b8a-3d513904a13a,1.0422000000000001e+09,5.4,10.422
1658193907,API3USDT,Sell,402,1.929,MinusTick,6416b4c3-8e4d-5b80-a5c3-351d1a6f3eac,7.75458e+10,402,775.458
1658193907,API3USDT,Sell,51.4,1.928,MinusTick,3b28c659-f087-514d-8f66-b07d2bd8bb67,9.90992e+09,51.4,99.0992
1658193907,API3USDT,Sell,144.5,1.928,ZeroMinusTick,9b97fb10-67c2-51ce-a471-4818dae92180,2.78596e+10,144.5,278.596
1658193907,API3USDT,Sell,51.4,1.927,MinusTick,a68acff6-d73c-5023-b88d-48a2b165f86e,9.90478e+09,51.4,99.0478
1658193907,API3USDT,Sell,51.4,1.927,ZeroMinusTick,97d83676-78a1-5164-a56a-9c351ddb0717,9.90478e+09,51.4,99.0478
1658193907,API3USDT,Sell,51.4,1.927,ZeroMinusTick,7533fe3a-ceaa-5556-b8e2-a16e55f792b0,9.90478e+09,51.4,99.0478
1658193907,API3USDT,Sell,156.6,1.927,ZeroMinusTick,057d7c20-d41b-5687-8f27-b2bb50961389,3.0176819999999996e+10,156.6,301.7682
1658193907,API3USDT,Sell,70,1.928,PlusTick,1ff51cf3-89ca-5d52-84e7-5bd2b78f96fe,1.3496e+10,70,134.96
1658193909,API3USDT,Sell,51.4,1.924,MinusTick,496c0bab-e3d6-5a19-8282-c47757e594dc,9.88936e+09,51.4,98.89359999999999
1658193910,API3USDT,Sell,1120,1.923,MinusTick,a12a1ee2-275b-5593-aad7-f71fcd56de10,2.1537600000000003e+11,1120,2153.76
1658193910,API3USDT,Sell,180,1.923,ZeroMinusTick,11da5923-4435-5888-b780-49adc211132a,3.4614e+10,180,346.14
1658193910,API3USDT,Sell,51.4,1.923,ZeroMinusTick,75febc57-1cf0-55c6-85e2-4094da74ae53,9.88422e+09,51.4,98.8422
1658193910,API3USDT,Sell,51.4,1.921,MinusTick,cbf35173-cdd0-58ac-8c92-07e9d810f5e0,9.87394e+09,51.4,98.7394
1658193915,API3USDT,Buy,115.8,1.922,PlusTick,58819458-a90f-5822-a048-e8f405f0ade2,2.225676e+10,115.8,222.5676
1658193915,API3USDT,Buy,28.7,1.922,ZeroMinusTick,1adceffb-c0b6-53b0-826d-41e609356ed4,5.516139999999999e+09,28.7,55.16139999999999
1658193915,API3USDT,Buy,260.1,1.922,ZeroMinusTick,a7bf3f04-beaf-5c40-a7dc-844bde421a7c,4.999122000000001e+10,260.1,499.91220000000004
1658193924,API3USDT,Buy,51.4,1.923,PlusTick,becf58a7-1fb3-5334-9bcb-9087b93c7672,9.88422e+09,51.4,98.8422
1658193925,API3USDT,Buy,51.4,1.924,PlusTick,313faccb-5a72-5fd9-a4f8-29f444967b46,9.88936e+09,51.4,98.89359999999999
1658193934,API3USDT,Buy,51.4,1.926,PlusTick,dd3c2c9c-9b34-5d5a-91f5-afac9349e509,9.89964e+09,51.4,98.9964
1658193934,API3USDT,Buy,51.4,1.927,PlusTick,cccbcd70-0f62-5dc3-96e1-d59c2ace8877,9.90478e+09,51.4,99.0478
1658193978,API3USDT,Sell,1.8,1.926,MinusTick,b31ab77e-ba2f-591e-918b-84f95e54b5e9,3.4668e+08,1.8,3.4668
1658194018,API3USDT,Buy,70,1.924,MinusTick,97546281-7394-5a0f-aad3-f9f749cfd022,1.3468e+10,70,134.68
1658194018,API3USDT,Buy,100,1.924,ZeroMinusTick,30054e2a-8c7b-585b-adc3-2aee4b862149,1.924e+10,100,192.4
1658194023,API3USDT,Buy,51.4,1.929,PlusTick,1e27b4fc-e8a3-574f-9417-c638287c5f8f,9.91506e+09,51.4,99.1506
1658194070,API3USDT,Buy,52,1.933,PlusTick,47437fb8-79f4-5a7a-a00a-3596ec73e1df,1.00516e+10,52,100.516
1658194070,API3USDT,Buy,51.4,1.935,PlusTick,87894f0a-345f-5cec-ba89-ab49d8874269,9.9459e+09,51.4,99.459
1658194134,API3USDT,Sell,51.4,1.937,PlusTick,a0af1f37-fe5a-53ed-b49a-b62531c505f6,9.95618e+09,51.4,99.5618
1658194148,API3USDT,Sell,0.8,1.938,PlusTick,25195448-a355-5fcc-a279-35dbcf479bbd,1.5504e+08,0.8,1.5504
1658194188,API3USDT,Buy,51.4,1.941,PlusTick,c8b7899f-1683-5c17-afaf-182bf1216978,9.97674e+09,51.4,99.7674
1658194190,API3USDT,Buy,51.4,1.943,PlusTick,f0651134-832e-5164-bc01-c975bf8798de,9.98702e+09,51.4,99.8702
1658194190,API3USDT,Buy,128.8,1.943,ZeroMinusTick,575d7c7b-59f7-5319-aa23-b1c836f428b8,2.5025840000000004e+10,128.8,250.25840000000002
1658194190,API3USDT,Buy,100,1.943,ZeroMinusTick,037b1edc-6916-5259-a897-c03f17e527ee,1.943e+10,100,194.3
1658194192,API3USDT,Buy,51.4,1.944,PlusTick,8577eda1-a86d-5215-8bb9-3ee01a715fcd,9.99216e+09,51.4,99.9216
1658194207,API3USDT,Buy,21.9,1.944,ZeroMinusTick,b32cc290-ce45-5e7f-81a9-cfe2a5c701c8,4.25736e+09,21.9,42.5736
1658194221,API3USDT,Sell,51.4,1.941,MinusTick,84b033df-00ab-52f2-8877-13916778bb5d,9.97674e+09,51.4,99.7674
1658194228,API3USDT,Buy,1.1,1.939,MinusTick,ecab0ffd-4b1f-536e-845b-757a508d546b,2.1329000000000003e+08,1.1,2.1329000000000002
1658194236,API3USDT,Buy,50.3,1.939,ZeroMinusTick,1157cb91-e6e7-5ec7-8bb1-615db33630c3,9.75317e+09,50.3,97.5317
1658194236,API3USDT,Buy,100,1.939,ZeroMinusTick,922644d2-d1f9-56d3-a5b7-24678c82af9f,1.939e+10,100,193.9
1658194296,API3USDT,Buy,70,1.938,MinusTick,b9480d6e-86c7-5573-8539-40e9c0e5e7d6,1.3566e+10,70,135.66
1658194308,API3USDT,Buy,2,1.940,PlusTick,025222e8-bff4-5bc7-bad3-7e5ad40ff9fa,3.88e+08,2,3.88
1658194334,API3USDT,Sell,52,1.938,MinusTick,6d9e6745-aeb5-53cb-bb20-7af9843b95eb,1.00776e+10,52,100.776
1658194335,API3USDT,Sell,100,1.937,MinusTick,2d1e47b2-3de3-5da0-baff-6b8cc5d46aa2,1.937e+10,100,193.70000000000002
1658194370,API3USDT,Sell,70,1.934,MinusTick,ab82492c-450a-5578-91b5-a6f1de6c3305,1.3538e+10,70,135.38
1658194370,API3USDT,Sell,249.8,1.934,ZeroMinusTick,0f4f907a-7a9d-5783-9685-9ba3a0607ec4,4.831132e+10,249.8,483.1132
1658194372,API3USDT,Buy,70,1.932,MinusTick,d47c8569-6bda-5192-8a37-172919603778,1.3524e+10,70,135.24
1658194394,API3USDT,Buy,51.4,1.935,PlusTick,9a4dba09-c444-5727-b72d-0511ad2d17b0,9.9459e+09,51.4,99.459
1658194448,API3USDT,Buy,70,1.935,ZeroMinusTick,263d8179-feb2-5961-ae82-3234ca1fa313,1.3545000000000002e+10,70,135.45000000000002
1658194448,API3USDT,Buy,51.4,1.936,PlusTick,8b699d9e-2b71-5c62-99e6-5033989c3fe9,9.951039999999998e+09,51.4,99.51039999999999
1658194449,API3USDT,Buy,51.4,1.937,PlusTick,ae1c1bf1-c6e2-5f87-ad91-501f270c912e,9.95618e+09,51.4,99.5618
1658194454,API3USDT,Buy,51.4,1.939,PlusTick,70860046-1f48-5914-8a42-b04f71a002fe,9.96646e+09,51.4,99.66460000000001
1658194459,API3USDT,Sell,100,1.939,ZeroMinusTick,749e3e4a-8aad-5f7b-892a-d651b188a368,1.939e+10,100,193.9
1658194459,API3USDT,Sell,70,1.938,MinusTick,9434d4d4-7fab-5b63-a4dc-9b29ac697b4d,1.3566e+10,70,135.66
1658194459,API3USDT,Sell,407.9,1.938,ZeroMinusTick,45082edd-ebcc-50fd-8481-7a81bf93e65a,7.905102e+10,407.9,790.5101999999999
1658194495,API3USDT,Sell,51.4,1.931,MinusTick,576df20e-e6fb-5865-9fc8-33208f253282,9.92534e+09,51.4,99.2534
1658194495,API3USDT,Sell,176.5,1.931,ZeroMinusTick,187fa834-6bd2-5aa4-8958-a23622c97f49,3.408215e+10,176.5,340.8215
1658194498,API3USDT,Buy,10,1.932,PlusTick,44955c48-7ecb-587b-bb75-00d1b015f995,1.932e+09,10,19.32
1658194578,API3USDT,Sell,0.6,1.929,MinusTick,5fd017e3-6d97-5317-be34-8d9cf280a24a,1.1574e+08,0.6,1.1574
1658194630,API3USDT,Buy,411.3,1.930,PlusTick,9a97bc58-903e-5e8d-a9f1-caf8b4af7892,7.93809e+10,411.3,793.809
1658194630,API3USDT,Buy,394.8,1.930,ZeroMinusTick,b5bb8453-1e77-5310-b5cd-b032ce7f7f08,7.61964e+10,394.8,761.9639999999999
1658194713,API3USDT,Sell,100,1.929,MinusTick,05b63d04-225b-582f-8ea7-19cb1f2d57fe,1.929e+10,100,192.9
1658194715,API3USDT,Sell,51.4,1.928,MinusTick,8fdc72f9-37ae-5197-84e9-88428fca4b63,9.90992e+09,51.4,99.0992
1658194715,API3USDT,Sell,100,1.928,ZeroMinusTick,a4e117fd-0df3-56bf-bcc0-03e3e44dfacb,1.928e+10,100,192.79999999999998
1658194778,API3USDT,Sell,1.5,1.923,MinusTick,a92375db-55d3-5e6e-97df-9d6cf413f17c,2.8845e+08,1.5,2.8845
1658194781,API3USDT,Sell,51.4,1.921,MinusTick,e1276474-a1f0-5e2e-8237-ad07214335e0,9.87394e+09,51.4,98.7394
1658194781,API3USDT,Sell,51.4,1.920,MinusTick,986113c5-5e0a-5b7b-ae39-04f76a71ce3c,9.868799999999998e+09,51.4,98.68799999999999
1658194781,API3USDT,Sell,423,1.919,MinusTick,dbc527d3-010f-57cc-a79d-23c9ed4aeebd,8.11737e+10,423,811.737
1658194781,API3USDT,Sell,129.9,1.919,ZeroMinusTick,1fa105bb-a0bc-5daa-8d4d-ef0f054b934e,2.4927810000000004e+10,129.9,249.27810000000002
1658194781,API3USDT,Sell,100,1.919,ZeroMinusTick,62dfe042-6ebe-5a5f-afdd-8cfad8402b25,1.919e+10,100,191.9
1658194810,API3USDT,Buy,287.7,1.922,PlusTick,ee65552e-b3f6-50b7-a87f-551625a5485d,5.529593999999999e+10,287.7,552.9594
1658194839,API3USDT,Sell,51.4,1.919,MinusTick,c76a4fb4-4dd6-50ca-9191-822e556e477b,9.86366e+09,51.4,98.6366
1658194840,API3USDT,Sell,503.1,1.918,MinusTick,1e41b1ef-9c78-5605-9881-df7ac9b88e99,9.649458e+10,503.1,964.9458
1658194848,API3USDT,Buy,1.4,1.920,PlusTick,f368cc08-c88b-504a-b4bc-39ea6e63c9f1,2.688e+08,1.4,2.6879999999999997
1658194899,API3USDT,Sell,100,1.917,MinusTick,e0be1fdd-e113-55dd-aff3-5474256cd10d,1.917e+10,100,191.70000000000002
1658194958,API3USDT,Buy,0.5,1.919,PlusTick,32f03570-4c40-525c-b943-b6b815d8fc9b,9.595e+07,0.5,0.9595
1658194970,API3USDT,Sell,51.4,1.916,MinusTick,7554d48c-47c5-5889-9d96-498bfcfb6003,9.84824e+09,51.4,98.4824
1658194970,API3USDT,Sell,100,1.916,ZeroMinusTick,efafbd5b-6c6a-5fd6-8026-176bbfedd61a,1.916e+10,100,191.6
1658194971,API3USDT,Sell,51.4,1.915,MinusTick,2adfcd81-5e86-5056-b74b-69c6c8cc251f,9.8431e+09,51.4,98.431
1658194974,API3USDT,Sell,51.4,1.913,MinusTick,57462d9d-b2b1-5985-8dfc-c3e908be0601,9.83282e+09,51.4,98.3282
1658194980,API3USDT,Sell,51.4,1.912,MinusTick,5afac152-d7ac-50f7-9bec-0ae15b1db734,9.82768e+09,51.4,98.2768
1658194982,API3USDT,Buy,42.9,1.912,ZeroMinusTick,8e308ba6-bef2-54f3-85f8-aa242f8e3e20,8.20248e+09,42.9,82.0248
1658194982,API3USDT,Buy,17.2,1.912,ZeroMinusTick,04f4262d-8c04-54e4-9140-c2bcce0770fa,3.2886399999999995e+09,17.2,32.886399999999995
1658194982,API3USDT,Buy,60,1.912,ZeroMinusTick,24a19d28-0b7f-51c0-b81d-154c01f0a5d4,1.1472e+10,60,114.72
1658194996,API3USDT,Sell,145.5,1.911,MinusTick,60c95351-e687-5ed2-b9f8-638460a8e30e,2.780505e+10,145.5,278.0505
1658194996,API3USDT,Sell,51.4,1.911,ZeroMinusTick,b0a3bbc3-db2d-5c3a-800d-ac9bd6ff7c55,9.82254e+09,51.4,98.2254
1658195016,API3USDT,Buy,100,1.912,PlusTick,c7ad0c57-37eb-57e3-8889-c13dc9a29c99,1.912e+10,100,191.2
1658195029,API3USDT,Sell,100,1.914,PlusTick,fffd2695-fca9-5493-b9b5-77bb127551de,1.914e+10,100,191.4
