timestamp,symbol,side,size,price,tickDirection,trdMatchID,grossValue,homeNotional,foreignNotional
1658102433,API3USDT,Sell,281.2,1.778,PlusTick,6258efa9-945a-52e2-b60f-d38ed084d683,4.999736e+10,281.2,499.9736
1658102433,API3USDT,Sell,55.5,1.778,ZeroMinusTick,3c883bc4-0579-500e-b015-1b60ca6b6f63,9.8679e+09,55.5,98.679
1658102433,API3USDT,Sell,100,1.778,ZeroMinusTick,0e0bb539-46fd-52f2-a26c-4730fc6c50ef,1.778e+10,100,177.8
1658102434,API3USDT,Sell,55.5,1.777,MinusTick,8bb81fd2-eb1e-59a0-ae58-e821353b2075,9.86235e+09,55.5,98.62349999999999
1658102468,API3USDT,Sell,55.5,1.776,MinusTick,87470214-3317-50ce-816d-2e815f56f6bf,9.8568e+09,55.5,98.568
1658102468,API3USDT,Sell,75,1.776,ZeroMinusTick,f9e3f3f9-e964-5f67-9db5-842a1317817d,1.3319999999999998e+10,75,133.2
1658102468,API3USDT,Sell,55.5,1.775,MinusTick,1e120c0c-b978-5d95-bbb1-c500489095fd,9.851249999999998e+09,55.5,98.51249999999999
1658102468,API3USDT,Sell,140.5,1.775,ZeroMinusTick,1dce9198-e74b-5c78-a4ea-6204a7daa33d,2.493875e+10,140.5,249.3875
1658102468,API3USDT,Sell,55.5,1.774,MinusTick,cdc79e06-e2e7-5b4e-944c-6981a33ee090,9.8457e+09,55.5,98.45700000000001
1658102473,API3USDT,Buy,270.8,1.775,PlusTick,eda5351b-d531-5d25-b7be-a086c113f61e,4.8067e+10,270.8,480.67
1658102473,API3USDT,Buy,10.8,1.775,ZeroMinusTick,e6204f18-2f77-5eeb-9efd-1af53443b263,1.9170000000000002e+09,10.8,19.17
1658102473,API3USDT,Buy,100,1.775,ZeroMinusTick,6ad56652-c6f1-53e0-96a7-6cc4e0e3fdd8,1.775e+10,100,177.5
1658102473,API3USDT,Sell,171.2,1.775,ZeroMinusTick,92d7692d-c298-54a2-b877-aa83974791f1,3.0387999999999992e+10,171.2,303.87999999999994
1658102473,API3USDT,Sell,270.8,1.775,ZeroMinusTick,814e5532-b922-5ff3-83bd-69cf3e7f5ce5,4.8067e+10,270.8,480.67
1658102473,API3USDT,Sell,75,1.775,ZeroMinusTick,da255fcd-7ece-500e-87f4-655d26042be1,1.33125e+10,75,133.125
1658102474,API3USDT,Buy,75,1.776,PlusTick,785434d1-15c4-5602-a8bd-2d7647cbd791,1.3319999999999998e+10,75,133.2
1658102534,API3USDT,Sell,100,1.780,PlusTick,ee67a2e7-367d-54c6-8fe6-444f809a9336,1.78e+10,100,178
1658102574,API3USDT,Sell,0.5,1.785,PlusTick,e45d1d80-2196-53ac-8ce2-ae4a6e46afdb,8.925e+07,0.5,0.8925
1658102574,API3USDT,Buy,0.5,1.786,PlusTick,bdfb8e8b-63fc-5141-9010-f85942ceb102,8.93e+07,0.5,0.893
1658102591,API3USDT,Sell,100,1.784,MinusTick,c7069925-727a-5fcd-b0af-3f5c509dc3ae,1.784e+10,100,178.4
1658102591,API3USDT,Sell,420.5,1.784,ZeroMinusTick,5128b767-7f6e-52bf-b402-dbfa4cadb485,7.50172e+10,420.5,750.172
1658102592,API3USDT,Sell,55.5,1.783,MinusTick,ba7f2f40-1bfa-5511-9dcb-bb50681e7202,9.89565e+09,55.5,98.95649999999999
1658102603,API3USDT,Sell,55.5,1.782,MinusTick,134e6ea2-a4e9-5732-9109-d66ed20863dc,9.8901e+09,55.5,98.901
1658102603,API3USDT,Sell,100,1.782,ZeroMinusTick,bb92a35e-29b3-5543-8a29-de94e1f99cb1,1.782e+10,100,178.2
1658102611,API3USDT,Buy,405.9,1.783,PlusTick,0ab0cdb4-fa10-5e17-96bf-7537ed10998f,7.237196999999998e+10,405.9,723.7196999999999
1658102665,API3USDT,Buy,55.5,1.788,PlusTick,9cb30cff-f9ef-5c25-8e1a-2133ff54689a,9.9234e+09,55.5,99.23400000000001
1658102665,API3USDT,Buy,53.4,1.788,ZeroMinusTick,57608f8b-ea51-5510-bb49-c518480d8f49,9.54792e+09,53.4,95.4792
1658102674,API3USDT,Buy,421.6,1.789,PlusTick,477466cb-5caf-5b96-b16b-cecd5c64262c,7.542424e+10,421.6,754.2424
1658102674,API3USDT,Buy,402.7,1.789,ZeroMinusTick,2ad50a34-e9b3-54e8-8f45-6d2cb2bc2715,7.204303e+10,402.7,720.4303
1658102674,API3USDT,Buy,375.7,1.789,ZeroMinusTick,91474eb7-957d-543b-a336-6a21493794f6,6.721273e+10,375.7,672.1273
1658102674,API3USDT,Buy,412,1.789,ZeroMinusTick,864d40f6-bb90-52c5-a3b4-f009538ab60b,7.37068e+10,412,737.068
1658102683,API3USDT,Buy,55.5,1.791,PlusTick,2c50fa7f-17eb-5d92-ab41-d04cd6801845,9.94005e+09,55.5,99.4005
1658102683,API3USDT,Buy,423.6,1.791,ZeroMinusTick,0cc34cbe-c418-5960-bdd8-b4437638dbf1,7.586676e+10,423.6,758.6676
1658102683,API3USDT,Buy,55.5,1.792,PlusTick,1d895e69-aa0f-5eeb-a1c2-c30a1bc567b2,9.9456e+09,55.5,99.456
1658102684,API3USDT,Sell,1.3,1.792,ZeroMinusTick,ecf23e2a-668e-54eb-ba94-06754eb3ee1e,2.3296e+08,1.3,2.3296
1658102724,API3USDT,Sell,100,1.799,PlusTick,48a1bb5b-0438-5784-a2f2-3a7670e1de12,1.799e+10,100,179.9
1658102751,API3USDT,Sell,100,1.798,MinusTick,40e9035b-1dc7-5d91-85ac-3303cfded11a,1.798e+10,100,179.8
1658102751,API3USDT,Sell,127.6,1.798,ZeroMinusTick,2a46e90c-2e4a-5de4-adc5-877e4d5c0cf0,2.294248e+10,127.6,229.4248
1658102751,API3USDT,Sell,410.2,1.797,MinusTick,b4ef5425-50fc-5e03-a2d1-c5cbf75f1064,7.371293999999998e+10,410.2,737.1293999999999
1658102751,API3USDT,Sell,55.5,1.797,ZeroMinusTick,a1c5885d-a46c-5e70-b661-a30bd033b1de,9.97335e+09,55.5,99.73349999999999
1658102751,API3USDT,Sell,138.8,1.797,ZeroMinusTick,a7161470-f1d4-5e06-ba3e-85bd5730f09f,2.4942360000000004e+10,138.8,249.42360000000002
1658102751,API3USDT,Sell,100,1.797,ZeroMinusTick,498d4dd8-ecc9-51bb-a479-26cc18c680ee,1.797e+10,100,179.7
1658102752,API3USDT,Sell,56,1.797,ZeroMinusTick,280df45e-c566-5135-b452-cfa9f6e4676e,1.00632e+10,56,100.63199999999999
1658102752,API3USDT,Sell,55.5,1.796,MinusTick,682e8c67-c1bf-51a7-8e9c-65a4411f9dcb,9.9678e+09,55.5,99.678
1658102752,API3USDT,Sell,960.6,1.796,ZeroMinusTick,5137a1fe-142d-55b7-8de0-dee2946e4687,1.7252376000000003e+11,960.6,1725.2376000000002
1658102752,API3USDT,Sell,2.9,1.796,ZeroMinusTick,f1a7a5ae-069a-516c-9522-a88ffbb03af3,5.2084e+08,2.9,5.2084
1658102752,API3USDT,Sell,55.5,1.795,MinusTick,d1ab5697-6ffa-5b47-8f11-042e2a7bb8e4,9.96225e+09,55.5,99.6225
1658102752,API3USDT,Sell,50.2,1.795,ZeroMinusTick,520c5105-a8f6-571e-ba1f-8dbf6d2c3a07,9.0109e+09,50.2,90.109
1658102752,API3USDT,Sell,55.5,1.794,MinusTick,049f2c58-8da3-5d4a-a54d-afc4b3f8a158,9.9567e+09,55.5,99.56700000000001
1658102752,API3USDT,Buy,944.5,1.794,ZeroMinusTick,84f278cc-c273-5efd-8117-cdb5b127a5a7,1.694433e+11,944.5,1694.433
1658102752,API3USDT,Buy,100,1.795,PlusTick,b665f49c-6dcb-525a-b6cd-7510f3993049,1.795e+10,100,179.5
1658102752,API3USDT,Buy,100,1.795,ZeroMinusTick,e957e20a-586d-5ef3-95e7-ec2d45c05b19,1.795e+10,100,179.5
1658102752,API3USDT,Buy,100,1.795,ZeroMinusTick,9535389f-74c6-5b43-a274-5c2446596ebf,1.795e+10,100,179.5
1658102764,API3USDT,Sell,0.1,1.799,PlusTick,2c14c597-f97c-5df1-933c-cb95aae8f56e,1.799e+07,0.1,0.1799
1658102829,API3USDT,Buy,55.6,1.807,PlusTick,3e9d3511-f20f-5020-a98a-55858536eab2,1.004692e+10,55.6,100.4692
1658102842,API3USDT,Sell,100,1.809,PlusTick,7a2feaed-b3f5-54cb-a512-231530382658,1.809e+10,100,180.9
1658102843,API3USDT,Sell,100,1.808,MinusTick,c1483134-99ff-5a2b-8f79-ce480b09e71c,1.808e+10,100,180.8
1658102860,API3USDT,Buy,280,1.808,ZeroMinusTick,2cc1ca1e-f786-5d92-b4a3-dd32e862b435,5.0624e+10,280,506.24
1658102890,API3USDT,Sell,100,1.812,PlusTick,6996cfdc-7cbb-55ff-9fd7-a22cc4d2b95d,1.812e+10,100,181.20000000000002
1658102897,API3USDT,Buy,445,1.813,PlusTick,9ab39125-c3a7-5cd0-942b-25ce2e587518,8.06785e+10,445,806.785
1658102897,API3USDT,Buy,55.6,1.813,ZeroMinusTick,8a78b8fb-b327-5e82-b9b7-5c263b5f200a,1.008028e+10,55.6,100.8028
1658102897,API3USDT,Buy,75,1.813,ZeroMinusTick,c2fe6139-43c1-5a0c-a293-2a87d975d256,1.35975e+10,75,135.975
1658102897,API3USDT,Buy,55.6,1.814,PlusTick,09ae30ef-b8af-518a-b66e-67eab3ab6e04,1.008584e+10,55.6,100.8584
1658102897,API3USDT,Buy,75,1.815,PlusTick,e0b0cc3c-3207-5a09-a255-e36308963af1,1.36125e+10,75,136.125
1658102899,API3USDT,Buy,75,1.815,ZeroMinusTick,fd2ff687-875f-55a4-a4fb-0347a40d82bc,1.36125e+10,75,136.125
1658102899,API3USDT,Buy,55.6,1.815,ZeroMinusTick,3e204936-635f-5966-a391-746ce3217c00,1.00914e+10,55.6,100.914
1658102910,API3USDT,Sell,388.6,1.814,MinusTick,16ca0439-b819-5bc2-8356-ef9f53968b88,7.049204000000002e+10,388.6,704.9204000000001
1658102910,API3USDT,Sell,100,1.814,ZeroMinusTick,cd20abf7-a0a5-518d-8046-643ac5ff0686,1.814e+10,100,181.4
1658102921,API3USDT,Sell,100,1.814,ZeroMinusTick,f0d0552b-e42e-5ea6-965c-29d0edd23e32,1.814e+10,100,181.4
1658102934,API3USDT,Sell,0.7,1.813,MinusTick,d4ed8505-961a-5845-b354-2e1a573e75f0,1.2690999999999999e+08,0.7,1.2691
1658102976,API3USDT,Sell,100,1.813,ZeroMinusTick,86590d4e-56a7-5b15-9a16-3e1a894b9d55,1.813e+10,100,181.29999999999998
1658102976,API3USDT,Sell,311.1,1.813,ZeroMinusTick,1e114c79-bbcf-54ff-9262-5d17dacd2c30,5.640243000000001e+10,311.1,564.0243
1658102976,API3USDT,Sell,392.9,1.813,ZeroMinusTick,41803d16-97f6-507b-b5f5-f2369adcae7a,7.123277e+10,392.9,712.3276999999999
1658102977,API3USDT,Sell,75,1.812,MinusTick,4fdcdd81-578f-5881-96a7-75fff1b057a4,1.359e+10,75,135.9
1658102977,API3USDT,Sell,275.9,1.812,ZeroMinusTick,f8263691-48fb-5a50-ac3b-1b5a16d10927,4.999308e+10,275.9,499.9308
1658102977,API3USDT,Sell,732.2,1.812,ZeroMinusTick,107c3d12-f2e8-53b5-b09f-da13d197c9cb,1.3267464000000002e+11,732.2,1326.7464000000002
1658102977,API3USDT,Sell,405,1.812,ZeroMinusTick,eafbac3d-5550-5c5d-a504-3f45682d7d34,7.3386e+10,405,733.86
1658102977,API3USDT,Sell,400.3,1.812,ZeroMinusTick,3204eb62-3582-5025-946e-dda2c741f0e8,7.253436e+10,400.3,725.3436
1658102977,API3USDT,Sell,100,1.812,ZeroMinusTick,50907694-d29e-5281-8f77-bcb6143d5a9a,1.812e+10,100,181.20000000000002
1658102977,API3USDT,Sell,55.6,1.811,MinusTick,d442a8d6-5ddd-55da-a60f-3b4504fe72ee,1.006916e+10,55.6,100.6916
1658102977,API3USDT,Sell,55.6,1.810,MinusTick,1a0a3c81-034c-518d-9d67-0545f63f52de,1.0063600000000002e+10,55.6,100.63600000000001
1658102977,API3USDT,Buy,75,1.810,ZeroMinusTick,431c19ac-f13d-5386-9ff0-800ede67de3e,1.3575e+10,75,135.75
1658103002,API3USDT,Buy,100,1.806,MinusTick,374f1a14-943c-5f3b-802b-0c6f8281e971,1.806e+10,100,180.6
1658103004,API3USDT,Buy,276.7,1.807,PlusTick,7a1d437d-09a5-57f8-9b5c-499f3bcf6a68,4.999969e+10,276.7,499.9969
1658103004,API3USDT,Buy,55.6,1.807,ZeroMinusTick,f7861307-2dfe-567e-b409-1bd730001c4b,1.004692e+10,55.6,100.4692
1658103004,API3USDT,Buy,87.6,1.808,PlusTick,538b7cc6-3900-530a-8450-3ae01f6d3b86,1.583808e+10,87.6,158.3808
1658103063,API3USDT,Buy,55.6,1.808,ZeroMinusTick,cf4325a7-8dce-5600-a3ac-15ae524f7d93,1.005248e+10,55.6,100.5248
1658103068,API3USDT,Buy,401.9,1.809,PlusTick,092cebe2-aae7-5281-836a-11949f4ec013,7.270370999999998e+10,401.9,727.0370999999999
1658103068,API3USDT,Buy,423.6,1.809,ZeroMinusTick,cc4a78c0-d172-5492-aac5-8a1c370e6d6e,7.662924e+10,423.6,766.2924
1658103068,API3USDT,Buy,55.6,1.809,ZeroMinusTick,7a1923ae-dfb5-53fb-b2fa-e1f986f78c28,1.005804e+10,55.6,100.5804
1658103068,API3USDT,Buy,100,1.809,ZeroMinusTick,5dc6bf15-138a-5694-abd1-997abec92184,1.809e+10,100,180.9
1658103068,API3USDT,Buy,55.6,1.810,PlusTick,27af7da4-8d2d-548e-a280-bd22fd0e0a8e,1.0063600000000002e+10,55.6,100.63600000000001
1658103068,API3USDT,Buy,100,1.810,ZeroMinusTick,5c3e5c21-5fed-5e58-9795-fc808fc3af32,1.81e+10,100,181
1658103071,API3USDT,Buy,55.6,1.811,PlusTick,12db162e-0592-5052-ac65-e3446bfb99d8,1.006916e+10,55.6,100.6916
1658103076,API3USDT,Buy,55.6,1.813,PlusTick,d2fadfe8-1373-5531-b64c-b889c65553ed,1.008028e+10,55.6,100.8028
1658103076,API3USDT,Buy,55.6,1.814,PlusTick,123ee805-540e-57dc-b703-917580903e74,1.008584e+10,55.6,100.8584
1658103078,API3USDT,Sell,100,1.815,PlusTick,0c2b352a-5173-5018-b88d-fb89b9dc81d1,1.815e+10,100,181.5
1658103094,API3USDT,Sell,1.9,1.814,MinusTick,91486a4f-8bac-5ffe-8ecf-c66f974d36a2,3.4466e+08,1.9,3.4466
1658103122,API3USDT,Buy,498.4,1.814,ZeroMinusTick,75dfd3c0-269d-5bd1-8da9-3db8dd3f687a,9.040976e+10,498.4,904.0975999999999
1658103123,API3USDT,Sell,551.1,1.815,PlusTick,8e40371e-5924-5d49-8d31-305455051b82,1.0002465e+11,551.1,1000.2465
1658103123,API3USDT,Sell,75,1.815,ZeroMinusTick,1d40d351-3feb-549c-97ad-54d8323e9935,1.36125e+10,75,136.125
1658103151,API3USDT,Sell,55.6,1.811,MinusTick,0124c350-f929-5f5d-a729-55974b3f1373,1.006916e+10,55.6,100.6916
1658103151,API3USDT,Sell,75,1.811,ZeroMinusTick,5227df32-86fc-5163-81d4-4446ff2b3002,1.3582499999999998e+10,75,135.825
1658103151,API3USDT,Buy,92.6,1.811,ZeroMinusTick,0c807deb-d13b-59ec-a562-3afff3cc085d,1.6769859999999996e+10,92.6,167.69859999999997
1658103151,API3USDT,Buy,228.6,1.811,ZeroMinusTick,53d84437-6eba-57ef-9d99-34a2e5a9ff4d,4.139946e+10,228.6,413.9946
1658103151,API3USDT,Sell,55.6,1.810,MinusTick,b2624bf2-18ea-59f7-9b62-e400ba10f2d7,1.0063600000000002e+10,55.6,100.63600000000001
1658103152,API3USDT,Buy,100,1.810,ZeroMinusTick,a256d9f0-7f05-5a42-a193-abd56fb8ce4e,1.81e+10,100,181
1658103154,API3USDT,Buy,100,1.811,PlusTick,5e5e1d6f-bea3-5a35-8df7-46dac2dd2101,1.811e+10,100,181.1
1658103154,API3USDT,Buy,75,1.811,ZeroMinusTick,8c03a2a8-7e8b-5950-81f8-abfc2a3b1967,1.3582499999999998e+10,75,135.825
1658103204,API3USDT,Sell,1.2,1.809,MinusTick,9d663d1e-3b31-5086-95cc-fa68ab53576d,2.1707999999999997e+08,1.2,2.1708
1658103234,API3USDT,Buy,10,1.810,PlusTick,096c2fef-ba74-5087-b20f-77531dbe5ee1,1.8100000000000002e+09,10,18.1
1658103247,API3USDT,Buy,55.6,1.811,PlusTick,ca6af545-782f-52be-8b37-842d4587ef03,1.006916e+10,55.6,100.6916
1658103247,API3USDT,Buy,55.6,1.812,PlusTick,b9755291-708e-5eb6-908b-e98d105ded23,1.007472e+10,55.6,100.7472
1658103304,API3USDT,Buy,2,1.814,PlusTick,bc2ca275-56d4-5a64-90ab-e66765f7c2e5,3.628e+08,2,3.628
1658103316,API3USDT,Sell,421.7,1.812,MinusTick,452079d5-52d4-5cae-aed4-2cb230985e55,7.641204e+10,421.7,764.1204
1658103316,API3USDT,Sell,388.9,1.811,MinusTick,4020cece-185f-5727-a5dc-59cd4fff66ca,7.042978999999998e+10,388.9,704.2978999999999
1658103316,API3USDT,Sell,28.1,1.811,ZeroMinusTick,de760958-9bff-5ccc-9f1a-d2e45d447c58,5.08891e+09,28.1,50.8891
1658103316,API3USDT,Sell,55.6,1.811,ZeroMinusTick,da8002fc-3071-5ab2-9731-f45cd06b8f28,1.006916e+10,55.6,100.6916
1658103316,API3USDT,Sell,55.6,1.810,MinusTick,3f41d90a-109b-5a5b-bca5-afd3504bab3b,1.0063600000000002e+10,55.6,100.63600000000001
1658103316,API3USDT,Sell,55.6,1.809,MinusTick,e0a497a7-2888-54f9-b39d-9d503c22689d,1.005804e+10,55.6,100.5804
1658103316,API3USDT,Sell,75,1.809,ZeroMinusTick,7c1b6393-777c-58e1-81d4-2fe82773d667,1.3567499999999998e+10,75,135.67499999999998
1658103362,API3USDT,Sell,55.6,1.802,MinusTick,7b29acbd-7091-5449-a6bc-50b5aa490274,1.001912e+10,55.6,100.19120000000001
1658103362,API3USDT,Sell,75,1.802,ZeroMinusTick,95e9880e-c5a7-5dd6-8605-63c604d53596,1.3515e+10,75,135.15
1658103362,API3USDT,Sell,401.7,1.801,MinusTick,b69c79af-85e4-5314-b31d-ceea901b5f80,7.234617e+10,401.7,723.4617
1658103362,API3USDT,Sell,625.7,1.801,ZeroMinusTick,dc9bd58b-29da-5233-a995-ca9eb1ab9712,1.1268857e+11,625.7,1126.8857
1658103373,API3USDT,Sell,55.6,1.801,ZeroMinusTick,238fd069-0b04-5948-9390-1a02dff07357,1.001356e+10,55.6,100.1356
1658103375,API3USDT,Sell,55.6,1.800,MinusTick,154e3558-1a29-51ad-af29-ec98eee642f1,1.0008e+10,55.6,100.08
1658103394,API3USDT,Buy,100,1.800,ZeroMinusTick,a84a7e9d-c2c4-5b6c-b9e7-ca92f6da4705,1.8e+10,100,180
1658103400,API3USDT,Buy,55.6,1.802,PlusTick,a2b327b3-6912-5a8e-a6eb-8b786df96e9c,1.001912e+10,55.6,100.19120000000001
1658103404,API3USDT,Sell,0.1,1.801,MinusTick,be1ec6d5-e3ec-57ca-8ab8-21692941fac5,1.801e+07,0.1,0.1801
1658103458,API3USDT,Buy,55.6,1.805,PlusTick,2ea22503-cb71-5733-8699-b3c0056a6b7b,1.00358e+10,55.6,100.358
1658103483,API3USDT,Sell,100,1.804,MinusTick,b54993a5-84bf-5664-ab4d-a81117c27c25,1.804e+10,100,180.4
1658103527,API3USDT,Sell,100,1.802,MinusTick,358c4aa5-1f74-5714-b896-5a23e885668f,1.802e+10,100,180.20000000000002
1658103527,API3USDT,Sell,189.4,1.800,MinusTick,aadbd073-7be4-5c90-be27-45ea766c0f6c,3.4092e+10,189.4,340.92
1658103527,API3USDT,Sell,517.1,1.800,ZeroMinusTick,904d2c4c-eb52-5aa5-bf43-ac90f86bbb5d,9.307800000000002e+10,517.1,930.7800000000001
1658103527,API3USDT,Sell,138.5,1.800,ZeroMinusTick,3ad16ff0-012b-5790-ba54-82d399e53e6d,2.493e+10,138.5,249.3
1658103527,API3USDT,Sell,55.6,1.799,MinusTick,25f1abe5-65a2-5e3d-909a-a531e4f2ca93,1.000244e+10,55.6,100.0244
1658103527,API3USDT,Sell,55.6,1.798,MinusTick,e443af5f-50ec-5fde-8181-4155629d9052,9.99688e+09,55.6,99.9688
1658103527,API3USDT,Sell,55.6,1.797,MinusTick,3e8116ce-8102-521d-b1fd-9950019a5a1b,9.99132e+09,55.6,99.9132
1658103527,API3USDT,Sell,1104.3,1.797,ZeroMinusTick,351b4176-7a58-5658-86ea-f1068a066601,1.9844271e+11,1104.3,1984.4270999999999
1658103568,API3USDT,Buy,75,1.799,PlusTick,d67b5b1b-25ef-5035-8423-b31ef41bea7c,1.3492499999999998e+10,75,134.92499999999998
1658103568,API3USDT,Buy,55.6,1.799,ZeroMinusTick,a60a98f8-5ae8-5d9a-8a2b-468c4d0fc1eb,1.000244e+10,55.6,100.0244
1658103568,API3USDT,Buy,416,1.799,ZeroMinusTick,bbbe6e8f-0b85-55cb-9bf7-d536095cfae4,7.48384e+10,416,748.384
1658103568,API3USDT,Buy,403.9,1.799,ZeroMinusTick,30df2450-2b04-5fb7-abfc-f998148277f9,7.266161e+10,403.9,726.6161
1658103568,API3USDT,Buy,227.2,1.800,PlusTick,3d9b01f4-1aff-5b80-8abf-1bdf782dbcc3,4.0896e+10,227.2,408.96
1658103568,API3USDT,Buy,55.6,1.800,ZeroMinusTick,9f4de662-c4ef-57dc-930e-a9a9721ddd9f,1.0008e+10,55.6,100.08
1658103568,API3USDT,Buy,75,1.801,PlusTick,1601bf93-4dc8-51d2-aa92-66370c952195,1.3507499999999998e+10,75,135.075
1658103569,API3USDT,Buy,75,1.801,ZeroMinusTick,e6906a99-ff53-57bb-913e-46a9d6f75e02,1.3507499999999998e+10,75,135.075
1658103569,API3USDT,Buy,75,1.801,ZeroMinusTick,8a20b8cc-2b6b-5375-adc7-4c9172dbb239,1.3507499999999998e+10,75,135.075
1658103604,API3USDT,Buy,0.5,1.802,PlusTick,1b226773-d613-5ed7-8fb2-49d30ef940d5,9.01e+07,0.5,0.901
1658103635,API3USDT,Sell,100,1.800,MinusTick,acc7c987-eee7-58cd-ade8-db0501df6d6e,1.8e+10,100,180
1658103635,API3USDT,Sell,100,1.799,MinusTick,cb401442-e07d-50bb-9c5d-0add19f59855,1.799e+10,100,179.9
1658103697,API3USDT,Buy,55.6,1.798,MinusTick,f6afa199-dede-5cc9-9810-d7778f61aa7f,9.99688e+09,55.6,99.9688
1658103697,API3USDT,Buy,55.6,1.799,PlusTick,5b78f258-68d2-5ea6-a513-e56d13b754aa,1.000244e+10,55.6,100.0244
1658103697,API3USDT,Buy,75,1.799,ZeroMinusTick,98f6cd5b-b13b-54b5-9814-a8693833366b,1.3492499999999998e+10,75,134.92499999999998
1658103697,API3USDT,Buy,417,1.799,ZeroMinusTick,6e3d56ba-7f3c-5e32-9de2-5ac89df24ed0,7.50183e+10,417,750.183
1658103697,API3USDT,Buy,100,1.799,ZeroMinusTick,695e024c-fd1c-5a5b-b1cf-051088f1d86e,1.799e+10,100,179.9
1658103701,API3USDT,Buy,55.6,1.800,PlusTick,c40a8246-bbfa-53c8-aeb1-6af9eff02985,1.0008e+10,55.6,100.08
1658103720,API3USDT,Buy,55.6,1.802,PlusTick,f80dbace-d4f9-5695-81bc-5e7fac434250,1.001912e+10,55.6,100.19120000000001
1658103734,API3USDT,Buy,2,1.803,PlusTick,28353f7a-df22-5710-a692-dcc09c4b8b15,3.606e+08,2,3.606
1658103749,API3USDT,Buy,53.6,1.803,ZeroMinusTick,db2f9555-50bc-538a-9932-d59aa1d19d58,9.66408e+09,53.6,96.6408
1658103749,API3USDT,Buy,498.4,1.804,PlusTick,620b2595-187c-51b7-a0ba-6c60e839c45e,8.991136e+10,498.4,899.1136
1658103749,API3USDT,Buy,398.9,1.804,ZeroMinusTick,24de9350-a238-566b-a0e8-cb7734c020e9,7.196156e+10,398.9,719.6156
1658103749,API3USDT,Buy,753.2,1.804,ZeroMinusTick,36e4303e-04f4-5c43-b35e-6d3a2a171a59,1.3587728000000002e+11,753.2,1358.7728000000002
1658103749,API3USDT,Buy,55.6,1.804,ZeroMinusTick,dc9a48e0-9537-545c-9bf2-8e3a743b20ee,1.003024e+10,55.6,100.3024
1658103749,API3USDT,Sell,75,1.804,ZeroMinusTick,6093afdd-cc2e-53a3-bb17-d79f4f105f63,1.3530000000000002e+10,75,135.3
1658103772,API3USDT,Buy,100,1.805,PlusTick,c305efe9-94b0-5a04-b76e-6729f97b4448,1.805e+10,100,180.5
1658103772,API3USDT,Buy,75,1.805,ZeroMinusTick,72208928-3ead-5c68-aad4-41aa9f588ad4,1.35375e+10,75,135.375
1658103772,API3USDT,Buy,55.6,1.805,ZeroMinusTick,655acbee-f6b4-58cb-a026-0d0a6ba08ce1,1.00358e+10,55.6,100.358
1658103774,API3USDT,Buy,75,1.807,PlusTick,27354dd6-77fa-5c38-bcce-9671abf100e3,1.35525e+10,75,135.525
1658103774,API3USDT,Buy,55.6,1.807,ZeroMinusTick,785fbef7-2798-5451-8238-a48cfe6d99cd,1.004692e+10,55.6,100.4692
1658103774,API3USDT,Buy,75,1.808,PlusTick,44be8a45-d9bf-59e6-a9f5-fc8d4e513cf6,1.356e+10,75,135.6
1658103774,API3USDT,Buy,55.6,1.808,ZeroMinusTick,5998273d-3619-5807-a254-b9c511f83aca,1.005248e+10,55.6,100.5248
1658103778,API3USDT,Buy,75,1.809,PlusTick,79bae000-60be-56cb-9e0f-c95013758a4b,1.3567499999999998e+10,75,135.67499999999998
1658103778,API3USDT,Buy,55.6,1.809,ZeroMinusTick,c19875c9-8c8b-50ad-967b-a2f431484f77,1.005804e+10,55.6,100.5804
1658103781,API3USDT,Buy,55.6,1.810,PlusTick,265839a9-9eed-5b83-92c1-3e3118fc21cc,1.0063600000000002e+10,55.6,100.63600000000001
1658103781,API3USDT,Sell,235.2,1.810,ZeroMinusTick,850ed5e8-5b41-52d7-a52c-4d47b313f776,4.25712e+10,235.2,425.712
1658103792,API3USDT,Sell,100,1.809,MinusTick,adb512eb-2933-595b-9571-79d29cdd0303,1.809e+10,100,180.9
1658103793,API3USDT,Buy,100,1.808,MinusTick,06b83fa3-0603-51bf-9005-7ae6494e890d,1.808e+10,100,180.8
1658103840,API3USDT,Sell,276.5,1.808,ZeroMinusTick,b708d244-f5d2-5501-b57f-32e6e796b148,4.99912e+10,276.5,499.91200000000003
1658103840,API3USDT,Sell,100,1.808,ZeroMinusTick,1869bcae-01b5-5f39-bc43-8b396444d29b,1.808e+10,100,180.8
1658103840,API3USDT,Sell,141.5,1.808,ZeroMinusTick,b5d63c5b-42a8-58f3-acdb-9372285f449c,2.55832e+10,141.5,255.832
1658103844,API3USDT,Buy,100,1.807,MinusTick,81bb3ceb-5e22-5da8-aafa-ee3a4eff3453,1.807e+10,100,180.7
1658103874,API3USDT,Buy,55.6,1.808,PlusTick,a0ba0700-6f75-5c7c-9eca-2fb87d60fdc4,1.005248e+10,55.6,100.5248
1658103875,API3USDT,Buy,55.6,1.809,PlusTick,42ae9590-eade-5363-8393-7a138ea0230a,1.005804e+10,55.6,100.5804
1658103875,API3USDT,Buy,55.6,1.810,PlusTick,4af063dc-e3d3-56ff-bf6a-82e73c7d26d0,1.0063600000000002e+10,55.6,100.63600000000001
1658103875,API3USDT,Buy,398.2,1.810,ZeroMinusTick,e415f12f-c67f-5bb6-aeb2-6dc3745f5705,7.20742e+10,398.2,720.742
1658103875,API3USDT,Buy,710.6,1.810,ZeroMinusTick,134e6c88-836f-5d8b-a650-73b3ed94eb6e,1.2861860000000002e+11,710.6,1286.1860000000001
1658103875,API3USDT,Sell,414.6,1.810,ZeroMinusTick,5cd74708-58b3-5217-8484-ca4cbd9b36c3,7.50426e+10,414.6,750.426
1658103875,API3USDT,Buy,55.6,1.811,PlusTick,baa31e34-19f7-5441-b872-427e51f3eb74,1.006916e+10,55.6,100.6916
1658103904,API3USDT,Buy,55.6,1.811,ZeroMinusTick,80a39aa4-6d3b-57f7-a136-434f4c0eaa1a,1.006916e+10,55.6,100.6916
1658103904,API3USDT,Buy,1.3,1.812,PlusTick,7279340a-3b40-524b-8a52-48c223804d37,2.3556000000000003e+08,1.3,2.3556000000000004
1658103912,API3USDT,Buy,91.4,1.810,MinusTick,8f7f98f2-5dc8-5f28-9c85-8e92e116ee21,1.6543400000000002e+10,91.4,165.43400000000003
1658103912,API3USDT,Buy,8.6,1.810,ZeroMinusTick,efbab9c7-4cb6-5a0b-b7c2-7d210f2745a1,1.5566e+09,8.6,15.565999999999999
1658103933,API3USDT,Buy,54.3,1.812,PlusTick,374c586a-bd74-52cb-97a6-9cd113eca3c6,9.83916e+09,54.3,98.3916
1658103933,API3USDT,Buy,414.2,1.812,ZeroMinusTick,451117f3-3da3-5bdb-b44d-b5c70efc59fc,7.505304e+10,414.2,750.5304
1658103933,API3USDT,Buy,414.1,1.812,ZeroMinusTick,51fbf343-3535-539f-abd6-87f676de80a2,7.503492000000002e+10,414.1,750.3492000000001
1658103934,API3USDT,Buy,55.6,1.813,PlusTick,1c93185b-3e87-5627-abc4-1b1b8527b6c0,1.008028e+10,55.6,100.8028
1658104004,API3USDT,Buy,0.9,1.812,MinusTick,475c665b-43db-5285-9b53-9b841c64ae4f,1.6308e+08,0.9,1.6308
1658104008,API3USDT,Sell,75,1.810,MinusTick,fe69d9d4-8cd9-5400-a2c8-6ad63cbcd118,1.3575e+10,75,135.75
1658104008,API3USDT,Sell,100,1.810,ZeroMinusTick,e74801da-2ea2-5c52-b14b-c3ed3ca14a4b,1.81e+10,100,181
1658104008,API3USDT,Buy,552.2,1.810,ZeroMinusTick,3fb0fd81-897c-5989-8809-57095d364635,9.994820000000002e+10,552.2,999.4820000000001
1658104011,API3USDT,Buy,75,1.809,MinusTick,f1fb395c-dccd-5fc1-ae52-ecf0b9ab379e,1.3567499999999998e+10,75,135.67499999999998
1658104021,API3USDT,Sell,432.6,1.808,MinusTick,b8fe1c1c-258a-5a26-8991-7622440954b0,7.821408e+10,432.6,782.1408
1658104023,API3USDT,Buy,100,1.808,ZeroMinusTick,bb78c47b-5377-5001-890d-ba6da1ff6230,1.808e+10,100,180.8
1658104023,API3USDT,Buy,75,1.808,ZeroMinusTick,e8ce3487-c3ed-5156-a52b-a6aa3dc0f54f,1.356e+10,75,135.6
1658104026,API3USDT,Sell,422.5,1.807,MinusTick,7a566256-2469-5597-a567-c092f455145a,7.634575e+10,422.5,763.4575
1658104026,API3USDT,Sell,420.4,1.807,ZeroMinusTick,178f9a95-b4f1-5151-9ecc-13395d61a96c,7.596628e+10,420.4,759.6628
1658104027,API3USDT,Buy,100,1.806,MinusTick,a81b2c45-cac7-581d-8d7a-1219bbeec67e,1.806e+10,100,180.6
1658104028,API3USDT,Buy,100,1.807,PlusTick,f5d468cd-83ab-563b-9c1f-3eaf00716938,1.807e+10,100,180.7
1658104051,API3USDT,Sell,55.6,1.805,MinusTick,487486a2-6654-5405-a94d-fcbecceb4971,1.00358e+10,55.6,100.358
1658104051,API3USDT,Sell,55.6,1.804,MinusTick,865c061d-1284-5bd2-84b1-5e5f2a7a2c7d,1.003024e+10,55.6,100.3024
1658104094,API3USDT,Buy,100,1.804,ZeroMinusTick,56ffb531-b8b3-5c11-a80a-8782ff74f3d1,1.804e+10,100,180.4
1658104094,API3USDT,Sell,1.6,1.802,MinusTick,4451766c-51e9-5995-b7eb-6c29a1211954,2.8832000000000006e+08,1.6,2.8832000000000004
1658104094,API3USDT,Buy,55.6,1.805,PlusTick,bd82a0d5-ef4d-5d47-9cda-137d5cf114e3,1.00358e+10,55.6,100.358
1658104094,API3USDT,Buy,100,1.805,ZeroMinusTick,e96c2c44-b5bd-5490-8072-e7727b0ef2c1,1.805e+10,100,180.5
1658104121,API3USDT,Sell,100,1.806,PlusTick,d2528214-9aa2-59c9-b1ea-5036a7554441,1.806e+10,100,180.6
1658104145,API3USDT,Buy,55.6,1.808,PlusTick,54323310-8b41-55f3-bff0-7bc3a553d53e,1.005248e+10,55.6,100.5248
1658104146,API3USDT,Sell,100,1.808,ZeroMinusTick,0ae5139e-4196-5773-8954-99804473406c,1.808e+10,100,180.8
1658104216,API3USDT,Sell,75,1.807,MinusTick,d049723c-7a3a-51b6-bf8a-7c446a237d43,1.35525e+10,75,135.525
1658104216,API3USDT,Sell,100,1.807,ZeroMinusTick,a041d413-9414-5dd8-8df8-93753293896e,1.807e+10,100,180.7
1658104217,API3USDT,Buy,19.7,1.807,ZeroMinusTick,705b4d27-f2d9-5d46-b4fa-07695d0fbd1b,3.5597899999999995e+09,19.7,35.597899999999996
1658104224,API3USDT,Sell,1.4,1.806,MinusTick,7bd227a6-19cc-5d1f-a799-14921c0178cb,2.5284e+08,1.4,2.5284
1658104251,API3USDT,Sell,429.2,1.806,ZeroMinusTick,5b17c96a-cdb3-5bea-802e-4e9cbbbdbbd1,7.751352e+10,429.2,775.1352
1658104251,API3USDT,Sell,402,1.805,MinusTick,627957ee-cb6f-563b-b073-9fc31e05a500,7.2561e+10,402,725.61
1658104251,API3USDT,Sell,55.6,1.804,MinusTick,be432e53-cce7-52f0-bdf4-f2be880e4a66,1.003024e+10,55.6,100.3024
1658104251,API3USDT,Sell,75,1.804,ZeroMinusTick,9936e2aa-f749-52db-b646-134c89bcf2c6,1.3530000000000002e+10,75,135.3
1658104251,API3USDT,Sell,55.6,1.803,MinusTick,2f2bfa80-f87f-54b4-b5c7-7a80a9d53dd3,1.002468e+10,55.6,100.2468
1658104259,API3USDT,Buy,75,1.805,PlusTick,274d702e-b877-5a12-abaa-56897f365907,1.35375e+10,75,135.375
1658104259,API3USDT,Buy,725,1.805,ZeroMinusTick,f2c3f5db-9476-5525-bfcd-e01eebd19508,1.308625e+11,725,1308.625
1658104259,API3USDT,Buy,12.2,1.805,ZeroMinusTick,10e313cb-8812-5262-b665-0420cadf441b,2.2020999999999995e+09,12.2,22.020999999999997
1658104259,API3USDT,Buy,55.6,1.805,ZeroMinusTick,db6862c6-a6cc-55e9-9776-b9ff2c16edaf,1.00358e+10,55.6,100.358
1658104267,API3USDT,Sell,100,1.803,MinusTick,cf1c070b-6002-5cbb-8aaf-a4ae6c4e7d3f,1.803e+10,100,180.29999999999998
1658104280,API3USDT,Buy,18.1,1.801,MinusTick,a097e5c7-f8e5-54c0-95a0-c1896d3dcca0,3.25981e+09,18.1,32.5981
1658104291,API3USDT,Buy,100,1.800,MinusTick,c5535e46-f4a8-5387-b944-8d4e601f9754,1.8e+10,100,180
1658104291,API3USDT,Buy,425,1.800,ZeroMinusTick,c10d7135-2a36-503c-923e-088aa00b885c,7.65e+10,425,765
1658104300,API3USDT,Buy,416.6,1.801,PlusTick,4d0e1f6c-4f7c-5b80-aa5a-06e738bb3087,7.502966e+10,416.6,750.2966
1658104300,API3USDT,Buy,277.6,1.801,ZeroMinusTick,7336adb0-2362-5285-8bf8-daacc9f01a56,4.999576e+10,277.6,499.9576
1658104300,API3USDT,Buy,100,1.801,ZeroMinusTick,01c848cf-444c-59aa-9361-4523524ceb07,1.801e+10,100,180.1
1658104304,API3USDT,Buy,75,1.803,PlusTick,5234b3b0-d7b5-5d5a-b884-9a4a327d3c8f,1.35225e+10,75,135.225
1658104337,API3USDT,Sell,150,1.799,MinusTick,3455420d-7304-5ea2-92e9-cd536779b56c,2.6984999999999996e+10,150,269.84999999999997
1658104363,API3USDT,Buy,75,1.801,PlusTick,992b06ff-2c16-5e8c-b865-fb111d893834,1.3507499999999998e+10,75,135.075
1658104363,API3USDT,Buy,100,1.801,ZeroMinusTick,51031125-3eef-53c3-be4e-263b63c2f38e,1.801e+10,100,180.1
1658104363,API3USDT,Buy,119.9,1.802,PlusTick,911292b4-3482-580c-8960-7cedfa4ba21d,2.1605980000000004e+10,119.9,216.05980000000002
1658104363,API3USDT,Buy,405.4,1.802,ZeroMinusTick,b8c7d98c-b4ab-51dd-81e3-58d7710dd7ec,7.305308e+10,405.4,730.5308
1658104363,API3USDT,Buy,55.6,1.802,ZeroMinusTick,234375e7-9fad-5059-9c08-266b345f741f,1.001912e+10,55.6,100.19120000000001
1658104363,API3USDT,Buy,100,1.802,ZeroMinusTick,5c05005d-e3ed-59b0-bc1d-ba14ad71d9ed,1.802e+10,100,180.20000000000002
1658104389,API3USDT,Buy,55.6,1.805,PlusTick,de1d8a92-7b83-58b4-93f1-09fce4bf9718,1.00358e+10,55.6,100.358
1658104403,API3USDT,Buy,55.6,1.809,PlusTick,44a7b2f5-21e6-5908-83f2-3b887b3d9a21,1.005804e+10,55.6,100.5804
1658104403,API3USDT,Buy,419,1.810,PlusTick,f11be7b1-140b-5711-92fc-03e2350b5b7b,7.5839e+10,419,758.39
1658104403,API3USDT,Buy,412.5,1.810,ZeroMinusTick,e341026e-9b45-5e53-a90e-3dae19b9b8af,7.46625e+10,412.5,746.625
1658104403,API3USDT,Buy,55.6,1.810,ZeroMinusTick,b3095ae1-d111-520a-8ca3-1afcd1ae12cf,1.0063600000000002e+10,55.6,100.63600000000001
1658104403,API3USDT,Buy,724,1.810,ZeroMinusTick,8ec4d956-284d-5e21-9707-1e5f6671553e,1.31044e+11,724,1310.44
1658104403,API3USDT,Buy,100,1.810,ZeroMinusTick,6c3701b2-3806-55b7-a15f-d34e33e4a4ad,1.81e+10,100,181
1658104403,API3USDT,Buy,422.6,1.811,PlusTick,40dc481e-93e7-540e-9e42-abcf11f476f0,7.653286e+10,422.6,765.3286
1658104403,API3USDT,Buy,395.7,1.811,ZeroMinusTick,a852983e-3351-512d-a3d9-74ad96d30d54,7.166126999999998e+10,395.7,716.6126999999999
1658104403,API3USDT,Buy,138.2,1.811,ZeroMinusTick,65d5bdd9-5c9b-502d-944f-c56eeac1cb31,2.5028019999999996e+10,138.2,250.28019999999998
1658104403,API3USDT,Buy,100,1.811,ZeroMinusTick,e546a04d-33d2-5a8a-8b3c-7f53f378c98b,1.811e+10,100,181.1
1658104415,API3USDT,Buy,55.6,1.812,PlusTick,4fccccdc-0ef0-5a3d-8d0a-77c26ff6bbe2,1.007472e+10,55.6,100.7472
1658104415,API3USDT,Buy,55.6,1.813,PlusTick,982bc8b0-bc2c-53c7-a553-b831c5a9ad94,1.008028e+10,55.6,100.8028
1658104415,API3USDT,Buy,75,1.813,ZeroMinusTick,6d1b086e-579c-5b5f-9c86-a29d58089b91,1.35975e+10,75,135.975
1658104415,API3USDT,Buy,55.6,1.814,PlusTick,fa15c839-9c55-5079-8041-e92fc474dcd5,1.008584e+10,55.6,100.8584
1658104415,API3USDT,Buy,75,1.814,ZeroMinusTick,3ab80f29-1d0d-559c-8e35-fd8f7c006c31,1.3605000000000002e+10,75,136.05
1658104418,API3USDT,Sell,100,1.812,MinusTick,adace5d7-9047-527f-99e2-8527b1cc1bb8,1.812e+10,100,181.20000000000002
1658104422,API3USDT,Sell,408.2,1.811,MinusTick,79963977-c21c-5f14-a037-c7ea5075cbcc,7.392502e+10,408.2,739.2502
1658104422,API3USDT,Sell,55.6,1.811,ZeroMinusTick,b7722e1b-cd93-57f9-9071-2a731bc55e3f,1.006916e+10,55.6,100.6916
1658104422,API3USDT,Sell,100,1.811,ZeroMinusTick,0cdd3fe4-4d34-5227-bb35-2ff63e991d9f,1.811e+10,100,181.1
1658104424,API3USDT,Sell,55.6,1.810,MinusTick,6226b14b-464c-56c5-92e0-d19c49934204,1.0063600000000002e+10,55.6,100.63600000000001
1658104424,API3USDT,Buy,1.9,1.811,PlusTick,1d7e28b8-8087-5c8e-9bad-467ec2cdad6e,3.4408999999999994e+08,1.9,3.4408999999999996
1658104461,API3USDT,Sell,75,1.809,MinusTick,30970eb0-244c-5186-b1e5-329be942f54e,1.3567499999999998e+10,75,135.67499999999998
1658104461,API3USDT,Sell,430.7,1.807,MinusTick,aee82faa-6dfd-5ec3-aa54-5d766ca46da5,7.782749e+10,430.7,778.2749
1658104461,API3USDT,Sell,55.6,1.807,ZeroMinusTick,cb2e8e36-38b7-5cda-a1fa-2dccf256682f,1.004692e+10,55.6,100.4692
1658104461,API3USDT,Sell,412.3,1.807,ZeroMinusTick,fb5e609d-c068-5a74-af0d-66c22004c4ff,7.450261e+10,412.3,745.0261
1658104461,API3USDT,Sell,100,1.807,ZeroMinusTick,cc6e0e5f-5953-5273-bea9-b95bce1a22de,1.807e+10,100,180.7
1658104461,API3USDT,Sell,75,1.807,ZeroMinusTick,d562c187-4893-519b-84b0-9d22ff20df1f,1.35525e+10,75,135.525
1658104462,API3USDT,Buy,418.5,1.808,PlusTick,55a3b993-9b7c-58c1-bf64-5ad3f615e4ce,7.56648e+10,418.5,756.648
1658104462,API3USDT,Buy,100,1.808,ZeroMinusTick,54041e63-81a8-51e9-a852-7024fb12134d,1.808e+10,100,180.8
1658104465,API3USDT,Buy,418.5,1.810,PlusTick,3625e775-32fc-53e8-9375-46f9265ea35b,7.57485e+10,418.5,757.485
1658104465,API3USDT,Buy,100,1.810,ZeroMinusTick,86145bcd-c0c4-51e7-adb6-d237c7d96cda,1.81e+10,100,181
1658104465,API3USDT,Buy,55.6,1.811,PlusTick,cd3c5409-7764-5c85-9c0a-5c3edc0a0a23,1.006916e+10,55.6,100.6916
1658104528,API3USDT,Sell,405.7,1.807,MinusTick,0dcc9c0c-26d6-5b22-a369-c267113499f6,7.330999e+10,405.7,733.0998999999999
1658104528,API3USDT,Sell,418,1.807,ZeroMinusTick,17d201ba-0767-5457-8fac-c2fc808ea77a,7.55326e+10,418,755.326
1658104574,API3USDT,Sell,411,1.804,MinusTick,125f50d2-7269-539d-8c3a-928793112779,7.41444e+10,411,741.4440000000001
1658104594,API3USDT,Buy,1.4,1.806,PlusTick,1f1040a6-6955-505b-9483-33ee45e3b93c,2.5284e+08,1.4,2.5284
1658104617,API3USDT,Buy,80.3,1.802,MinusTick,5cef0ecd-9817-5b16-8411-3098951d1675,1.447006e+10,80.3,144.7006
1658104634,API3USDT,Buy,10,1.802,ZeroMinusTick,15c601b1-023d-528f-877a-26caaf54c77c,1.802e+09,10,18.02
1658104638,API3USDT,Buy,100,1.798,MinusTick,c0b3daad-817d-5585-ac99-d84002e9eb09,1.798e+10,100,179.8
1658104650,API3USDT,Buy,100,1.798,ZeroMinusTick,15a58ecf-46f5-51f7-bcb6-568ef00e0da2,1.798e+10,100,179.8
1658104651,API3USDT,Buy,55.6,1.800,PlusTick,d7f17ecb-fd33-5afd-8b7b-3aae5e510d13,1.0008e+10,55.6,100.08
1658104651,API3USDT,Buy,55.6,1.801,PlusTick,926d8f1d-f9d8-5303-84da-e8f96dad8c55,1.001356e+10,55.6,100.1356
1658104654,API3USDT,Sell,434.9,1.799,MinusTick,0b26008f-3f2c-5233-9ce8-b09c83cb36f3,7.823851e+10,434.9,782.3851
1658104656,API3USDT,Sell,100,1.797,MinusTick,956e70a0-5a7a-58e6-9d70-e1444ddf7d19,1.797e+10,100,179.7
1658104657,API3USDT,Sell,75,1.795,MinusTick,a1c14834-1066-5fd3-a83a-20018833dad4,1.34625e+10,75,134.625
1658104657,API3USDT,Sell,55.6,1.794,MinusTick,6304c2ec-50fc-5482-9aef-0b52b29015c6,9.97464e+09,55.6,99.74640000000001
1658104657,API3USDT,Sell,652.4,1.794,ZeroMinusTick,44d20881-215a-54fd-bda4-2025eaf66c3b,1.1704056e+11,652.4,1170.4056
1658104658,API3USDT,Buy,100,1.796,PlusTick,e5b7fb64-d9ef-53b8-9120-d9928f9d0c38,1.796e+10,100,179.6
1658104672,API3USDT,Buy,100,1.797,PlusTick,838439d1-6734-5e28-b573-50441eddf904,1.797e+10,100,179.7
1658104672,API3USDT,Buy,75,1.797,ZeroMinusTick,16da416d-3025-5cfb-aaa9-7a246826fcf5,1.34775e+10,75,134.775
1658104704,API3USDT,Sell,2,1.795,MinusTick,1e4aea7f-f134-53d7-9d0e-7d7435216c5c,3.59e+08,2,3.59
1658104708,API3USDT,Buy,412.5,1.799,PlusTick,04e3f0b1-0ba7-5259-9984-9e3c757c66a1,7.420875e+10,412.5,742.0875
1658104708,API3USDT,Buy,55.6,1.799,ZeroMinusTick,036d13b9-2fdf-501e-a221-a4655d35c262,1.000244e+10,55.6,100.0244
1658104708,API3USDT,Buy,400.6,1.799,ZeroMinusTick,2531b8eb-c7b2-5903-9f1f-80f6b0d0c66f,7.206794e+10,400.6,720.6794
1658104708,API3USDT,Buy,75,1.799,ZeroMinusTick,7e833d88-d6a3-51e9-8f90-451b2a09580e,1.3492499999999998e+10,75,134.92499999999998
1658104709,API3USDT,Buy,55.6,1.800,PlusTick,b9937f48-c779-54ac-a3ff-fc842aff42c9,1.0008e+10,55.6,100.08
1658104709,API3USDT,Sell,100,1.800,ZeroMinusTick,b5915902-6b2b-529b-ba8d-da24ebbfc39f,1.8e+10,100,180
1658104709,API3USDT,Sell,50,1.800,ZeroMinusTick,143dfd1a-6b50-5cad-bc4a-43ac2d04e18f,9e+09,50,90
1658104735,API3USDT,Sell,75,1.799,MinusTick,a2a8f0d6-9742-5c95-8822-1b2af625fc3d,1.3492499999999998e+10,75,134.92499999999998
1658104781,API3USDT,Buy,75,1.795,MinusTick,36ca2af2-6cda-565e-90b5-764787156d1d,1.34625e+10,75,134.625
1658104781,API3USDT,Buy,100,1.795,ZeroMinusTick,cc08e880-4ebb-55a4-b2a1-3016543bc8ea,1.795e+10,100,179.5
1658104782,API3USDT,Buy,75,1.796,PlusTick,04bc2923-2ce2-5909-96aa-a0ace7bf589e,1.3470000000000002e+10,75,134.70000000000002
1658104828,API3USDT,Sell,230.6,1.794,MinusTick,0cbcfc21-59d8-5455-a0cb-950331fdda20,4.136964e+10,230.6,413.6964
1658104828,API3USDT,Sell,180.5,1.794,ZeroMinusTick,439b8eb0-ef76-5deb-b1ac-a606b8a9b54c,3.23817e+10,180.5,323.817
1658104828,API3USDT,Sell,50.1,1.794,ZeroMinusTick,6ab88db6-9f60-5012-bc41-a08dfecc9d1c,8.98794e+09,50.1,89.8794
1658104828,API3USDT,Sell,220.7,1.794,ZeroMinusTick,780e5827-44da-53a3-bc63-d426c05d8abb,3.959358e+10,220.7,395.9358
1658104828,API3USDT,Sell,158.2,1.794,ZeroMinusTick,2e5cfacb-a1eb-5619-bf7f-4f5594228beb,2.8381079999999996e+10,158.2,283.8108
1658104828,API3USDT,Sell,55.6,1.794,ZeroMinusTick,0198aa4c-d068-5043-af9f-3f02c9b0669a,9.97464e+09,55.6,99.74640000000001
1658104830,API3USDT,Buy,100,1.794,ZeroMinusTick,c57a0050-e075-5b7f-a7b9-f477e8a233c5,1.794e+10,100,179.4
1658104876,API3USDT,Sell,100,1.795,PlusTick,f783ed82-6437-50ce-b197-e548b8c30d2f,1.795e+10,100,179.5
1658104924,API3USDT,Buy,1.4,1.797,PlusTick,95e57b4c-032d-52e5-862a-e83071fbf9c0,2.5157999999999997e+08,1.4,2.5157999999999996
1658104927,API3USDT,Buy,73.6,1.797,ZeroMinusTick,0dd23660-188c-522d-85b0-37a9bcd133f8,1.322592e+10,73.6,132.2592
1658104932,API3USDT,Sell,100,1.797,ZeroMinusTick,0592ed12-fb41-552c-aa4f-9fc40b34c8a0,1.797e+10,100,179.7
1658104984,API3USDT,Sell,0.9,1.793,MinusTick,3404624f-f6ff-5ccb-83b5-a41814a22e4c,1.6137e+08,0.9,1.6137
1658105013,API3USDT,Sell,55.6,1.790,MinusTick,b8b237c7-c3a3-59b7-b525-62e6690b86d3,9.9524e+09,55.6,99.524
1658105013,API3USDT,Sell,25.2,1.790,ZeroMinusTick,2d087c33-9ae8-537d-af46-8737bdb30981,4.5108e+09,25.2,45.108
1658105014,API3USDT,Sell,375.8,1.790,ZeroMinusTick,68c4c234-5c10-5e88-aba2-ade3306808e9,6.72682e+10,375.8,672.682
1658105014,API3USDT,Sell,418.1,1.790,ZeroMinusTick,a5fe9cf3-41fb-5f4a-b105-0958971dcfeb,7.48399e+10,418.1,748.399
1658105014,API3USDT,Sell,100,1.790,ZeroMinusTick,f5dfa617-ece1-5d4f-92f8-7dd6d372cfd1,1.79e+10,100,179
1658105015,API3USDT,Sell,55.6,1.789,MinusTick,f648619c-f248-52cb-9352-b8180376f815,9.94684e+09,55.6,99.4684
1658105015,API3USDT,Buy,75,1.789,ZeroMinusTick,f11b2226-b1f0-533d-96e1-2231771430f1,1.3417499999999998e+10,75,134.17499999999998
1658105015,API3USDT,Buy,483.8,1.789,ZeroMinusTick,bfd9d02f-3236-5922-b33b-4f052fd421f5,8.655182e+10,483.8,865.5182
1658105031,API3USDT,Sell,100,1.788,MinusTick,60c44cb7-49cc-5e7f-8842-8d845b0e2ae0,1.788e+10,100,178.8
1658105037,API3USDT,Sell,419.7,1.787,MinusTick,846c84a8-d1ce-5a61-a027-385d137225b9,7.500039e+10,419.7,750.0038999999999
1658105037,API3USDT,Sell,75,1.787,ZeroMinusTick,7bc78c42-a558-5f49-8fae-c58068a7e61e,1.34025e+10,75,134.025
1658105037,API3USDT,Sell,100,1.787,ZeroMinusTick,c98d45a0-424a-55c4-a64c-390b44244c55,1.787e+10,100,178.7
1658105080,API3USDT,Buy,18.1,1.789,PlusTick,2cea06a4-dc56-5e5d-b411-a0fac3384d14,3.2380900000000005e+09,18.1,32.380900000000004
1658105080,API3USDT,Buy,242.7,1.789,ZeroMinusTick,8e46294f-c2ec-5b59-bc1e-92c839f14bf9,4.341903e+10,242.7,434.1903
1658105080,API3USDT,Buy,157,1.789,ZeroMinusTick,5f292ea8-dd9d-574e-8caf-de598e72b8dc,2.80873e+10,157,280.873
1658105080,API3USDT,Buy,425.6,1.790,PlusTick,d320399b-75c7-5f6c-9c2c-1eec8eab5031,7.61824e+10,425.6,761.8240000000001
1658105080,API3USDT,Buy,55.6,1.790,ZeroMinusTick,ace658fa-3615-542c-afc6-36c195f4f646,9.9524e+09,55.6,99.524
1658105080,API3USDT,Buy,100,1.790,ZeroMinusTick,c1343c59-0107-5ffc-89c1-0c43ed2049c9,1.79e+10,100,179
1658105080,API3USDT,Buy,55.6,1.791,PlusTick,9a030e37-baf9-5037-b9af-f3a0c84200d5,9.95796e+09,55.6,99.5796
1658105085,API3USDT,Sell,55.6,1.789,MinusTick,17b5abda-77de-5173-a3e6-2bd50a0c27f2,9.94684e+09,55.6,99.4684
1658105110,API3USDT,Sell,427.4,1.788,MinusTick,9213ec89-45f4-5384-ad4e-76b3488f0444,7.641912e+10,427.4,764.1912
1658105111,API3USDT,Sell,55.6,1.787,MinusTick,40028f4a-d6fa-5cd6-a444-1f494c83f515,9.93572e+09,55.6,99.35719999999999
1658105129,API3USDT,Buy,100,1.787,ZeroMinusTick,cd9c8ac5-05c8-55ae-b0f5-dcf175adba55,1.787e+10,100,178.7
1658105129,API3USDT,Buy,75,1.787,ZeroMinusTick,bf105a5d-9594-51fa-a7ec-2b4b391d6d62,1.34025e+10,75,134.025
1658105141,API3USDT,Buy,100,1.790,PlusTick,e70d1bf8-891c-5195-a839-7e4a709cc0ae,1.79e+10,100,179
1658105141,API3USDT,Buy,75,1.790,ZeroMinusTick,506a063e-72aa-59fb-b594-52a668921311,1.3425e+10,75,134.25
1658105155,API3USDT,Sell,27.9,1.790,ZeroMinusTick,cbc1ffd3-e4f0-5704-9683-6a142504d42f,4.9941e+09,27.9,49.940999999999995
1658105165,API3USDT,Buy,55.6,1.792,PlusTick,dfcc40d8-e2a8-5978-b80a-1a89397b97dc,9.96352e+09,55.6,99.6352
1658105165,API3USDT,Buy,393.4,1.792,ZeroMinusTick,5ca082db-9829-5845-86cc-8fca80f9134e,7.049728e+10,393.4,704.9728
1658105165,API3USDT,Buy,419.6,1.792,ZeroMinusTick,9e99167b-5e0c-5ae9-82c0-b1e2aa5fd7cc,7.519232e+10,419.6,751.9232000000001
1658105165,API3USDT,Buy,75,1.792,ZeroMinusTick,32f083af-8f58-582c-8ec1-ae72dc575bfe,1.344e+10,75,134.4
1658105165,API3USDT,Buy,21.8,1.792,ZeroMinusTick,d53d8c47-43b9-595d-bfaa-177be8e317ba,3.9065600000000005e+09,21.8,39.0656
1658105165,API3USDT,Buy,100,1.792,ZeroMinusTick,55c09807-a921-56dd-949e-7e8e49063d11,1.792e+10,100,179.20000000000002
1658105165,API3USDT,Buy,25.4,1.793,PlusTick,299fc210-3cb0-595a-bb64-fdeb435267b2,4.554219999999999e+09,25.4,45.542199999999994
1658105204,API3USDT,Buy,0.1,1.790,MinusTick,bb159875-37ec-5763-b6dc-8b1a26c8a71e,1.7900000000000004e+07,0.1,0.17900000000000002
1658105218,API3USDT,Buy,99.9,1.790,ZeroMinusTick,4911c1c9-84ef-5f2f-8513-794fd5f4c2c7,1.7882100000000004e+10,99.9,178.82100000000003
1658105242,API3USDT,Sell,260.8,1.787,MinusTick,a16c700e-8728-5be5-9832-e01c44e7ef5b,4.660496e+10,260.8,466.0496
1658105243,API3USDT,Sell,18.9,1.787,ZeroMinusTick,15ac6a21-5372-5866-ad7b-5bb5da68fc0a,3.3774299999999995e+09,18.9,33.7743
1658105339,API3USDT,Buy,100,1.788,PlusTick,cc892e4d-51d9-541c-8acd-d02709687cad,1.788e+10,100,178.8
1658105394,API3USDT,Sell,1,1.787,MinusTick,9483ed3f-b414-5f48-ae9c-73f025886b9e,1.787e+08,1,1.787
1658105453,API3USDT,Buy,100,1.788,PlusTick,0a8e3c1f-e209-5e2f-8262-c32d56b784f3,1.788e+10,100,178.8
1658105454,API3USDT,Sell,0.8,1.787,MinusTick,fc9e826e-04b1-551b-b98c-0c528edaf773,1.4296e+08,0.8,1.4296
1658105477,API3USDT,Buy,100,1.788,PlusTick,bd5c1991-edf3-5a6b-929f-abe7586ccb35,1.788e+10,100,178.8
1658105636,API3USDT,Sell,75,1.789,PlusTick,88f04598-5aed-54c7-ad11-e5ce49a83ac6,1.3417499999999998e+10,75,134.17499999999998
1658105638,API3USDT,Sell,75,1.789,ZeroMinusTick,ea59f078-44a5-5c77-b3c9-e50631a7ab78,1.3417499999999998e+10,75,134.17499999999998
1658105664,API3USDT,Sell,0.7,1.787,MinusTick,046f3a7f-bb59-5e76-9776-88484b883a69,1.2508999999999999e+08,0.7,1.2509
1658105680,API3USDT,Buy,100,1.789,PlusTick,2a96285d-8919-5413-8c0c-15d933dd967e,1.789e+10,100,178.9
1658105770,API3USDT,Sell,100,1.791,PlusTick,7e920ec9-f580-5db3-b54f-8d83921015df,1.791e+10,100,179.1
1658105794,API3USDT,Sell,1.2,1.789,MinusTick,30afd440-8c56-5820-a5dc-c3d854697c88,2.1467999999999997e+08,1.2,2.1468
1658105838,API3USDT,Buy,55.6,1.793,PlusTick,90b9f9a0-3dd5-505b-9bc4-1feb05a998f2,9.96908e+09,55.6,99.6908
1658105839,API3USDT,Buy,55.6,1.794,PlusTick,138b7a36-9961-5270-aef4-84734ebb10ed,9.97464e+09,55.6,99.74640000000001
1658105884,API3USDT,Buy,1.2,1.795,PlusTick,3dfbd1ce-c713-538f-90a1-260b1cb4e40e,2.154e+08,1.2,2.154
1658105949,API3USDT,Sell,75,1.794,MinusTick,e0d8cdb1-b1c0-59f3-907e-0e1b27a15d64,1.3455000000000002e+10,75,134.55
1658105953,API3USDT,Sell,55.6,1.792,MinusTick,8402b9cf-945a-5b1c-944f-0b95df613817,9.96352e+09,55.6,99.6352
1658105994,API3USDT,Sell,75,1.793,PlusTick,ffdbc7cf-3980-5014-bbe4-c647b090f2d4,1.34475e+10,75,134.475
1658105994,API3USDT,Sell,1,1.793,ZeroMinusTick,0cba7f52-71ed-5b70-b0bf-5e4d4fd0d9bd,1.793e+08,1,1.793
1658106014,API3USDT,Buy,39.9,1.794,PlusTick,17c78997-ab31-562f-b1d0-35fb7b5ff221,7.15806e+09,39.9,71.5806
1658106014,API3USDT,Buy,278.7,1.794,ZeroMinusTick,76f78ad2-df21-5865-bced-09889a530532,4.999878e+10,278.7,499.9878
1658106014,API3USDT,Buy,100,1.794,ZeroMinusTick,91ba37b0-8033-5023-b0f8-10380d840b00,1.794e+10,100,179.4
1658106014,API3USDT,Buy,56,1.794,ZeroMinusTick,ca174c24-9ff5-5031-8312-086d5ee76929,1.00464e+10,56,100.464
1658106024,API3USDT,Buy,0.8,1.795,PlusTick,335b900a-4959-5825-a9c4-c2ddea13b035,1.436e+08,0.8,1.436
1658106038,API3USDT,Sell,1,1.793,MinusTick,8101c0f2-ed1d-5206-aab0-a7daff30c2ea,1.793e+08,1,1.793
1658106079,API3USDT,Buy,54.8,1.795,PlusTick,af32f442-1d3f-5228-8ac9-0c7a274f661b,9.836599999999998e+09,54.8,98.36599999999999
1658106079,API3USDT,Buy,100,1.795,ZeroMinusTick,11aa3de4-0ca4-5fe7-a738-d4aa5b5635d5,1.795e+10,100,179.5
1658106079,API3USDT,Buy,75,1.795,ZeroMinusTick,c0c8a0d4-392e-5203-b37e-d484555cf781,1.34625e+10,75,134.625
1658106082,API3USDT,Buy,55.6,1.796,PlusTick,0bb71f84-ed02-5256-b61f-cc64b957a681,9.98576e+09,55.6,99.8576
1658106082,API3USDT,Buy,100,1.796,ZeroMinusTick,38c43716-2668-5c2b-858b-c79d07723b3d,1.796e+10,100,179.6
1658106084,API3USDT,Buy,1,1.797,PlusTick,bfbeb192-ae65-54e9-9fe9-cadb3c40016a,1.797e+08,1,1.797
1658106084,API3USDT,Buy,1,1.797,ZeroMinusTick,ff8542ed-78ee-5e02-855b-670c8a0e9cba,1.797e+08,1,1.797
1658106085,API3USDT,Buy,1,1.797,ZeroMinusTick,621ddbbd-cd14-52ad-b857-3b74b0a09f96,1.797e+08,1,1.797
1658106085,API3USDT,Buy,1,1.797,ZeroMinusTick,dda93e00-51ce-5d98-a30e-bd9e57065e20,1.797e+08,1,1.797
1658106086,API3USDT,Buy,1,1.797,ZeroMinusTick,9f21ce80-2bf3-52c7-b86a-c5faea916db3,1.797e+08,1,1.797
1658106090,API3USDT,Sell,88.8,1.796,MinusTick,13b54a22-3eaf-512d-9949-8186342d739a,1.594848e+10,88.8,159.4848
1658106095,API3USDT,Buy,100,1.796,ZeroMinusTick,49399fa9-f887-5f88-b088-dc946bc26723,1.796e+10,100,179.6
1658106095,API3USDT,Buy,75,1.796,ZeroMinusTick,a4c14477-ab18-5478-a63a-1256e4dc862e,1.3470000000000002e+10,75,134.70000000000002
1658106097,API3USDT,Buy,1,1.797,PlusTick,09c571bc-606f-5ad5-96d3-e1100267ee33,1.797e+08,1,1.797
1658106098,API3USDT,Buy,1,1.797,ZeroMinusTick,951bd6ae-8283-5f28-b0ce-abdf009b0161,1.797e+08,1,1.797
1658106108,API3USDT,Sell,53.4,1.796,MinusTick,b5a4c828-cd1d-51fe-8ffa-b7f61720baf6,9.59064e+09,53.4,95.9064
1658106113,API3USDT,Buy,55.6,1.798,PlusTick,97a588ca-a725-5cb8-bb59-1bfee648f088,9.99688e+09,55.6,99.9688
1658106113,API3USDT,Buy,100,1.798,ZeroMinusTick,90858dfd-18cc-5aae-a77a-330f494713f9,1.798e+10,100,179.8
1658106174,API3USDT,Buy,1.2,1.799,PlusTick,1335c4be-ceab-5050-9b2e-0d0d358b639e,2.1587999999999997e+08,1.2,2.1588
1658106181,API3USDT,Sell,75,1.798,MinusTick,8c2f7a5b-8e7c-5447-9445-81a8e377a0e0,1.3485e+10,75,134.85
1658106181,API3USDT,Sell,1,1.798,ZeroMinusTick,26ce2198-ec43-58ff-9a51-fcb22e1c935f,1.798e+08,1,1.798
1658106192,API3USDT,Sell,1,1.797,MinusTick,c4b1eb24-2acf-523b-88bc-7340e73f3dda,1.797e+08,1,1.797
1658106192,API3USDT,Sell,1,1.796,MinusTick,dce71357-1433-59aa-bac9-c43fe0eebd31,1.796e+08,1,1.796
1658106192,API3USDT,Sell,1,1.796,ZeroMinusTick,6b40e3a8-776a-554b-b66a-67722a2d81dc,1.796e+08,1,1.796
1658106192,API3USDT,Sell,1,1.795,MinusTick,7e6cd6dc-c5c8-5334-a11e-8c0874eddd0e,1.795e+08,1,1.795
1658106192,API3USDT,Sell,1,1.795,ZeroMinusTick,081c63c0-245d-526b-aff0-f5304644acae,1.795e+08,1,1.795
1658106192,API3USDT,Sell,1,1.795,ZeroMinusTick,42fddde6-3c3c-5702-88b9-cf718bfe3d18,1.795e+08,1,1.795
1658106192,API3USDT,Sell,1,1.795,ZeroMinusTick,4842b706-13fc-5241-a4bd-17730aacaff9,1.795e+08,1,1.795
1658106192,API3USDT,Sell,1,1.795,ZeroMinusTick,73dd2d3f-ac1a-5be6-9265-552328f91bd8,1.795e+08,1,1.795
1658106192,API3USDT,Sell,1,1.795,ZeroMinusTick,9fb7fac8-f29d-5cde-b05f-f136cec56f12,1.795e+08,1,1.795
1658106192,API3USDT,Sell,1,1.795,ZeroMinusTick,0e6dc442-93c1-5ade-83df-db5171bbdd3e,1.795e+08,1,1.795
1658106192,API3USDT,Sell,1,1.795,ZeroMinusTick,affaa727-e9b0-5ee9-b42e-22bf2ce5e699,1.795e+08,1,1.795
1658106192,API3USDT,Sell,55.6,1.795,ZeroMinusTick,e2e0de75-733a-5ab8-8d70-d67ee42ab901,9.9802e+09,55.6,99.80199999999999
1658106244,API3USDT,Buy,100,1.795,ZeroMinusTick,ade309e0-e06e-5ea2-8a91-df32745c1057,1.795e+10,100,179.5
1658106294,API3USDT,Buy,0.5,1.799,PlusTick,6da55f2b-dee0-5d7d-b39b-75c24c3dc9c1,8.995e+07,0.5,0.8995
1658106324,API3USDT,Sell,1,1.796,MinusTick,39697bb9-7a8b-5bd4-86c5-1ed690ab7cc1,1.796e+08,1,1.796
1658106384,API3USDT,Buy,0.4,1.799,PlusTick,6d24b7eb-7994-5f73-9cee-680bbe4a4e6d,7.196e+07,0.4,0.7196
1658106398,API3USDT,Sell,1,1.797,MinusTick,4a9a51cf-24fe-541c-a0d8-ba0833487faa,1.797e+08,1,1.797
1658106445,API3USDT,Buy,295.2,1.798,PlusTick,d8c38d35-a44a-5376-be0f-b78d79e85f91,5.307696e+10,295.2,530.7696
1658106445,API3USDT,Buy,132.6,1.798,ZeroMinusTick,ef3e7155-09dd-56ce-84e5-9d95ec8abb82,2.384148e+10,132.6,238.41479999999999
1658106445,API3USDT,Buy,433.8,1.798,ZeroMinusTick,c23ca8bd-d9c1-57b6-af26-13421395aa30,7.799724e+10,433.8,779.9724
1658106445,API3USDT,Buy,55.6,1.798,ZeroMinusTick,c0d3bb8c-6f20-545b-8e6c-d3ac184dba9c,9.99688e+09,55.6,99.9688
1658106445,API3USDT,Buy,100,1.798,ZeroMinusTick,1a67752b-dc86-5098-86cd-6fb974b81ad9,1.798e+10,100,179.8
1658106455,API3USDT,Buy,55.6,1.800,PlusTick,583e33f8-d8d2-5519-8f7d-daec342dae48,1.0008e+10,55.6,100.08
1658106455,API3USDT,Buy,615.1,1.800,ZeroMinusTick,a3f2921f-eb0b-516c-acb3-8d3825b1334d,1.10718e+11,615.1,1107.18
1658106455,API3USDT,Buy,361,1.800,ZeroMinusTick,5060cedf-ff73-55ba-88cb-526eab56f2e7,6.498000000000001e+10,361,649.8000000000001
1658106472,API3USDT,Buy,55.6,1.801,PlusTick,037d9c40-5805-55f2-af78-9b2606e58e2b,1.001356e+10,55.6,100.1356
1658106484,API3USDT,Sell,10,1.799,MinusTick,a55dba3f-92ea-5661-8f61-eb2d28f579b5,1.7989999999999998e+09,10,17.99
1658106552,API3USDT,Buy,1,1.800,PlusTick,2cfed4d7-4359-5d5e-90cf-db0ab94fed07,1.8e+08,1,1.8
1658106553,API3USDT,Buy,1,1.800,ZeroMinusTick,be67a21a-e9eb-516e-9690-23e7de9cbd98,1.8e+08,1,1.8
1658106553,API3USDT,Buy,1,1.800,ZeroMinusTick,d9e104c2-d876-5328-8acd-1dfc70e81851,1.8e+08,1,1.8
1658106554,API3USDT,Buy,1,1.800,ZeroMinusTick,e3a4be97-7cc9-5cbb-a76d-4dc110712d1c,1.8e+08,1,1.8
1658106555,API3USDT,Buy,1,1.800,ZeroMinusTick,94c5f355-0ff9-5f32-a13f-6f3f9ed5b806,1.8e+08,1,1.8
1658106556,API3USDT,Buy,1,1.800,ZeroMinusTick,6f42ab4d-97ac-531f-b27a-c0c735fe1760,1.8e+08,1,1.8
1658106557,API3USDT,Buy,1,1.800,ZeroMinusTick,6a20237f-94ea-5dc6-b458-3ea91d55d225,1.8e+08,1,1.8
1658106557,API3USDT,Buy,1,1.800,ZeroMinusTick,b7b4df08-ce85-5cfa-ac56-afa232297539,1.8e+08,1,1.8
1658106558,API3USDT,Buy,1,1.800,ZeroMinusTick,08573835-a773-5ba5-af85-7e724f825b6d,1.8e+08,1,1.8
1658106559,API3USDT,Buy,1,1.800,ZeroMinusTick,9514b0de-32c0-5e7f-9678-7ecaeed36dde,1.8e+08,1,1.8
1658106560,API3USDT,Buy,1,1.800,ZeroMinusTick,680853c4-64b6-50da-9cdd-817cf5f22a0c,1.8e+08,1,1.8
1658106560,API3USDT,Buy,1,1.800,ZeroMinusTick,df68e7ea-4d7f-5a1d-b9c9-c19f36262247,1.8e+08,1,1.8
1658106561,API3USDT,Buy,1,1.800,ZeroMinusTick,ec5d79f0-f7ae-595a-a720-e57b75c63977,1.8e+08,1,1.8
1658106562,API3USDT,Buy,1,1.800,ZeroMinusTick,df662c26-924d-5cf6-9ab2-56893f712b13,1.8e+08,1,1.8
1658106563,API3USDT,Buy,51.6,1.800,ZeroMinusTick,820b6cdc-9c29-5402-bbcb-b3cc2e87e560,9.288000000000002e+09,51.6,92.88000000000001
1658106563,API3USDT,Buy,55.6,1.801,PlusTick,c04bf004-bf5b-5f75-8bcc-546e53534eca,1.001356e+10,55.6,100.1356
1658106576,API3USDT,Buy,1,1.803,PlusTick,5ba8ec9b-dc15-5f3a-a3fb-70ba15fcafc6,1.803e+08,1,1.803
1658106576,API3USDT,Buy,1,1.803,ZeroMinusTick,18944dc5-6d64-576d-a110-9cd6eb0fba25,1.803e+08,1,1.803
1658106577,API3USDT,Buy,1,1.803,ZeroMinusTick,5ee963cf-fb5e-53e1-94fd-b29e04724c83,1.803e+08,1,1.803
1658106578,API3USDT,Buy,1,1.803,ZeroMinusTick,73ec2418-e50c-548d-a223-07c480452e1b,1.803e+08,1,1.803
1658106579,API3USDT,Buy,1,1.803,ZeroMinusTick,e8909d09-082b-5167-bd29-4afff5797fa7,1.803e+08,1,1.803
1658106580,API3USDT,Buy,1,1.803,ZeroMinusTick,6f0f2f4b-4adc-5308-a8fe-1907d4d41cf5,1.803e+08,1,1.803
1658106581,API3USDT,Buy,1,1.803,ZeroMinusTick,ad9635e5-7664-51e0-9631-d7ae5cf50ccc,1.803e+08,1,1.803
1658106582,API3USDT,Buy,1,1.803,ZeroMinusTick,d5703e36-9ba1-569d-b349-ea29c729e0f1,1.803e+08,1,1.803
1658106582,API3USDT,Buy,1,1.803,ZeroMinusTick,0463c857-7c03-50c8-a172-f6a5963c279f,1.803e+08,1,1.803
1658106583,API3USDT,Buy,1,1.803,ZeroMinusTick,7e61e063-fa60-5d1e-bbea-09a04b80e2da,1.803e+08,1,1.803
1658106588,API3USDT,Sell,1,1.802,MinusTick,f50139a5-ef5c-5b22-a736-d0005cc5715e,1.802e+08,1,1.802
1658106588,API3USDT,Sell,1,1.802,ZeroMinusTick,536a88a5-f8a1-5e08-8d4d-3f9f4624c3d4,1.802e+08,1,1.802
1658106588,API3USDT,Sell,1,1.802,ZeroMinusTick,9421924f-bf2b-5d7e-ac91-4b19632aae5b,1.802e+08,1,1.802
1658106588,API3USDT,Sell,1,1.802,ZeroMinusTick,f423d176-84b3-5ef5-83c8-704b193ae62e,1.802e+08,1,1.802
1658106588,API3USDT,Sell,1,1.802,ZeroMinusTick,d90607ba-eabb-5c09-b99a-712399ae3953,1.802e+08,1,1.802
1658106588,API3USDT,Sell,1,1.801,MinusTick,0db7ffcd-5ecd-558c-b30e-c27f32e3c3f5,1.801e+08,1,1.801
1658106589,API3USDT,Buy,1,1.801,ZeroMinusTick,d484053c-94a9-5c23-b4fb-cc3083fbb7bb,1.801e+08,1,1.801
1658106590,API3USDT,Buy,1,1.801,ZeroMinusTick,478eab52-e4ba-58ca-a63f-fcff7d1bf5ff,1.801e+08,1,1.801
1658106609,API3USDT,Sell,75,1.802,PlusTick,01c11c36-ca59-5d6a-b777-e6f66bb20d1f,1.3515e+10,75,135.15
1658106609,API3USDT,Sell,395.3,1.802,ZeroMinusTick,e93441f1-9b8b-527a-914c-4edb88d26997,7.123306e+10,395.3,712.3306
1658106609,API3USDT,Sell,392.5,1.802,ZeroMinusTick,c68ef58c-53f7-5d6e-a4a0-51a2f1aec395,7.07285e+10,392.5,707.285
1658106634,API3USDT,Sell,1.4,1.801,MinusTick,63148bf5-a788-57c0-8556-d469fbdc866a,2.5214e+08,1.4,2.5214
1658106657,API3USDT,Buy,55.6,1.803,PlusTick,f4d5dd0a-f113-5e6a-9e61-8e25a6ad604f,1.002468e+10,55.6,100.2468
1658106657,API3USDT,Buy,100,1.803,ZeroMinusTick,22a92756-e6c9-53de-b896-46c29a0c1b92,1.803e+10,100,180.29999999999998
1658106662,API3USDT,Buy,55.6,1.804,PlusTick,aca1098b-0c1b-5a41-a298-bc11e699fe05,1.003024e+10,55.6,100.3024
1658106662,API3USDT,Buy,100,1.804,ZeroMinusTick,d0e37e92-ea04-591f-8013-4a5589d50011,1.804e+10,100,180.4
1658106671,API3USDT,Buy,55.6,1.805,PlusTick,e2b5da7f-98e7-512d-848b-9ac93ba66c64,1.00358e+10,55.6,100.358
1658106671,API3USDT,Buy,976.1,1.805,ZeroMinusTick,ebb28a08-954d-5662-ab60-3125932b7b0a,1.7618605e+11,976.1,1761.8605
1658106671,API3USDT,Buy,498.4,1.805,ZeroMinusTick,be8baf6a-5741-5d80-a0fb-0836a062515f,8.99612e+10,498.4,899.612
1658106673,API3USDT,Buy,55.6,1.806,PlusTick,96333ce7-e5a3-5dd0-a427-c199326329e7,1.004136e+10,55.6,100.4136
1658106682,API3USDT,Buy,138.4,1.808,PlusTick,4b480403-5606-5b91-9258-50f98027cb0b,2.502272e+10,138.4,250.2272
1658106683,API3USDT,Buy,426.7,1.809,PlusTick,8bbe440c-c767-5465-866f-09f40f65965c,7.719002999999998e+10,426.7,771.9002999999999
1658106683,API3USDT,Buy,413.3,1.809,ZeroMinusTick,0ea5d319-cf56-593c-81d0-28263b7e35ff,7.476597e+10,413.3,747.6597
1658106683,API3USDT,Buy,165.2,1.809,ZeroMinusTick,0e7664b5-625c-5613-96b9-eff7a479e665,2.9884679999999996e+10,165.2,298.8468
1658106683,API3USDT,Buy,55.6,1.809,ZeroMinusTick,3f11cca0-d7b0-5deb-acfe-9ea17a32c04b,1.005804e+10,55.6,100.5804
1658106683,API3USDT,Buy,100,1.809,ZeroMinusTick,4c4f5952-b7db-54a0-a63e-3fd76ecd4918,1.809e+10,100,180.9
1658106683,API3USDT,Buy,138.3,1.809,ZeroMinusTick,559b8d3c-35d7-5408-820f-92cfda679db5,2.5018470000000004e+10,138.3,250.18470000000002
1658106683,API3USDT,Buy,75,1.810,PlusTick,a8c3be36-e025-5726-8f86-af1a3e64abf9,1.3575e+10,75,135.75
1658106684,API3USDT,Buy,100,1.810,ZeroMinusTick,6459f2d1-339e-5bdb-b150-e347cf8c20a8,1.81e+10,100,181
1658106684,API3USDT,Buy,100,1.811,PlusTick,77091dff-234a-5f5c-9159-d33291e44b99,1.811e+10,100,181.1
1658106688,API3USDT,Buy,55.6,1.812,PlusTick,e9e3fdc4-5a0f-5ed1-9c2a-ea3506dfde0f,1.007472e+10,55.6,100.7472
1658106688,API3USDT,Buy,100,1.812,ZeroMinusTick,6a524a89-41bb-5925-8484-bb2e48a8ca47,1.812e+10,100,181.20000000000002
1658106688,API3USDT,Buy,75,1.812,ZeroMinusTick,db2a0b18-4cc6-5b11-9cfb-405390fa2e00,1.359e+10,75,135.9
1658106688,API3USDT,Buy,53.4,1.812,ZeroMinusTick,19a5c84c-ad4d-5aba-8d8f-25c303fb801d,9.67608e+09,53.4,96.7608
1658106688,API3USDT,Buy,75,1.812,ZeroMinusTick,8fee0dc6-a944-513e-ba8b-2a05d8ffdcea,1.359e+10,75,135.9
1658106688,API3USDT,Buy,75,1.812,ZeroMinusTick,f6660a86-79ef-5737-9ff5-48d612a31f2c,1.359e+10,75,135.9
1658106688,API3USDT,Buy,75,1.812,ZeroMinusTick,b1ea8392-a710-5061-af3e-2c2276f32418,1.359e+10,75,135.9
1658106688,API3USDT,Buy,75,1.812,ZeroMinusTick,3b6e93a9-f07d-5f87-becd-8ff5c4c7c2f0,1.359e+10,75,135.9
1658106689,API3USDT,Buy,138.1,1.813,PlusTick,320e0883-bb24-5950-8863-14ef4956818b,2.503753e+10,138.1,250.37529999999998
1658106689,API3USDT,Buy,55.6,1.813,ZeroMinusTick,a68f89be-d180-568d-9a19-11bc6d2d655b,1.008028e+10,55.6,100.8028
1658106689,API3USDT,Buy,100,1.813,ZeroMinusTick,51d5c147-2a65-5f4c-ae1d-e304f73c5245,1.813e+10,100,181.29999999999998
1658106689,API3USDT,Buy,275.6,1.814,PlusTick,a71a5a93-83a5-5f3b-abd6-0bdc741eb6c2,4.999384000000001e+10,275.6,499.93840000000006
1658106689,API3USDT,Buy,55.6,1.814,ZeroMinusTick,c348f938-89be-522f-ab73-777cc7135d44,1.008584e+10,55.6,100.8584
1658106689,API3USDT,Buy,138,1.814,ZeroMinusTick,c0095e47-2696-5a56-ac9c-512a2f5f6a47,2.50332e+10,138,250.332
1658106689,API3USDT,Buy,100,1.814,ZeroMinusTick,ad135db3-b3b7-5d67-aa19-7c3c3ef92056,1.814e+10,100,181.4
1658106689,API3USDT,Sell,231.7,1.814,ZeroMinusTick,05bbda53-a0a8-591c-81ba-0e33d27516bd,4.203038e+10,231.7,420.30379999999997
1658106689,API3USDT,Sell,75,1.814,ZeroMinusTick,3ee75f19-e722-55d4-aa0c-d0187de2044b,1.3605000000000002e+10,75,136.05
1658106690,API3USDT,Buy,100,1.814,ZeroMinusTick,f75792b4-b62c-5f0c-bfda-d7cfafc2f165,1.814e+10,100,181.4
1658106690,API3USDT,Buy,75,1.815,PlusTick,12fa87cf-9527-5c31-82aa-3ab31139b418,1.36125e+10,75,136.125
1658106690,API3USDT,Buy,75,1.815,ZeroMinusTick,ec7ec077-529d-5494-ae55-3132cce18a20,1.36125e+10,75,136.125
1658106690,API3USDT,Buy,25,1.815,ZeroMinusTick,2673f35e-7540-5877-9f13-7831bf66d8b9,4.5375e+09,25,45.375
1658106690,API3USDT,Buy,100,1.815,ZeroMinusTick,a73bc0a7-c2c1-5020-a8a0-2810e4449037,1.815e+10,100,181.5
1658106690,API3USDT,Buy,100,1.815,ZeroMinusTick,fac073fd-ab53-58d5-b53e-a310f5d4a0d8,1.815e+10,100,181.5
1658106691,API3USDT,Buy,137.8,1.816,PlusTick,a12c8a8b-35b8-5c23-8571-9f46942a639f,2.5024480000000004e+10,137.8,250.24480000000003
1658106691,API3USDT,Buy,100,1.816,ZeroMinusTick,3c8875a6-0055-51cc-9e38-5bee3f71b28e,1.816e+10,100,181.6
1658106691,API3USDT,Sell,100,1.816,ZeroMinusTick,5d5f3956-601a-5045-a6ca-42a5d9efed81,1.816e+10,100,181.6
1658106691,API3USDT,Sell,100,1.815,MinusTick,d16cc58a-23ee-504b-8de6-8ab2e6d11414,1.815e+10,100,181.5
1658106693,API3USDT,Sell,100,1.814,MinusTick,6623a703-e9c1-56e8-9ecd-26d79dea9401,1.814e+10,100,181.4
1658106695,API3USDT,Buy,100,1.814,ZeroMinusTick,df64a0fb-2945-5b52-bd6c-8e4d3be1e238,1.814e+10,100,181.4
1658106695,API3USDT,Buy,55,1.814,ZeroMinusTick,aef298d8-3e3e-5d0f-8ed9-9bffd4511201,9.977000000000002e+09,55,99.77000000000001
1658106695,API3USDT,Buy,55.6,1.815,PlusTick,b2f7080f-be97-52fc-844f-728fc1f04c0e,1.00914e+10,55.6,100.914
1658106696,API3USDT,Buy,137.9,1.815,ZeroMinusTick,6760c0a5-fce9-53dc-9ed8-0a9ad286b961,2.502885e+10,137.9,250.2885
1658106696,API3USDT,Buy,55.6,1.815,ZeroMinusTick,62819cd3-6786-527c-9c95-05faf97d415a,1.00914e+10,55.6,100.914
1658106696,API3USDT,Buy,100,1.815,ZeroMinusTick,99604193-257d-5923-9fb0-4fd11b0c3194,1.815e+10,100,181.5
1658106702,API3USDT,Buy,100,1.813,MinusTick,83340730-0f1a-5fc8-b4c0-a63d011cf61d,1.813e+10,100,181.29999999999998
1658106705,API3USDT,Buy,55,1.814,PlusTick,be96892d-fc8b-55ea-a2ed-7b32eae14fb7,9.977000000000002e+09,55,99.77000000000001
1658106712,API3USDT,Buy,100,1.814,ZeroMinusTick,6e95e54b-dc72-530f-b52e-806855dc008c,1.814e+10,100,181.4
1658106712,API3USDT,Buy,55.6,1.815,PlusTick,841fc4d1-6f4e-55fb-bf79-68e628e943c9,1.00914e+10,55.6,100.914
1658106712,API3USDT,Buy,100,1.815,ZeroMinusTick,2bf63961-8c4f-5aa3-a67c-c86aba4b544b,1.815e+10,100,181.5
1658106720,API3USDT,Buy,55.6,1.816,PlusTick,f27c098c-e407-5eb6-b06f-48ba0162d16f,1.009696e+10,55.6,100.9696
1658106720,API3USDT,Buy,100,1.816,ZeroMinusTick,7e593d6d-2b0a-55ab-9ad2-902c1fac21c3,1.816e+10,100,181.6
1658106732,API3USDT,Buy,100,1.816,ZeroMinusTick,1d283f1e-08a1-51b3-bb22-4f55ffeb843f,1.816e+10,100,181.6
1658106755,API3USDT,Sell,165.2,1.812,MinusTick,f1021a61-318b-528b-9017-c39e71e5be34,2.993424e+10,165.2,299.3424
1658106757,API3USDT,Sell,75,1.811,MinusTick,e3579d3f-1637-5749-9019-06e8b7931435,1.3582499999999998e+10,75,135.825
1658106758,API3USDT,Sell,55.6,1.810,MinusTick,ad89e9a4-f4ef-526e-a85f-f4a91e43d541,1.0063600000000002e+10,55.6,100.63600000000001
1658106758,API3USDT,Sell,75,1.810,ZeroMinusTick,58ed472b-d8ab-5b0f-9a36-7caf7f21d065,1.3575e+10,75,135.75
1658106759,API3USDT,Buy,100,1.811,PlusTick,b22edc52-69be-50a0-977e-da6ffa1f074e,1.811e+10,100,181.1
1658106787,API3USDT,Buy,55.6,1.813,PlusTick,37c609a5-f8a1-5614-b376-fdcd4b5bc517,1.008028e+10,55.6,100.8028
1658106788,API3USDT,Buy,275.6,1.814,PlusTick,183dc3c4-3331-58be-be73-6daee52e3479,4.999384000000001e+10,275.6,499.93840000000006
1658106788,API3USDT,Buy,137.9,1.814,ZeroMinusTick,6d5526c8-2d22-5588-872c-253593b411ef,2.5015060000000004e+10,137.9,250.15060000000003
1658106788,API3USDT,Buy,55.6,1.814,ZeroMinusTick,b3c3be84-ff70-5498-ae3a-f568c26b6836,1.008584e+10,55.6,100.8584
1658106794,API3USDT,Sell,1.6,1.812,MinusTick,b5d22944-460a-53a7-8d1b-78359583bb5f,2.8992000000000006e+08,1.6,2.8992000000000004
1658106814,API3USDT,Sell,414.9,1.812,ZeroMinusTick,62fc30e8-807f-594d-bb78-80c016141eef,7.517988e+10,414.9,751.7988
1658106840,API3USDT,Buy,55.6,1.811,MinusTick,979ae4d4-1127-558c-b3bd-285c71e5f73b,1.006916e+10,55.6,100.6916
1658106853,API3USDT,Buy,138.1,1.812,PlusTick,43ab771c-9bb9-53b8-8a1f-85a810fc86b3,2.502372e+10,138.1,250.2372
1658106853,API3USDT,Buy,100,1.812,ZeroMinusTick,3e275110-3ef8-51b3-90ea-bc3f1e0d1684,1.812e+10,100,181.20000000000002
1658106853,API3USDT,Buy,55.6,1.813,PlusTick,0a5b9d80-5f22-5992-85bf-56dde7b07959,1.008028e+10,55.6,100.8028
1658106853,API3USDT,Buy,55.6,1.814,PlusTick,0762d35f-c076-5783-a294-c8f2b02198b3,1.008584e+10,55.6,100.8584
1658106853,API3USDT,Buy,55,1.814,ZeroMinusTick,3f63aed6-7083-5ea1-8c3b-9b9d1e2685ab,9.977000000000002e+09,55,99.77000000000001
1658106853,API3USDT,Buy,55.6,1.815,PlusTick,4bd75c3d-100e-5cb6-a86c-5fb506c66a14,1.00914e+10,55.6,100.914
1658106853,API3USDT,Buy,276.2,1.815,ZeroMinusTick,b664b17b-78ef-528d-8c8b-d7f8822edc23,5.013029999999999e+10,276.2,501.30299999999994
1658106853,API3USDT,Buy,1154.4,1.815,ZeroMinusTick,751ea62e-e0d9-5a2f-8e13-933333e949f9,2.095236e+11,1154.4,2095.236
1658106853,API3USDT,Buy,708.6,1.817,PlusTick,c3f415cf-7177-5f76-a35f-071789bf756a,1.2875262e+11,708.6,1287.5262
1658106853,API3USDT,Buy,1300,1.818,PlusTick,f7302b90-daa9-57f8-9621-4717050caae5,2.3634e+11,1300,2363.4
1658106853,API3USDT,Buy,100,1.818,ZeroMinusTick,33b73c2c-9666-5e73-bcd2-473cc67b8866,1.818e+10,100,181.8
1658106857,API3USDT,Buy,100,1.817,MinusTick,8dbec155-c288-5275-baef-bd615f53ddda,1.817e+10,100,181.7
1658106864,API3USDT,Buy,1,1.820,PlusTick,4a945316-5a31-503f-9776-d72e5a80deca,1.82e+08,1,1.82
1658106870,API3USDT,Sell,412.6,1.818,MinusTick,f61ee057-e4de-5a60-9ea9-b92e9c71b15e,7.501068e+10,412.6,750.1068
1658106877,API3USDT,Sell,412.8,1.816,MinusTick,2b0ebd95-cecb-55c0-838e-7413c7803d2a,7.496448e+10,412.8,749.6448
1658106877,API3USDT,Sell,275.3,1.816,ZeroMinusTick,d78fa3a7-ab6b-5d17-bd07-92e079aab9fe,4.999448000000001e+10,275.3,499.94480000000004
1658106879,API3USDT,Sell,55.6,1.815,MinusTick,1d200438-b9a9-53a7-81ae-be7f44eeffa8,1.00914e+10,55.6,100.914
1658106904,API3USDT,Sell,75,1.819,PlusTick,76325e56-dbab-5f96-ae38-2cba80c644e8,1.3642499999999998e+10,75,136.42499999999998
1658106914,API3USDT,Sell,55.6,1.816,MinusTick,ceb56481-b2a6-5af8-8f21-20f026c49e40,1.009696e+10,55.6,100.9696
1658106930,API3USDT,Sell,393.8,1.814,MinusTick,5e3aaac7-81e2-578b-a2b6-ef8815ba0fed,7.143532e+10,393.8,714.3532
1658106981,API3USDT,Buy,137.8,1.815,PlusTick,3d601541-bc60-5fd8-8f10-734e700a0e00,2.50107e+10,137.8,250.107
1658106984,API3USDT,Buy,1.5,1.817,PlusTick,ff15668c-cd6c-52d7-a5f9-4e45ffeef938,2.7255e+08,1.5,2.7255
1658106987,API3USDT,Buy,100,1.816,MinusTick,3b8fb0c4-2851-5203-aa9c-8137c4d367c6,1.816e+10,100,181.6
1658107009,API3USDT,Buy,75,1.817,PlusTick,c9c872c3-75ba-585b-8ea2-371f75aba3d0,1.36275e+10,75,136.275
1658107009,API3USDT,Buy,100,1.817,ZeroMinusTick,79cc48a1-ac9c-54b2-b58b-b17c954ebc5a,1.817e+10,100,181.7
1658107009,API3USDT,Buy,100,1.817,ZeroMinusTick,e28142de-3922-573e-ad51-f1145d7c7294,1.817e+10,100,181.7
1658107017,API3USDT,Buy,46.2,1.816,MinusTick,b1c28d42-3534-5760-a11c-9b9cb92ab3e3,8.389920000000001e+09,46.2,83.89920000000001
1658107017,API3USDT,Buy,46.2,1.816,ZeroMinusTick,b77bb9d8-ad10-58c6-9b09-d0fa7488806a,8.389920000000001e+09,46.2,83.89920000000001
1658107030,API3USDT,Sell,430.1,1.814,MinusTick,316b478c-b2bb-5268-9c37-504eb5999401,7.802014e+10,430.1,780.2014
1658107036,API3USDT,Buy,405.9,1.816,PlusTick,99aeb891-65c1-504d-a83a-a61b045a83b3,7.371144e+10,405.9,737.1143999999999
1658107036,API3USDT,Buy,100,1.816,ZeroMinusTick,1468751a-7cdb-5aec-b38a-d0df718e213c,1.816e+10,100,181.6
1658107043,API3USDT,Buy,100,1.817,PlusTick,d5a6f739-8d65-579a-af35-8ee758d8b445,1.817e+10,100,181.7
1658107044,API3USDT,Buy,55.6,1.818,PlusTick,cad64712-d53d-5d2a-a365-d93da6129411,1.0108080000000002e+10,55.6,101.08080000000001
1658107044,API3USDT,Buy,100,1.818,ZeroMinusTick,72bb4e70-dfb7-5ab4-b2a8-e188c647c3de,1.818e+10,100,181.8
1658107044,API3USDT,Sell,444.4,1.818,ZeroMinusTick,c6aa1b9e-c533-5452-9ab6-04bff92ce3b1,8.079192e+10,444.4,807.9191999999999
1658107044,API3USDT,Buy,55.6,1.819,PlusTick,71e77317-8dd7-5a08-a9af-8ec37f71fb23,1.011364e+10,55.6,101.1364
1658107044,API3USDT,Buy,397.7,1.819,ZeroMinusTick,5e4d34c8-1e6c-5300-8b51-92a74038c5c5,7.234163e+10,397.7,723.4163
1658107044,API3USDT,Buy,498.4,1.819,ZeroMinusTick,35c27db6-78b2-526d-9fc0-5753141d173c,9.065895999999998e+10,498.4,906.5895999999999
1658107044,API3USDT,Buy,416,1.819,ZeroMinusTick,0dd73d68-de31-5102-87fb-c876cc619bab,7.56704e+10,416,756.704
1658107044,API3USDT,Buy,137.6,1.819,ZeroMinusTick,52cd5fbf-b458-5f30-94a2-dcb4eeccf1e0,2.502944e+10,137.6,250.2944
1658107044,API3USDT,Buy,100,1.819,ZeroMinusTick,c841ffc2-685c-518c-bca0-245f884cad99,1.819e+10,100,181.9
1658107044,API3USDT,Buy,55,1.819,ZeroMinusTick,d1f3801f-05b7-5db3-b26e-4c38983c2760,1.00045e+10,55,100.045
1658107044,API3USDT,Sell,75,1.819,ZeroMinusTick,63fa4906-ab66-5d4c-ab60-9f052998eefd,1.3642499999999998e+10,75,136.42499999999998
1658107044,API3USDT,Buy,0.7,1.820,PlusTick,9ad7dbec-ec1b-5954-8e39-6d677fcbd630,1.274e+08,0.7,1.274
1658107046,API3USDT,Buy,25.3,1.820,ZeroMinusTick,ffc2db60-56d3-57dd-b1d3-4d9db731d46d,4.6046e+09,25.3,46.046
1658107046,API3USDT,Buy,55.6,1.820,ZeroMinusTick,bacd6ebe-23aa-5187-826a-8e2aedbb798b,1.01192e+10,55.6,101.19200000000001
1658107047,API3USDT,Sell,75,1.820,ZeroMinusTick,1aec8d93-ea05-5a5f-9160-a99047eb56a6,1.365e+10,75,136.5
1658107047,API3USDT,Sell,75,1.820,ZeroMinusTick,5b726eef-804b-5c82-b182-9dbe6059b6a8,1.365e+10,75,136.5
1658107049,API3USDT,Sell,75,1.819,MinusTick,64504b9d-b4aa-53bf-8b9f-39a1620fb775,1.3642499999999998e+10,75,136.42499999999998
1658107049,API3USDT,Sell,400.1,1.818,MinusTick,5f8601b5-9abb-5495-9bba-3d59eced216f,7.273818000000002e+10,400.1,727.3818000000001
1658107049,API3USDT,Sell,100,1.818,ZeroMinusTick,16975aa7-3936-508c-9e5e-41d06683d0d1,1.818e+10,100,181.8
1658107064,API3USDT,Buy,55.6,1.820,PlusTick,b5dec427-1c2d-5fbb-a939-8ca60abbf13e,1.01192e+10,55.6,101.19200000000001
1658107066,API3USDT,Sell,75,1.819,MinusTick,1d26d1b4-78e1-5fb6-be76-fe5974bb01c9,1.3642499999999998e+10,75,136.42499999999998
1658107078,API3USDT,Sell,75,1.818,MinusTick,5a6d0819-6ebf-59d3-8b96-74a35b253a5e,1.3635e+10,75,136.35
1658107078,API3USDT,Sell,100,1.818,ZeroMinusTick,b1271335-86e3-5499-a3d6-929e84b49e85,1.818e+10,100,181.8
1658107078,API3USDT,Sell,61.1,1.818,ZeroMinusTick,a4e43dc2-4b26-5ad2-a814-e9b003e9744d,1.110798e+10,61.1,111.0798
1658107078,API3USDT,Sell,42,1.818,ZeroMinusTick,077bdc23-3059-5849-8a3e-ae5a6b7144df,7.635600000000001e+09,42,76.35600000000001
1658107078,API3USDT,Sell,391.2,1.818,ZeroMinusTick,e4ee3a99-570b-58ed-bd5b-be8ac6bb6ccb,7.112016e+10,391.2,711.2016
1658107084,API3USDT,Sell,32.9,1.818,ZeroMinusTick,7ccf15e1-d68f-5cda-a14d-db9a9b42d741,5.98122e+09,32.9,59.8122
1658107084,API3USDT,Sell,75,1.818,ZeroMinusTick,0dce26eb-d615-5dac-bf56-d6780b9120e0,1.3635e+10,75,136.35
1658107084,API3USDT,Sell,75,1.817,MinusTick,5072cb33-5483-527e-8bbf-5471ebee9096,1.36275e+10,75,136.275
1658107087,API3USDT,Sell,75,1.818,PlusTick,cb3b3889-023b-50de-a41a-9ec33e0b5f37,1.3635e+10,75,136.35
1658107149,API3USDT,Buy,137.5,1.820,PlusTick,eb9311a0-2ee7-5f77-aec8-7116a9c50630,2.5025e+10,137.5,250.25
1658107185,API3USDT,Sell,1,1.819,MinusTick,69d737f4-403a-579f-a851-0f2e7ddf7a40,1.819e+08,1,1.819
1658107234,API3USDT,Sell,1,1.818,MinusTick,ed1d6104-a58d-56c5-b6a1-228237afde61,1.818e+08,1,1.818
1658107234,API3USDT,Sell,0.7,1.818,ZeroMinusTick,c5269a99-b57e-5058-af90-f61ec29acb29,1.2726e+08,0.7,1.2726
1658107253,API3USDT,Sell,74.3,1.818,ZeroMinusTick,90818b59-fd58-5b6c-ad69-87183fd0c610,1.3507740000000002e+10,74.3,135.0774
1658107253,API3USDT,Sell,75,1.818,ZeroMinusTick,e2884e77-656a-564d-88d6-096c552ac2f9,1.3635e+10,75,136.35
1658107253,API3USDT,Sell,180.5,1.817,MinusTick,9d0afe7a-2335-5314-821a-df43427d91b5,3.279685e+10,180.5,327.9685
1658107253,API3USDT,Sell,180.5,1.817,ZeroMinusTick,7591a82d-f031-5ef5-9e4e-8b2cc101ab07,3.279685e+10,180.5,327.9685
1658107253,API3USDT,Sell,1,1.817,ZeroMinusTick,c214063b-9d33-5854-8b35-575087681591,1.817e+08,1,1.817
1658107394,API3USDT,Buy,1,1.818,PlusTick,0bafa0cf-5690-5201-8637-a3afa63ef415,1.818e+08,1,1.818
1658107480,API3USDT,Sell,75,1.819,PlusTick,88e97479-521d-575a-b766-f3ca42ad1e22,1.3642499999999998e+10,75,136.42499999999998
1658107480,API3USDT,Sell,58.5,1.819,ZeroMinusTick,508c38fc-5697-50fa-94ef-21bda25a1f1a,1.064115e+10,58.5,106.4115
1658107480,API3USDT,Sell,75,1.819,ZeroMinusTick,23a70a77-1f5a-5bdb-b743-7785d5168a07,1.3642499999999998e+10,75,136.42499999999998
1658107480,API3USDT,Sell,75,1.819,ZeroMinusTick,8adb2199-8180-5d72-914e-4ad7b7e81de1,1.3642499999999998e+10,75,136.42499999999998
1658107524,API3USDT,Buy,1.9,1.821,PlusTick,06d77804-eed5-5e5a-bff0-ce6053f8d95d,3.4599e+08,1.9,3.4598999999999998
1658107528,API3USDT,Sell,27.5,1.819,MinusTick,c17e9431-5aba-53cd-bfcc-0e77c84a4c93,5.00225e+09,27.5,50.0225
1658107528,API3USDT,Sell,245.4,1.818,MinusTick,01a35dce-7f8e-5a15-adc1-19970369ebb0,4.461372e+10,245.4,446.1372
1658107562,API3USDT,Sell,75,1.817,MinusTick,dccc471a-c5ce-5c1c-b964-b04e65137537,1.36275e+10,75,136.275
1658107562,API3USDT,Sell,731.2,1.817,ZeroMinusTick,ab2d90c0-281d-53c4-9515-495a87bacd48,1.3285904e+11,731.2,1328.5904
1658107562,API3USDT,Sell,1,1.816,MinusTick,d909ed61-5aec-533a-9e96-915f3e88200d,1.816e+08,1,1.816
1658107624,API3USDT,Buy,100,1.816,ZeroMinusTick,b342b272-5e80-59eb-a3ae-336c92a7eef4,1.816e+10,100,181.6
1658107630,API3USDT,Buy,137.7,1.817,PlusTick,e8a0070d-49bc-5520-a0a0-14e75a6b2f8c,2.5020089999999996e+10,137.7,250.20089999999996
1658107630,API3USDT,Buy,55.6,1.817,ZeroMinusTick,8a179769-f7d1-525b-bc0f-81e9af0afcc6,1.010252e+10,55.6,101.0252
1658107630,API3USDT,Buy,429.3,1.817,ZeroMinusTick,f052ffa3-f939-5189-9d46-511f15450531,7.800381e+10,429.3,780.0381
1658107630,API3USDT,Buy,430,1.817,ZeroMinusTick,8de7833c-5a4f-5b37-8241-d67a2922c3f0,7.8131e+10,430,781.31
1658107630,API3USDT,Buy,100,1.817,ZeroMinusTick,349fd493-e1c9-52c3-a322-4efe7166a1e2,1.817e+10,100,181.7
1658107690,API3USDT,Sell,37.5,1.818,PlusTick,db5e82bd-f522-594c-aca4-a644427311ba,6.8175e+09,37.5,68.175
1658107690,API3USDT,Sell,44.5,1.818,ZeroMinusTick,d73e82a9-05c7-58e8-9cac-c5df3dbb490a,8.0901e+09,44.5,80.901
1658107690,API3USDT,Sell,34.2,1.818,ZeroMinusTick,0d5efba5-5ca2-52a6-b921-6a187691fba1,6.217560000000001e+09,34.2,62.17560000000001
1658107690,API3USDT,Sell,429,1.818,ZeroMinusTick,a6866058-9bf0-5ac6-81e3-3e63af7288d4,7.79922e+10,429,779.922
1658107704,API3USDT,Buy,1,1.819,PlusTick,c12266eb-1739-5af3-8013-b164dc3fab83,1.819e+08,1,1.819
1658107804,API3USDT,Buy,0.1,1.819,ZeroMinusTick,e9ed571d-79b5-5bd9-a0ce-33d8cebd9496,1.819e+07,0.1,0.1819
1658107810,API3USDT,Sell,121.3,1.818,MinusTick,f71498a5-4512-56ed-a694-0584bc0cdbbb,2.205234e+10,121.3,220.5234
1658107810,API3USDT,Sell,29.9,1.818,ZeroMinusTick,cdf1fdf3-65b0-5275-879f-d64c25f2f12d,5.43582e+09,29.9,54.3582
1658107838,API3USDT,Buy,100,1.818,ZeroMinusTick,b7d43583-b950-56ca-974a-6eff104c1e44,1.818e+10,100,181.8
1658107862,API3USDT,Buy,137.5,1.819,PlusTick,fbdf820c-468b-5aaa-bbe4-3814454f2c90,2.501125e+10,137.5,250.11249999999998
1658107862,API3USDT,Buy,199.1,1.819,ZeroMinusTick,5463456e-3735-5a78-a5a3-ecc9a27d5c6b,3.621629e+10,199.1,362.1629
1658107862,API3USDT,Buy,75,1.819,ZeroMinusTick,a6d25a9f-249a-52a0-bba1-b9a492186fef,1.3642499999999998e+10,75,136.42499999999998
1658107862,API3USDT,Buy,55.6,1.820,PlusTick,28ae7732-e44f-567f-9ba1-de7f1557f949,1.01192e+10,55.6,101.19200000000001
1658107862,API3USDT,Buy,53.7,1.821,PlusTick,0d8a8a95-c05f-58a8-bdc2-5df195c1060a,9.77877e+09,53.7,97.7877
1658107862,API3USDT,Buy,100,1.821,ZeroMinusTick,8d768ff0-3ae1-5375-bdd5-d964148fa536,1.821e+10,100,182.1
1658107862,API3USDT,Buy,27.1,1.822,PlusTick,7c867c2b-18b2-5f5e-b860-2f6bbfffd82d,4.93762e+09,27.1,49.376200000000004
1658107862,API3USDT,Buy,31.2,1.822,ZeroMinusTick,a3b6899c-0597-5196-b63f-42567d23e0ba,5.68464e+09,31.2,56.8464
1658107867,API3USDT,Buy,75,1.823,PlusTick,6af790f7-4f2f-5bf7-9cae-8a4cd170812c,1.36725e+10,75,136.725
1658107912,API3USDT,Sell,395.5,1.822,MinusTick,60cbb726-ac61-5f02-a464-70b7e5dbd375,7.20601e+10,395.5,720.601
1658107912,API3USDT,Sell,55.6,1.821,MinusTick,d7037e93-2579-57b5-bfe1-660656eb054d,1.012476e+10,55.6,101.2476
1658107943,API3USDT,Sell,55.6,1.817,MinusTick,92ae44a4-cf58-5dd9-a622-290161bf2f71,1.010252e+10,55.6,101.0252
1658107954,API3USDT,Sell,0.1,1.817,ZeroMinusTick,8028fae3-4c20-5ae5-8de7-541d6240afdf,1.817e+07,0.1,0.1817
1658107977,API3USDT,Buy,423.1,1.819,PlusTick,295bc162-c526-52c5-bf23-9695fa54f1e0,7.696189e+10,423.1,769.6189
1658107977,API3USDT,Buy,55.6,1.820,PlusTick,95815e62-dfa3-5977-9ec7-f84fcdf4604e,1.01192e+10,55.6,101.19200000000001
1658107977,API3USDT,Buy,419.2,1.820,ZeroMinusTick,23d50adb-2050-50ba-83a3-ad3bbcfbd982,7.62944e+10,419.2,762.944
1658107977,API3USDT,Buy,384.4,1.820,ZeroMinusTick,4918e75d-52b7-5a5c-aaff-fca08ebbf84f,6.99608e+10,384.4,699.608
1658107977,API3USDT,Buy,55.6,1.821,PlusTick,01e0717d-761a-593e-beb4-82f77bac69d2,1.012476e+10,55.6,101.2476
1658108014,API3USDT,Sell,0.5,1.821,ZeroMinusTick,0b99548c-7f24-562a-bf5f-74b359216b62,9.105e+07,0.5,0.9105
1658108024,API3USDT,Sell,74.5,1.821,ZeroMinusTick,45030c4c-e682-5e61-8843-3fd5cfc637aa,1.356645e+10,74.5,135.6645
1658108024,API3USDT,Sell,1,1.821,ZeroMinusTick,a740973e-33bc-58c1-96f2-75c06b9b6e87,1.821e+08,1,1.821
1658108024,API3USDT,Sell,1,1.821,ZeroMinusTick,b243ac6f-6b7c-5f4b-a0c1-3c58f1d94d36,1.821e+08,1,1.821
1658108024,API3USDT,Sell,1,1.821,ZeroMinusTick,398e5690-fbdd-5edb-8a9b-02370384c00d,1.821e+08,1,1.821
1658108025,API3USDT,Sell,55.6,1.820,MinusTick,de660a24-8026-5b49-a379-26d394509074,1.01192e+10,55.6,101.19200000000001
1658108025,API3USDT,Sell,75,1.820,ZeroMinusTick,0393951a-db20-5be6-8d81-94c69edc98e8,1.365e+10,75,136.5
1658108066,API3USDT,Buy,95.4,1.825,PlusTick,1434927d-4bbc-50db-8522-14058cddf743,1.74105e+10,95.4,174.10500000000002
1658108066,API3USDT,Buy,4.6,1.825,ZeroMinusTick,7a96e099-6331-5195-8ee4-22c6d218851a,8.395e+08,4.6,8.395
1658108068,API3USDT,Buy,291.1,1.827,PlusTick,4cb92858-a2bc-5700-a98a-8371cdd431bb,5.318397e+10,291.1,531.8397
1658108068,API3USDT,Buy,112.6,1.827,ZeroMinusTick,15fdf179-3364-5dca-9bb8-2b304e784e1c,2.0572019999999996e+10,112.6,205.72019999999998
1658108068,API3USDT,Buy,178.5,1.827,ZeroMinusTick,9d546385-f56e-5167-92c0-031f84437059,3.261195e+10,178.5,326.1195
1658108068,API3USDT,Buy,234.9,1.827,ZeroMinusTick,31b7590e-5af3-516a-81be-159a1229a66e,4.291623e+10,234.9,429.1623
1658108068,API3USDT,Buy,18.8,1.827,ZeroMinusTick,f70f99a6-63ac-50ab-8f6a-3f9d3de20161,3.43476e+09,18.8,34.3476
1658108068,API3USDT,Buy,36.8,1.827,ZeroMinusTick,5181a2e6-0aef-5139-b511-8daf040db172,6.72336e+09,36.8,67.2336
1658108072,API3USDT,Sell,1,1.827,ZeroMinusTick,c8345547-af80-5028-8040-8a3d91faa495,1.827e+08,1,1.827
1658108078,API3USDT,Sell,411.7,1.825,MinusTick,f1b5dabf-c6f5-53f3-bb35-0ea76e0bc242,7.513525e+10,411.7,751.3525
1658108134,API3USDT,Sell,1.3,1.824,MinusTick,a2071581-e223-5742-b900-de3e73c0ffa4,2.3712e+08,1.3,2.3712
1658108176,API3USDT,Sell,1,1.824,ZeroMinusTick,52982881-11de-5ec0-acff-98fc8b4a179d,1.824e+08,1,1.824
1658108176,API3USDT,Sell,1,1.824,ZeroMinusTick,60c65336-61db-5cdb-b31c-56847775d87d,1.824e+08,1,1.824
1658108176,API3USDT,Sell,1,1.824,ZeroMinusTick,b4e0d728-5c2a-5566-aeec-74a3fc33d44a,1.824e+08,1,1.824
1658108188,API3USDT,Sell,1,1.823,MinusTick,015a29b9-0e32-5a9e-97e4-7e39130892a9,1.823e+08,1,1.823
1658108235,API3USDT,Sell,1,1.822,MinusTick,48be6973-7867-57bc-912d-efe34557a48b,1.822e+08,1,1.822
1658108235,API3USDT,Sell,1,1.822,ZeroMinusTick,943814b1-b4b1-5eb1-9005-4d6ffa5da04b,1.822e+08,1,1.822
1658108239,API3USDT,Sell,1,1.821,MinusTick,c1563ccc-bd67-5855-be44-132e996e8e06,1.821e+08,1,1.821
1658108239,API3USDT,Sell,1,1.821,ZeroMinusTick,6686d0c6-1a2d-5873-a75d-a5e2071a3b87,1.821e+08,1,1.821
1658108240,API3USDT,Sell,1,1.820,MinusTick,66631700-9c71-519d-95d9-4aac072df7ae,1.82e+08,1,1.82
1658108240,API3USDT,Sell,414.8,1.820,ZeroMinusTick,f4ab1ccd-0dc5-5aad-a316-b4881d184c6c,7.54936e+10,414.8,754.936
1658108240,API3USDT,Sell,414.8,1.820,ZeroMinusTick,803b5e2d-3f86-533e-ab38-4708810ff8f9,7.54936e+10,414.8,754.936
1658108240,API3USDT,Sell,55.6,1.820,ZeroMinusTick,89557cac-310b-56f1-86b3-7963f48a5d24,1.01192e+10,55.6,101.19200000000001
1658108240,API3USDT,Sell,498.4,1.820,ZeroMinusTick,e0c9db05-767f-540f-a270-a00c82b65ba3,9.07088e+10,498.4,907.088
1658108240,API3USDT,Sell,100,1.820,ZeroMinusTick,b9aa0d0f-5aae-5373-9bb1-a077fa56eb15,1.82e+10,100,182
1658108254,API3USDT,Sell,0.9,1.819,MinusTick,163b8b0c-10e4-534e-bff5-cf4113b72915,1.6371e+08,0.9,1.6371
1658108264,API3USDT,Buy,75,1.822,PlusTick,ba4ac379-1d4b-5841-aee5-22b037bdd980,1.3665e+10,75,136.65
1658108264,API3USDT,Buy,429.6,1.822,ZeroMinusTick,d1e9e8b7-784c-58b0-9a78-171cbc0e7bf3,7.827312e+10,429.6,782.7312000000001
1658108264,API3USDT,Buy,417.8,1.822,ZeroMinusTick,0b02ee59-478f-56e5-8292-d3b398dd37ad,7.612316e+10,417.8,761.2316000000001
1658108265,API3USDT,Buy,55.6,1.823,PlusTick,10585c1b-676d-5d53-a816-ed988c460baa,1.013588e+10,55.6,101.3588
1658108311,API3USDT,Buy,75,1.822,MinusTick,091f8317-0098-50be-97a8-4b978be35505,1.3665e+10,75,136.65
1658108408,API3USDT,Sell,84.3,1.822,ZeroMinusTick,c8541e60-57f5-5235-aa55-9c134acc9918,1.5359460000000002e+10,84.3,153.5946
1658108408,API3USDT,Sell,39.5,1.822,ZeroMinusTick,34adf17f-efb6-5f7f-b236-1e5eea084dc1,7.196900000000001e+09,39.5,71.96900000000001
1658108408,API3USDT,Sell,12.2,1.822,ZeroMinusTick,1bdd7446-c04e-5739-9724-15c1d1dc8247,2.22284e+09,12.2,22.2284
1658108414,API3USDT,Sell,0.8,1.822,ZeroMinusTick,ef22601e-230c-5428-883a-bc6643e66164,1.4576000000000003e+08,0.8,1.4576000000000002
1658108463,API3USDT,Sell,88.3,1.822,ZeroMinusTick,c6c3e4e6-a395-5e33-af9c-742417fab45b,1.608826e+10,88.3,160.8826
1658108463,API3USDT,Sell,391.4,1.822,ZeroMinusTick,c1393dad-8319-5f9f-8f9d-c5d90486cb23,7.131308e+10,391.4,713.1308
1658108463,API3USDT,Sell,29.3,1.822,ZeroMinusTick,92a53678-b2dc-5641-9a4c-90a6f3a029f3,5.338460000000001e+09,29.3,53.384600000000006
1658108463,API3USDT,Sell,53.8,1.822,ZeroMinusTick,955555be-1576-5d68-aab1-516caeb154b1,9.80236e+09,53.8,98.0236
1658108497,API3USDT,Buy,137.2,1.824,PlusTick,a4a545fc-4076-5a86-b885-2f1aaab2bd9c,2.5025279999999996e+10,137.2,250.25279999999998
1658108497,API3USDT,Buy,100,1.824,ZeroMinusTick,549067e6-ab79-5c1e-aa3a-92905d9297b9,1.824e+10,100,182.4
1658108497,API3USDT,Buy,55,1.824,ZeroMinusTick,cee4b71c-fd9d-577b-9b56-b9db42989e85,1.0032e+10,55,100.32000000000001
1658108497,API3USDT,Buy,411.3,1.824,ZeroMinusTick,d2aae5f8-27c0-50ae-858a-acf3dc919d62,7.502112e+10,411.3,750.2112000000001
1658108497,API3USDT,Sell,548.5,1.824,ZeroMinusTick,35c73024-fd76-5926-8f66-e6f3b94d6cf5,1.000464e+11,548.5,1000.464
1658108497,API3USDT,Buy,55.6,1.825,PlusTick,e62c6a06-8aae-518f-8280-27c4cc6c6352,1.0147e+10,55.6,101.47
1658108497,API3USDT,Buy,100,1.825,ZeroMinusTick,306731f4-601a-5921-a909-72b19db0d367,1.825e+10,100,182.5
1658108534,API3USDT,Sell,1.9,1.826,PlusTick,e6860dfa-317d-5a30-983a-a0aabf357d4c,3.4694e+08,1.9,3.4694
1658108584,API3USDT,Buy,100,1.828,PlusTick,76ebf800-25bf-5aef-94c3-efc0f19356b1,1.828e+10,100,182.8
1658108615,API3USDT,Sell,75,1.831,PlusTick,8b1caad1-c626-54e2-83ec-5af956c29d2e,1.3732499999999998e+10,75,137.325
1658108615,API3USDT,Buy,413.6,1.832,PlusTick,58e16cd9-f35d-5b7e-b692-3ef314c6d031,7.577152000000002e+10,413.6,757.7152000000001
1658108615,API3USDT,Buy,55.6,1.832,ZeroMinusTick,8c5f702a-ebfc-534b-8997-cfba4caee214,1.018592e+10,55.6,101.8592
1658108615,API3USDT,Buy,100,1.832,ZeroMinusTick,37aa1662-3587-533e-a1de-9dcd36e9d8ee,1.832e+10,100,183.20000000000002
1658108615,API3USDT,Buy,600,1.832,ZeroMinusTick,e892db85-a26b-569e-ae2a-99e4795cfb25,1.0992e+11,600,1099.2
1658108615,API3USDT,Buy,75,1.832,ZeroMinusTick,ab6cca94-d848-56d2-8cc0-df10c67410cc,1.374e+10,75,137.4
1658108615,API3USDT,Buy,55,1.832,ZeroMinusTick,b916cb3f-d182-5d82-8920-ab620de7b0ff,1.0076e+10,55,100.76
1658108615,API3USDT,Buy,2.2,1.833,PlusTick,6dfb756b-2f65-5ffc-a080-edf4d37a6745,4.0326000000000006e+08,2.2,4.0326
1658108615,API3USDT,Buy,3.9,1.833,ZeroMinusTick,d4b3d3c2-3520-5789-905f-607edf40456a,7.1487e+08,3.9,7.1487
1658108615,API3USDT,Buy,162.9,1.833,ZeroMinusTick,d09a2c38-6847-5646-8ff9-5723ccd2ca81,2.9859570000000004e+10,162.9,298.5957
1658108615,API3USDT,Buy,419.2,1.833,ZeroMinusTick,fc791303-8d8f-5fb3-9a8d-36a869d915ce,7.683936e+10,419.2,768.3936
1658108615,API3USDT,Buy,420.9,1.833,ZeroMinusTick,6004348e-51fa-5ef7-a888-3a1522ceab1e,7.715097e+10,420.9,771.5097
1658108615,API3USDT,Buy,666.6,1.833,ZeroMinusTick,5128899e-d46c-5488-b3ea-7b92cd8b193a,1.2218778e+11,666.6,1221.8778
1658108615,API3USDT,Buy,25.1,1.833,ZeroMinusTick,55e20ca5-12de-5c72-97d4-137f08b37a1c,4.60083e+09,25.1,46.0083
1658108615,API3USDT,Sell,0.8,1.830,MinusTick,e3ef2dfe-f063-5ff1-b248-0db7e5c080fa,1.4640000000000003e+08,0.8,1.4640000000000002
1658108615,API3USDT,Sell,162.9,1.830,ZeroMinusTick,402b7146-ec7f-5720-b7c6-95dd24dd45db,2.9810700000000004e+10,162.9,298.107
1658108616,API3USDT,Buy,0.8,1.830,ZeroMinusTick,46f2fbc7-7646-50d8-a1f4-865c2692c198,1.4640000000000003e+08,0.8,1.4640000000000002
1658108616,API3USDT,Buy,75,1.831,PlusTick,5c19dbeb-06fc-5a10-abdb-81f33933978d,1.3732499999999998e+10,75,137.325
1658108616,API3USDT,Buy,600,1.831,ZeroMinusTick,af902d96-4c24-5d44-bb4c-9fa909320d10,1.0985999999999998e+11,600,1098.6
1658108616,API3USDT,Buy,100,1.831,ZeroMinusTick,48e879a5-c860-5e8c-bf75-8be5f4155006,1.831e+10,100,183.1
1658108616,API3USDT,Buy,75,1.832,PlusTick,f0d4ebe0-a069-5e73-924b-27b9671def59,1.374e+10,75,137.4
1658108616,API3USDT,Buy,136.6,1.832,ZeroMinusTick,5a8f5a7d-0271-5a95-ac99-238f0401f73c,2.502512e+10,136.6,250.2512
1658108616,API3USDT,Buy,30.5,1.833,PlusTick,59ba8683-e218-5f6d-9306-4aae8b69fd45,5.59065e+09,30.5,55.9065
1658108616,API3USDT,Buy,162.7,1.833,ZeroMinusTick,cdcb01d8-6554-5882-850d-1da78d0214f3,2.9822909999999996e+10,162.7,298.22909999999996
1658108616,API3USDT,Buy,109.3,1.833,ZeroMinusTick,3d85a837-cf98-5b5c-a3b2-3d9f0bbb6651,2.0034689999999996e+10,109.3,200.34689999999998
1658108616,API3USDT,Buy,27.4,1.834,PlusTick,1df1b235-35eb-5de6-a3fd-3ffb0d9efef2,5.02516e+09,27.4,50.251599999999996
1658108616,API3USDT,Buy,187,1.834,ZeroMinusTick,6b5e16c9-52f0-5e0b-9b79-be73ce633135,3.4295800000000004e+10,187,342.958
1658108616,API3USDT,Buy,839.6,1.834,ZeroMinusTick,c4d009b7-ac85-5c15-8bf9-2126ca8d125a,1.5398264e+11,839.6,1539.8264000000001
1658108616,API3USDT,Sell,75,1.829,MinusTick,3e3354a4-cc5d-5584-8168-ef9f3e6bb394,1.3717499999999998e+10,75,137.17499999999998
1658108616,API3USDT,Sell,407.4,1.828,MinusTick,ef22fe5f-3ddd-5050-a65c-2b9d01f7949f,7.447272e+10,407.4,744.7272
1658108616,API3USDT,Sell,65.3,1.828,ZeroMinusTick,cd39bae6-a880-5189-b379-2b7459893275,1.193684e+10,65.3,119.3684
1658108632,API3USDT,Buy,0.8,1.831,PlusTick,1fcb13cc-edfc-5ee6-a16d-a94ad470edde,1.4648e+08,0.8,1.4648
1658108652,API3USDT,Sell,162.7,1.829,MinusTick,f26e9096-3759-5cd7-830d-e66377838001,2.9757829999999996e+10,162.7,297.57829999999996
1658108652,API3USDT,Sell,109.2,1.829,ZeroMinusTick,8b1f89b7-2a41-520c-aa9c-793bd47c686d,1.997268e+10,109.2,199.7268
1658108724,API3USDT,Buy,0.1,1.830,PlusTick,15689581-7671-5e31-b3a6-af1214daa967,1.8300000000000004e+07,0.1,0.18300000000000002
1658108795,API3USDT,Sell,200,1.830,ZeroMinusTick,6023a5d6-8c55-58ee-aa2c-befcb59a5ebc,3.66e+10,200,366
1658108795,API3USDT,Sell,212.3,1.830,ZeroMinusTick,f3ec6cb7-d5d5-546a-b3bc-601d20155ba9,3.88509e+10,212.3,388.509
1658108881,API3USDT,Buy,55.6,1.835,PlusTick,957dfaa8-aadb-5792-9aeb-1effd3291b2d,1.02026e+10,55.6,102.026
1658108903,API3USDT,Sell,75,1.835,ZeroMinusTick,28ce0783-bf03-5521-a41b-0c223781c450,1.37625e+10,75,137.625
1658108904,API3USDT,Sell,0.8,1.834,MinusTick,5cc09b6a-d4eb-5263-b54f-36237ae27e49,1.4672e+08,0.8,1.4672
1658108907,API3USDT,Sell,74.2,1.834,ZeroMinusTick,fadbe980-9b49-5fb1-a25b-902ae11b7ebb,1.3608280000000002e+10,74.2,136.08280000000002
1658108908,API3USDT,Sell,75,1.833,MinusTick,3d6f5d28-5814-5f29-b5f5-726c6f4c5c19,1.37475e+10,75,137.475
1658108908,API3USDT,Sell,55.6,1.832,MinusTick,1288e7ef-2ac0-5505-a222-5033067f22eb,1.018592e+10,55.6,101.8592
1658108908,API3USDT,Sell,760.1,1.832,ZeroMinusTick,31ebe246-ec61-52c9-b66a-de088423e527,1.3925032e+11,760.1,1392.5032
1658108908,API3USDT,Sell,186.9,1.831,MinusTick,8e5b43eb-7927-574e-bb33-2c0d4663e552,3.4221390000000004e+10,186.9,342.2139
1658108908,API3USDT,Sell,638.5,1.831,ZeroMinusTick,b01ba43a-5328-5e47-9bb9-9dead220c38f,1.1690935e+11,638.5,1169.0935
1658109024,API3USDT,Buy,10,1.831,ZeroMinusTick,cebff02a-7a41-54c3-b2e6-2eb24f004d67,1.8309999999999998e+09,10,18.31
1658109035,API3USDT,Buy,90,1.831,ZeroMinusTick,f14ae910-98d0-55dd-8b2a-d857b56f99ae,1.6479e+10,90,164.79
1658109035,API3USDT,Buy,55,1.831,ZeroMinusTick,6466dbfb-454c-5ff6-8c42-ab77a524ff78,1.00705e+10,55,100.705
1658109134,API3USDT,Buy,0.9,1.831,ZeroMinusTick,1054b3c4-accc-5c7e-935b-c5eb231cef53,1.6479e+08,0.9,1.6479
1658109162,API3USDT,Sell,223.4,1.829,MinusTick,eb33d31d-ea8b-5cc0-aeaa-875a3094d2f7,4.085986e+10,223.4,408.5986
1658109162,API3USDT,Sell,172.4,1.829,ZeroMinusTick,5334e5a7-fdf9-5141-acc8-55d55c10df32,3.1531959999999996e+10,172.4,315.3196
1658109162,API3USDT,Sell,51,1.829,ZeroMinusTick,0411da55-17a2-55a3-97cb-0e0d4b051ee5,9.3279e+09,51,93.279
1658109162,API3USDT,Sell,450.9,1.829,ZeroMinusTick,95c6cd7a-4027-510b-a678-834b803af694,8.246960999999998e+10,450.9,824.6960999999999
1658109162,API3USDT,Sell,30.8,1.829,ZeroMinusTick,2926838c-8602-5b0a-b60a-e0a7c757272b,5.63332e+09,30.8,56.3332
1658109162,API3USDT,Sell,379.8,1.829,ZeroMinusTick,01e45002-0bfd-5aef-ae93-740f0c945c74,6.946542e+10,379.8,694.6542000000001
1658109162,API3USDT,Sell,273.3,1.829,ZeroMinusTick,b3b0ed9a-2c88-5538-b4aa-dd6df531bd40,4.998657e+10,273.3,499.8657
1658109162,API3USDT,Sell,0.1,1.829,ZeroMinusTick,01d6b697-0c4d-5a28-98ee-10386967bca3,1.829e+07,0.1,0.1829
1658109162,API3USDT,Sell,100,1.829,ZeroMinusTick,743d7866-3b3a-5908-92d8-7dfe2c01712f,1.829e+10,100,182.9
1658109165,API3USDT,Sell,2.8,1.828,MinusTick,d6e5e829-f896-5e6f-af35-5c63c9e7fd6d,5.1184e+08,2.8,5.1184
1658109165,API3USDT,Sell,55.6,1.828,ZeroMinusTick,ebfc7177-4eb9-54c8-9a41-95897d0e9cb0,1.016368e+10,55.6,101.63680000000001
1658109183,API3USDT,Sell,1,1.826,MinusTick,07be4435-3656-5886-b118-1f7c0074c5e6,1.826e+08,1,1.826
1658109266,API3USDT,Sell,1,1.825,MinusTick,fda164a1-dfa1-5146-aed9-d6f5a87a501e,1.825e+08,1,1.825
1658109314,API3USDT,Buy,1.2,1.826,PlusTick,acd2076e-953b-5df8-a250-69d66c297480,2.1911999999999997e+08,1.2,2.1912
1658109316,API3USDT,Buy,0.2,1.826,ZeroMinusTick,5409bd76-224e-5a18-a6d8-e1c94b38a737,3.652e+07,0.2,0.3652
1658109346,API3USDT,Buy,74.8,1.826,ZeroMinusTick,a20d294b-95f0-5c3f-80a7-4fc985df34bc,1.365848e+10,74.8,136.5848
1658109357,API3USDT,Buy,75,1.828,PlusTick,3537a2bc-a9d2-550e-bf55-23d7ce64d4f8,1.371e+10,75,137.1
1658109364,API3USDT,Sell,10,1.827,MinusTick,18715dac-69c6-5fa2-8ce8-7c00125b98f5,1.827e+09,10,18.27
1658109379,API3USDT,Sell,55.6,1.827,ZeroMinusTick,be386da5-f407-5a3a-aea1-7d2ddf74d6ad,1.015812e+10,55.6,101.5812
1658109474,API3USDT,Sell,0.1,1.827,ZeroMinusTick,8032154f-39bd-506d-8993-0d0ae2f11154,1.827e+07,0.1,0.1827
1658109566,API3USDT,Buy,75,1.826,MinusTick,8788d35d-4eb7-5bfd-b3a3-7e21e90b3464,1.3695000000000002e+10,75,136.95000000000002
1658109584,API3USDT,Buy,1.3,1.827,PlusTick,3e6aa452-6f31-5871-b34f-1d0f1a206082,2.3751000000000003e+08,1.3,2.3751
1658109607,API3USDT,Buy,418.3,1.827,ZeroMinusTick,cc35f35b-0524-5846-bec6-3f669e645d69,7.642341e+10,418.3,764.2341
1658109607,API3USDT,Buy,389.1,1.827,ZeroMinusTick,0b3391d8-ec4a-57fe-a2fc-b0f33e040363,7.108857e+10,389.1,710.8857
1658109620,API3USDT,Sell,191.5,1.826,MinusTick,7ee5b50f-b236-5976-aa98-2843b2aa0e46,3.49679e+10,191.5,349.67900000000003
1658109684,API3USDT,Sell,0.1,1.830,PlusTick,50451a02-bd49-5909-b1c5-6de4dcbcc468,1.8300000000000004e+07,0.1,0.18300000000000002
1658109700,API3USDT,Buy,1,1.832,PlusTick,64dad396-4bf7-5eef-a19e-2da59d96135a,1.832e+08,1,1.832
1658109700,API3USDT,Buy,75,1.832,ZeroMinusTick,d521b752-b94c-5085-a3fc-f1240964cf61,1.374e+10,75,137.4
1658109700,API3USDT,Buy,100,1.832,ZeroMinusTick,bb484222-9482-5f3b-b7f8-2d7d14b794c4,1.832e+10,100,183.20000000000002
1658109700,API3USDT,Buy,55,1.832,ZeroMinusTick,c2af55ae-7a6c-5e75-bdaa-7d90e06788a1,1.0076e+10,55,100.76
1658109700,API3USDT,Buy,0.9,1.833,PlusTick,4ada30ea-aec1-5cec-ae30-5bc1e057a7bc,1.6497e+08,0.9,1.6497
1658109700,API3USDT,Buy,422.9,1.833,ZeroMinusTick,65e28e46-6e42-5190-bf1f-d16d8ae067cd,7.751756999999998e+10,422.9,775.1756999999999
1658109700,API3USDT,Buy,425.5,1.833,ZeroMinusTick,b797a790-bd23-5879-a853-d41dad8b50e8,7.799415e+10,425.5,779.9415
1658109700,API3USDT,Buy,55.6,1.833,ZeroMinusTick,d085acc2-37d9-50a0-aed0-65474ae9f33f,1.019148e+10,55.6,101.9148
1658109700,API3USDT,Buy,638.5,1.833,ZeroMinusTick,8538c997-9f07-5a35-9f9e-c78ed84c1443,1.1703705e+11,638.5,1170.3705
1658109700,API3USDT,Buy,136.5,1.833,ZeroMinusTick,4f1f2fa1-d94d-50e0-969b-3ab7f64a346b,2.502045e+10,136.5,250.2045
1658109700,API3USDT,Buy,163.4,1.834,PlusTick,81a4bf16-5dcc-565c-bc03-0d629c3b6042,2.9967560000000004e+10,163.4,299.67560000000003
1658109700,API3USDT,Buy,422.6,1.834,ZeroMinusTick,556f9917-7bfb-54c0-b3a4-ac4dbbac6b0a,7.750484000000002e+10,422.6,775.0484000000001
1658109700,API3USDT,Buy,410.6,1.834,ZeroMinusTick,690d449b-a141-5b2a-8d57-4215405868de,7.530404000000002e+10,410.6,753.0404000000001
1658109700,API3USDT,Buy,92.5,1.834,ZeroMinusTick,47ac4454-2713-5916-93de-b20df2db0370,1.6964500000000002e+10,92.5,169.645
1658109708,API3USDT,Sell,92.6,1.832,MinusTick,49950b87-00ab-5223-810c-2556f4702854,1.696432e+10,92.6,169.6432
1658109708,API3USDT,Sell,0.9,1.831,MinusTick,a2bdf7be-89e8-5419-8c65-0cedc182803f,1.6479e+08,0.9,1.6479
1658109752,API3USDT,Buy,55.6,1.836,PlusTick,f46cf72d-1c07-5099-bbd4-a43d58067e04,1.020816e+10,55.6,102.08160000000001
1658109752,API3USDT,Buy,100,1.836,ZeroMinusTick,302a2ee4-4656-56fe-8472-ebc8254f6676,1.836e+10,100,183.6
1658109752,API3USDT,Buy,55,1.836,ZeroMinusTick,54c52b04-b8cf-514c-80fb-627e72da528a,1.0098e+10,55,100.98
1658109762,API3USDT,Buy,55,1.836,ZeroMinusTick,bcf5f497-d197-5efc-acca-8670793f7699,1.0098e+10,55,100.98
1658109762,API3USDT,Buy,55.6,1.837,PlusTick,4dbf6139-2c1f-5f53-af65-fa50210cb1fb,1.021372e+10,55.6,102.1372
1658109765,API3USDT,Sell,163.4,1.837,ZeroMinusTick,0f81f130-c676-57c1-aa65-a6ed53c08e3f,3.001658e+10,163.4,300.1658
1658109771,API3USDT,Buy,54,1.838,PlusTick,75283940-e212-5cd4-96b7-9c8d80707414,9.925200000000002e+09,54,99.25200000000001
1658109771,API3USDT,Buy,100,1.838,ZeroMinusTick,75ac3043-1176-5552-ba52-eee32bf078e9,1.838e+10,100,183.8
1658109806,API3USDT,Sell,396.7,1.838,ZeroMinusTick,ada89a64-73a1-514d-83ee-f556be0f0c9e,7.291346e+10,396.7,729.1346
1658109806,API3USDT,Sell,75,1.838,ZeroMinusTick,ba30377f-cee4-5c2e-be16-4ac85f43f5fa,1.3785e+10,75,137.85
1658109824,API3USDT,Buy,0.5,1.839,PlusTick,90c7b05d-b527-51e9-bb13-670911175b73,9.195e+07,0.5,0.9195
1658109849,API3USDT,Buy,55.6,1.840,PlusTick,6c9f3a56-527c-5138-8910-340b1cb3508d,1.02304e+10,55.6,102.304
1658109849,API3USDT,Sell,1248.8,1.840,ZeroMinusTick,cbbb60bd-ea42-5f54-9d2c-1be1c07c28c0,2.297792e+11,1248.8,2297.792
1658109869,API3USDT,Sell,233.2,1.838,MinusTick,77c93441-73ba-50d7-b988-519565431141,4.286216e+10,233.2,428.6216
1658109869,API3USDT,Sell,186.3,1.838,ZeroMinusTick,a39dd898-044b-5a6e-98fd-d6ae0ae34c5d,3.4241940000000004e+10,186.3,342.41940000000005
1658109869,API3USDT,Sell,46.9,1.838,ZeroMinusTick,91db5b76-f7a1-5109-886d-6292efd316ce,8.62022e+09,46.9,86.2022
1658109869,API3USDT,Sell,226.3,1.838,ZeroMinusTick,8b704c40-3479-546c-94de-8c8cbc179a6b,4.159394e+10,226.3,415.93940000000003
1658109869,API3USDT,Sell,136.9,1.838,ZeroMinusTick,4b00c5e2-f519-5686-957b-3e73389e87e2,2.5162220000000004e+10,136.9,251.62220000000002
1658109869,API3USDT,Sell,638.5,1.838,ZeroMinusTick,93c64375-c964-537f-bc08-80964b516c63,1.1735630000000002e+11,638.5,1173.563
1658109873,API3USDT,Sell,386.3,1.836,MinusTick,e620e5ca-f25f-560f-b3e0-a0a7a07c9f07,7.092468e+10,386.3,709.2468
1658109873,API3USDT,Sell,391.2,1.836,ZeroMinusTick,3506f06b-90bc-5bf9-870a-4d067f674725,7.182432e+10,391.2,718.2432
1658109873,API3USDT,Sell,75,1.836,ZeroMinusTick,1cfdc404-0a0b-5cad-b048-eb0e17770aae,1.3770000000000002e+10,75,137.70000000000002
1658109874,API3USDT,Sell,55.6,1.835,MinusTick,c9d102e7-a903-5658-a641-9f8b3607dbbb,1.02026e+10,55.6,102.026
1658109874,API3USDT,Sell,55.6,1.834,MinusTick,f87da9ef-f9c2-5fd6-9071-4ca1c900f581,1.0197040000000002e+10,55.6,101.97040000000001
1658109875,API3USDT,Sell,75,1.833,MinusTick,a37263e0-1589-563d-b014-af0722489c41,1.37475e+10,75,137.475
1658109927,API3USDT,Sell,409.3,1.833,ZeroMinusTick,68b4e321-9608-58b2-b42b-6b01148df376,7.502469e+10,409.3,750.2469
1658109927,API3USDT,Sell,100,1.833,ZeroMinusTick,4f511c73-de35-5b29-99bb-98fa8d54f77b,1.833e+10,100,183.29999999999998
1658109927,API3USDT,Sell,75,1.833,ZeroMinusTick,ce2f67b1-d5a3-59ca-90ca-2911e0214f87,1.37475e+10,75,137.475
1658109945,API3USDT,Buy,289.5,1.833,ZeroMinusTick,c62f8de5-10ca-5c2f-beb3-5afc76990d46,5.306535e+10,289.5,530.6535
1658109945,API3USDT,Buy,289.5,1.833,ZeroMinusTick,a3add6ea-1b0c-558a-b177-582f201efe5f,5.306535e+10,289.5,530.6535
1658109945,API3USDT,Buy,1836.7,1.833,ZeroMinusTick,170703e5-fe3e-56ee-b171-b93123787257,3.3666711e+11,1836.7,3366.6711
1658109949,API3USDT,Sell,100,1.834,PlusTick,002b0c8a-6eba-5044-8866-3b2074b04e00,1.834e+10,100,183.4
1658109985,API3USDT,Sell,54.3,1.834,ZeroMinusTick,251d4fde-c728-546d-a22d-85b145e1416f,9.95862e+09,54.3,99.5862
1658109985,API3USDT,Sell,97.8,1.834,ZeroMinusTick,08b40fa6-115c-5267-8d9e-180fbbc69c3e,1.793652e+10,97.8,179.36520000000002
1658109985,API3USDT,Sell,152.1,1.834,ZeroMinusTick,3d72be44-93cb-5172-a4b1-5888ecc054f7,2.7895139999999996e+10,152.1,278.9514
1658110014,API3USDT,Sell,0.1,1.834,ZeroMinusTick,f15e6315-20ef-5974-9ddf-2354fdd625f5,1.834e+07,0.1,0.1834
1658110042,API3USDT,Buy,75,1.836,PlusTick,012394dd-68d7-507d-9fc1-1b7d03067eef,1.3770000000000002e+10,75,137.70000000000002
1658110148,API3USDT,Sell,54.5,1.840,PlusTick,0f92b601-a84b-5a1c-96a6-e4f5f353a50a,1.0028e+10,54.5,100.28
1658110164,API3USDT,Buy,0.6,1.840,ZeroMinusTick,37cbfadf-2f80-5cf4-bbd9-a8bfec935d46,1.1040000000000001e+08,0.6,1.104
1658110179,API3USDT,Buy,74.4,1.840,ZeroMinusTick,0339b42e-5da9-5049-88e8-1c48fcf25e41,1.3689600000000002e+10,74.4,136.89600000000002
1658110179,API3USDT,Buy,581.5,1.840,ZeroMinusTick,92f537da-c409-5a97-86ae-ded5313473e6,1.06996e+11,581.5,1069.96
1658110224,API3USDT,Sell,1,1.843,PlusTick,429f2f33-c6f5-5647-a0f3-bb911711346f,1.843e+08,1,1.843
1658110224,API3USDT,Buy,38.6,1.843,ZeroMinusTick,f695ea74-0256-53bb-b37d-46091f93e2bf,7.113980000000001e+09,38.6,71.13980000000001
1658110225,API3USDT,Sell,1,1.842,MinusTick,be0d77f1-56e6-5258-86c4-78d5a513ed96,1.842e+08,1,1.842
1658110241,API3USDT,Sell,1,1.841,MinusTick,7d37f3f5-811b-5dec-b39a-7161902ef5a5,1.841e+08,1,1.841
1658110254,API3USDT,Buy,75,1.842,PlusTick,14c80bef-c6dd-57fd-8bb4-9d14e51525d1,1.3815e+10,75,138.15
1658110254,API3USDT,Sell,0.1,1.842,ZeroMinusTick,7ecfee4b-91de-52a2-958b-7b755e14dad1,1.8420000000000004e+07,0.1,0.18420000000000003
1658110299,API3USDT,Buy,337.7,1.844,PlusTick,c4402d2b-3cc0-51ce-b280-557e9457e506,6.227188e+10,337.7,622.7188
1658110299,API3USDT,Buy,66.4,1.844,ZeroMinusTick,40c3c9bb-f0b7-5cc8-9853-3c1dfad2c662,1.2244160000000002e+10,66.4,122.44160000000002
1658110299,API3USDT,Buy,54.5,1.845,PlusTick,f350960c-ed79-5bee-82d6-cbde3d3ae0da,1.005525e+10,54.5,100.5525
1658110299,API3USDT,Buy,54.5,1.846,PlusTick,56e8467b-b7ea-5962-983a-1700afe5532f,1.00607e+10,54.5,100.607
1658110299,API3USDT,Buy,402.9,1.846,ZeroMinusTick,b4ef182f-a6f3-57d9-8467-f3829b4bd1a7,7.437534e+10,402.9,743.7533999999999
1658110299,API3USDT,Buy,386.1,1.846,ZeroMinusTick,e39126bb-e2ef-579c-864d-519a62510da0,7.127406000000002e+10,386.1,712.7406000000001
1658110299,API3USDT,Buy,27.8,1.847,PlusTick,d3750398-b2f1-59fa-818e-cfd11508e42c,5.13466e+09,27.8,51.3466
1658110299,API3USDT,Buy,135.5,1.847,ZeroMinusTick,94bf10da-60b6-5195-b52c-8ef117d3ccc4,2.502685e+10,135.5,250.2685
1658110368,API3USDT,Buy,100,1.849,PlusTick,5e64ab74-782d-5b2f-af10-1540bc937a04,1.849e+10,100,184.9
1658110368,API3USDT,Buy,75,1.849,ZeroMinusTick,6626ee43-0cba-5e0c-8548-7b9499a089fc,1.3867500000000002e+10,75,138.675
1658110368,API3USDT,Sell,0.8,1.849,ZeroMinusTick,454f6c27-0b52-5cb6-982c-465020042485,1.4792e+08,0.8,1.4792
1658110384,API3USDT,Buy,0.1,1.850,PlusTick,91dc9b9e-2865-5c84-8aed-8da7f375c811,1.8500000000000004e+07,0.1,0.18500000000000003
1658110412,API3USDT,Buy,0.8,1.848,MinusTick,45bb8c31-99cf-5427-9af3-06a9e5e155b7,1.4784000000000003e+08,0.8,1.4784000000000002
1658110431,API3USDT,Sell,1,1.846,MinusTick,f99a6ebf-5c80-54cd-9012-589091135929,1.846e+08,1,1.846
1658110431,API3USDT,Sell,383.5,1.846,ZeroMinusTick,d38a29c4-96d0-565c-839c-d45a257e0ffd,7.07941e+10,383.5,707.941
1658110434,API3USDT,Sell,1,1.845,MinusTick,a5e9a6df-7ec1-56bc-b9ff-84c9b43bc342,1.845e+08,1,1.845
1658110443,API3USDT,Sell,1,1.844,MinusTick,87449800-bb91-5e3d-9a0c-b18065141811,1.844e+08,1,1.844
1658110464,API3USDT,Buy,1.8,1.845,PlusTick,92d703a4-10f6-54b7-ad99-640455a08dc6,3.321e+08,1.8,3.321
1658110478,API3USDT,Buy,422.2,1.845,ZeroMinusTick,1a07da59-373c-5cd6-8470-b973901f90d2,7.78959e+10,422.2,778.959
1658110478,API3USDT,Buy,100,1.845,ZeroMinusTick,654c56c4-f7a8-5a25-aa43-a10f4aede084,1.845e+10,100,184.5
1658110478,API3USDT,Buy,54,1.845,ZeroMinusTick,8911b77c-d06e-54c8-b63c-ed992f265a6d,9.963e+09,54,99.63
1658110478,API3USDT,Buy,135.6,1.845,ZeroMinusTick,c56d52a2-385d-5a5d-962c-854ec7b81047,2.50182e+10,135.6,250.182
1658110479,API3USDT,Buy,270.8,1.846,PlusTick,9edbaaff-c648-57ee-adef-73dd738750e9,4.998968000000001e+10,270.8,499.89680000000004
1658110507,API3USDT,Buy,100,1.846,ZeroMinusTick,a15dfdd0-ad08-50e4-a2ea-bfec901b46af,1.8460000000000004e+10,100,184.60000000000002
1658110556,API3USDT,Sell,405.1,1.847,PlusTick,e872ef19-e505-5192-a80b-ebaa83a061dc,7.482197e+10,405.1,748.2197
1658110594,API3USDT,Buy,0.9,1.849,PlusTick,ccf8a02b-fd12-5c94-bf47-c7f9e8d3a2dc,1.6641e+08,0.9,1.6641
1658110601,API3USDT,Sell,0.1,1.848,MinusTick,0644d67d-446b-517f-a16d-0c97563d2d6d,1.8480000000000004e+07,0.1,0.18480000000000002
1658110694,API3USDT,Buy,0.7,1.850,PlusTick,88f50ddd-3aef-55f8-a278-16967b134701,1.295e+08,0.7,1.295
1658110747,API3USDT,Sell,51.4,1.848,MinusTick,88eb8674-d7b6-5fac-970c-19a45e810b8f,9.49872e+09,51.4,94.9872
1658110747,API3USDT,Sell,32.6,1.848,ZeroMinusTick,9b320685-f6e4-5258-ab75-39fa9736868b,6.024480000000001e+09,32.6,60.244800000000005
1658110747,API3USDT,Sell,75,1.847,MinusTick,1c92eb9d-d76e-5663-b6a7-bbaf1ce7ec42,1.38525e+10,75,138.525
1658110747,API3USDT,Sell,155.4,1.847,ZeroMinusTick,d21167dd-401c-54f7-ad20-0de1d0e242b8,2.870238e+10,155.4,287.0238
1658110747,API3USDT,Sell,230.4,1.847,ZeroMinusTick,e8dff1a6-e241-5594-970d-a1e7f8be0e46,4.255488e+10,230.4,425.5488
1658110747,API3USDT,Sell,17.4,1.847,ZeroMinusTick,43b192e1-d19b-53a6-b547-0db69e872ca1,3.21378e+09,17.4,32.1378
1658110747,API3USDT,Sell,87.2,1.847,ZeroMinusTick,88b666b7-5a58-5c15-8739-6a9c676b5880,1.610584e+10,87.2,161.0584
1658110761,API3USDT,Buy,54,1.847,ZeroMinusTick,938413ea-4d21-5c89-9b6f-e7c1cd4e2bf6,9.9738e+09,54,99.738
1658110761,API3USDT,Buy,180.1,1.847,ZeroMinusTick,45340888-c387-56fb-9d6a-5ade6d648ecf,3.326447e+10,180.1,332.6447
1658110761,API3USDT,Buy,222.9,1.847,ZeroMinusTick,9f33353f-1291-516e-aa7a-ac28ce27b3f8,4.116963e+10,222.9,411.6963
1658110761,API3USDT,Buy,3.2,1.847,ZeroMinusTick,94439f09-7f31-5fa0-a622-355f8261375b,5.9104e+08,3.2,5.9104
1658110838,API3USDT,Buy,54,1.847,ZeroMinusTick,f2ed3b44-f335-52cf-a195-4c75586fe325,9.9738e+09,54,99.738
1658110838,API3USDT,Buy,100,1.848,PlusTick,2959c4f8-386c-5755-afb4-70aa00f2c9e7,1.848e+10,100,184.8
1658110838,API3USDT,Sell,203,1.848,ZeroMinusTick,c5b78446-0362-540b-9e85-78c4633fb9f3,3.75144e+10,203,375.144
1658110845,API3USDT,Sell,59.8,1.848,ZeroMinusTick,9bfa7c06-51e4-5ea2-8e78-ec17557eb625,1.105104e+10,59.8,110.5104
1658110845,API3USDT,Sell,50.8,1.848,ZeroMinusTick,458582d0-de70-53a0-82cd-5b6aba073f37,9.38784e+09,50.8,93.8784
