timestamp,symbol,side,size,price,tickDirection,trdMatchID,grossValue,homeNotional,foreignNotional
1658102430,XMRUSDT,Buy,2,136.05,PlusTick,16557140-8c55-57ff-8d35-aa00a5289d95,2.7210000000000004e+10,2,272.1
1658102430,XMRUSDT,Buy,11.88,136.05,ZeroMinusTick,34bcbebe-c46a-5b4c-acc2-47b51ae9249b,1.6162740000000003e+11,11.88,1616.2740000000003
1658102430,XMRUSDT,Buy,0.63,136.05,ZeroMinusTick,c3a6a49a-a8e1-56b7-83fe-7a14a7dee966,8.57115e+09,0.63,85.7115
1658102430,XMRUSDT,Buy,6.37,136.05,ZeroMinusTick,843e3bf6-9527-5422-9d11-1fb300072a23,8.666385000000002e+10,6.37,866.6385000000001
1658102432,XMRUSDT,Buy,0.11,136.15,PlusTick,c60316d2-026e-59b8-abb4-ad5de6e8fb32,1.4976500000000002e+09,0.11,14.976500000000001
1658102434,XMRUSDT,Sell,7,136.00,MinusTick,0e18b4d5-e048-5538-be7c-a38bd59d938b,9.52e+10,7,952
1658102442,XMRUSDT,Buy,0.02,136.00,ZeroMinusTick,2c8bcccd-f5af-5d78-820e-521b0564a640,2.72e+08,0.02,2.72
1658102442,XMRUSDT,Buy,0.07,136.00,ZeroMinusTick,dfb25fcd-8750-55a0-9776-1bd25273d0b9,9.520000000000001e+08,0.07,9.520000000000001
1658102442,XMRUSDT,Buy,0.03,136.00,ZeroMinusTick,1e512206-41a3-53fd-b26d-4a6eb26436e0,4.08e+08,0.03,4.08
1658102465,XMRUSDT,Sell,0.02,135.75,MinusTick,5a1d2187-d451-5607-a8d8-4e8a98d3dc4c,2.715e+08,0.02,2.715
1658102477,XMRUSDT,Sell,0.07,135.90,PlusTick,71159f0c-456c-5cbf-a3a9-4c494292e4b1,9.513000000000001e+08,0.07,9.513000000000002
1658102479,XMRUSDT,Sell,0.03,135.90,ZeroMinusTick,32b39679-4f6d-590d-a4d5-028da88ba3fa,4.077e+08,0.03,4.077
1658102565,XMRUSDT,Sell,0.06,136.10,PlusTick,918b98bf-c559-5866-940e-8e9ba8a5c751,8.165999999999999e+08,0.06,8.165999999999999
1658102566,XMRUSDT,Buy,0.06,136.15,PlusTick,5def1b3b-b5a3-5368-9a30-e6b2330e9f53,8.169e+08,0.06,8.169
1658102569,XMRUSDT,Sell,0.09,136.20,PlusTick,4c26f2a5-d49b-5cb6-8407-780372df69e5,1.2258e+09,0.09,12.258
1658102572,XMRUSDT,Buy,0.18,136.30,PlusTick,b98ceeab-98cc-574e-bff6-5fb231ab6a06,2.4534000000000005e+09,0.18,24.534000000000002
1658102573,XMRUSDT,Sell,0.22,136.25,MinusTick,a7123df5-06fd-5059-bf40-d95978124bc9,2.9975e+09,0.22,29.975
1658102636,XMRUSDT,Buy,2.42,136.30,PlusTick,9ecabcee-9c70-5948-b2cc-9b735cad12a8,3.29846e+10,2.42,329.846
1658102710,XMRUSDT,Buy,7,136.55,PlusTick,188639e7-efdf-51bf-8d2b-3ee48bcb067b,9.558500000000002e+10,7,955.8500000000001
1658102719,XMRUSDT,Buy,4.4,136.70,PlusTick,af298cdd-6c30-568b-ac43-145f023ee460,6.0148e+10,4.4,601.48
1658102719,XMRUSDT,Buy,6.18,136.70,ZeroMinusTick,0c62f22a-0b80-5c15-953b-7afda48539b3,8.44806e+10,6.18,844.8059999999999
1658102742,XMRUSDT,Sell,0.01,136.55,MinusTick,39cb0dd6-70fd-5b7b-8f72-97467da4e69d,1.3655000000000003e+08,0.01,1.3655000000000002
1658102764,XMRUSDT,Buy,7,136.70,PlusTick,21ffd490-90e1-5d89-9e24-3bc3018bd4e7,9.568999999999998e+10,7,956.8999999999999
1658102777,XMRUSDT,Sell,7,136.75,PlusTick,c4172325-6c9e-5224-b9da-743602ccdbb7,9.5725e+10,7,957.25
1658102781,XMRUSDT,Buy,0.28,136.70,MinusTick,b013ac76-6e86-5d51-8ae0-13821d296d09,3.8276000000000005e+09,0.28,38.276
1658102792,XMRUSDT,Sell,0.17,136.75,PlusTick,0f04da17-384b-5baf-857f-2b9a46d90c05,2.32475e+09,0.17,23.247500000000002
1658102793,XMRUSDT,Sell,6.83,136.75,ZeroMinusTick,c0605b82-5e23-57e0-b890-84c0975b69d2,9.340025e+10,6.83,934.0025
1658102822,XMRUSDT,Buy,7,136.95,PlusTick,9c0de87a-b8a8-50ce-9d9e-739da87ca577,9.586499999999998e+10,7,958.6499999999999
1658102842,XMRUSDT,Sell,7,137.00,PlusTick,58641267-bb6b-5ada-9002-7c342122aeb2,9.59e+10,7,959
1658102917,XMRUSDT,Buy,0.22,137.15,PlusTick,7d354a8e-91ca-515b-bc7d-444e180f1542,3.0173e+09,0.22,30.173000000000002
1658102917,XMRUSDT,Buy,0.97,137.15,ZeroMinusTick,9da6809d-25c7-56ef-8ac7-41420b1d9b35,1.3303550000000002e+10,0.97,133.0355
1658102918,XMRUSDT,Buy,0.06,137.15,ZeroMinusTick,92dc4e62-bcf2-5947-a420-fa5f3c61f82c,8.228999999999999e+08,0.06,8.229
1658102920,XMRUSDT,Sell,0.53,137.10,MinusTick,80493208-633d-5b43-b2cb-8e85c4db903d,7.2663e+09,0.53,72.663
1658102922,XMRUSDT,Buy,0.01,137.10,ZeroMinusTick,0c10110c-6cdc-5eb5-8588-436e795b4924,1.371e+08,0.01,1.371
1658102963,XMRUSDT,Buy,0.09,137.05,MinusTick,6cc659c3-e683-558b-871b-b92bc125f698,1.23345e+09,0.09,12.3345
1658102976,XMRUSDT,Sell,0.08,137.00,MinusTick,d44f9c0d-1d4a-5fa7-8403-445cfa5bd67e,1.096e+09,0.08,10.96
1658102977,XMRUSDT,Sell,0.08,136.95,MinusTick,3aa0520b-257c-5aa9-aa6f-a14f60a46779,1.0956e+09,0.08,10.956
1658103042,XMRUSDT,Buy,0.05,136.85,MinusTick,0b4c0f98-d8a0-59f6-862d-327841132c94,6.8425e+08,0.05,6.8425
1658103122,XMRUSDT,Buy,3.6,137.20,PlusTick,650444c7-dfa3-5828-b527-229e05d2590d,4.939199999999999e+10,3.6,493.91999999999996
1658103122,XMRUSDT,Buy,7,137.20,ZeroMinusTick,f9d6246f-7fef-5996-8b68-3f8c953a0b72,9.603999999999998e+10,7,960.3999999999999
1658103122,XMRUSDT,Buy,12.28,137.20,ZeroMinusTick,c5a4f5c8-0c3d-5887-b309-62d8458232d0,1.6848159999999997e+11,12.28,1684.8159999999998
1658103151,XMRUSDT,Sell,0.45,137.15,MinusTick,171ad76e-91ad-5f55-b4ec-2924b71c0b6c,6.17175e+09,0.45,61.7175
1658103151,XMRUSDT,Sell,0.47,137.15,ZeroMinusTick,39151f65-bed4-561c-9cc1-b31f64c320e9,6.44605e+09,0.47,64.4605
1658103192,XMRUSDT,Sell,0.14,137.00,MinusTick,4ded27bf-8e2e-5cfe-a261-0a00eea42ec7,1.9180000000000002e+09,0.14,19.180000000000003
1658103208,XMRUSDT,Sell,0.49,137.10,PlusTick,7fb4d7d4-c7b1-5fc6-991f-826dddcd69e4,6.7179e+09,0.49,67.179
1658103225,XMRUSDT,Sell,0.51,137.10,ZeroMinusTick,9d01892f-4856-54f5-a5c5-9f10a89aa4a2,6.992099999999999e+09,0.51,69.92099999999999
1658103225,XMRUSDT,Sell,1.07,137.10,ZeroMinusTick,9a4613cd-761d-590c-b11e-03e607fa70af,1.46697e+10,1.07,146.697
1658103272,XMRUSDT,Sell,0.12,137.20,PlusTick,a3508ea9-3fc8-5d0d-a44d-ba2939059e97,1.6463999999999998e+09,0.12,16.464
1658103320,XMRUSDT,Buy,0.4,137.30,PlusTick,60f906bc-19f9-59a2-841b-6043289c96f9,5.492000000000001e+09,0.4,54.92000000000001
1658103353,XMRUSDT,Sell,0.04,137.15,MinusTick,dcc6191e-b597-5805-bb7c-6c6cf59d87dd,5.486000000000001e+08,0.04,5.486000000000001
1658103361,XMRUSDT,Sell,22.83,137.05,MinusTick,7818fe43-f2b5-55eb-b5e4-be50c09f33d2,3.1288515e+11,22.83,3128.8515
1658103361,XMRUSDT,Sell,0.24,137.05,ZeroMinusTick,972580f8-6b31-565b-990c-3cabe7496de9,3.2892000000000005e+09,0.24,32.892
1658103361,XMRUSDT,Sell,0.36,136.95,MinusTick,c0846d64-61ff-5a87-901c-cb1a6824a4f1,4.930199999999999e+09,0.36,49.30199999999999
1658103361,XMRUSDT,Sell,1.11,136.95,ZeroMinusTick,d6435155-6db3-5534-b05a-476caeb981de,1.520145e+10,1.11,152.0145
1658103361,XMRUSDT,Sell,1,136.95,ZeroMinusTick,60b4a325-abfe-5564-9e58-2f6f8f356219,1.3694999999999998e+10,1,136.95
1658103361,XMRUSDT,Sell,0.63,136.90,MinusTick,a9403827-cd66-5eb6-a031-d38776f484ec,8.6247e+09,0.63,86.247
1658103361,XMRUSDT,Sell,3.28,136.90,ZeroMinusTick,016c5582-ffc2-5b55-894d-c9830debb0c7,4.49032e+10,3.28,449.032
1658103362,XMRUSDT,Sell,0.97,136.95,PlusTick,9cec234a-a119-5aed-aadb-e56c7c23b87e,1.328415e+10,0.97,132.8415
1658103362,XMRUSDT,Sell,0.95,136.95,ZeroMinusTick,7df3c47d-8e64-5b12-962a-2acdcf4ae58e,1.301025e+10,0.95,130.1025
1658103362,XMRUSDT,Sell,2.89,136.90,MinusTick,ed79a042-b25a-5106-84b6-7e9748f00a10,3.95641e+10,2.89,395.641
1658103362,XMRUSDT,Sell,1.92,136.90,ZeroMinusTick,54d8389d-9a4b-5aa5-9f55-13bfae7b9f1c,2.62848e+10,1.92,262.848
1658103362,XMRUSDT,Sell,0.97,136.90,ZeroMinusTick,9c8bc3d7-a34b-5134-9341-e1c8a6667d5c,1.32793e+10,0.97,132.793
1658103367,XMRUSDT,Sell,0.88,136.85,MinusTick,fdb6ffad-45b9-56c8-8cd4-0fe455d604b4,1.20428e+10,0.88,120.428
1658103483,XMRUSDT,Sell,1.93,137.00,PlusTick,fa1c0882-0c89-58b7-b874-ef9c2d178ae9,2.6440999999999996e+10,1.93,264.40999999999997
1658103483,XMRUSDT,Sell,5.07,137.00,ZeroMinusTick,4beb5ce0-58bc-5145-9ffa-b20cde3c4fa1,6.9459e+10,5.07,694.59
1658103493,XMRUSDT,Buy,0.06,137.00,ZeroMinusTick,0198e517-0f3a-5604-b9a9-c69f484e02b0,8.219999999999999e+08,0.06,8.219999999999999
1658103533,XMRUSDT,Buy,2.54,137.05,PlusTick,2a0853e1-ce45-509b-995e-a15ddb8c710b,3.48107e+10,2.54,348.107
1658103553,XMRUSDT,Buy,0.05,137.10,PlusTick,b0952112-6844-5b84-9aa9-906f4edd86f4,6.855e+08,0.05,6.855
1658103585,XMRUSDT,Sell,0.09,137.15,PlusTick,f3bd370f-b82a-556d-b966-c87349a9b95e,1.23435e+09,0.09,12.3435
1658103621,XMRUSDT,Sell,7,137.10,MinusTick,9a392b6b-cef5-5c5a-8049-3039c3b14868,9.597e+10,7,959.6999999999999
1658103671,XMRUSDT,Sell,7,137.10,ZeroMinusTick,d0399ba5-e7e4-53ca-8c27-e3e491db727c,9.597e+10,7,959.6999999999999
1658103753,XMRUSDT,Sell,0.01,137.40,PlusTick,69dfa32b-fdc3-54c0-a1e4-bf8979b73a4f,1.374e+08,0.01,1.374
1658103776,XMRUSDT,Sell,6.92,137.50,PlusTick,de6d3890-8f37-557e-9a44-a6764ea98ada,9.515e+10,6.92,951.5
1658103781,XMRUSDT,Buy,0.34,137.60,PlusTick,dece66c5-1b7c-58cc-8247-84d2fa704a99,4.6784e+09,0.34,46.784
1658103792,XMRUSDT,Sell,0.08,137.65,PlusTick,6c464345-973c-55ba-b07b-618361bfb943,1.1012e+09,0.08,11.012
1658103792,XMRUSDT,Sell,7,137.65,ZeroMinusTick,fa3df242-7caa-574d-8ceb-916027f07dfd,9.6355e+10,7,963.5500000000001
1658103811,XMRUSDT,Buy,1.92,137.75,PlusTick,8c68637b-9e76-542e-afd1-3bcc8678a3da,2.6448e+10,1.92,264.48
1658103812,XMRUSDT,Sell,11.45,137.75,ZeroMinusTick,f6d57017-44eb-502a-ae5f-efc7b27911f5,1.5772375e+11,11.45,1577.2375
1658103820,XMRUSDT,Buy,12.28,137.75,ZeroMinusTick,2bc794b4-d447-5f3d-b58c-ee6d0a4e8873,1.69157e+11,12.28,1691.57
1658103820,XMRUSDT,Buy,1.92,137.75,ZeroMinusTick,53e1e34d-71a7-57ec-96d4-268c7d57224e,2.6448e+10,1.92,264.48
1658103820,XMRUSDT,Buy,7,137.75,ZeroMinusTick,3f33f6a0-4b4e-556e-b08c-796f9f4f6287,9.6425e+10,7,964.25
1658103820,XMRUSDT,Buy,3.91,137.80,PlusTick,eafcb871-cf41-5e7f-8e97-88bbcaaa72bb,5.3879800000000015e+10,3.91,538.7980000000001
1658103820,XMRUSDT,Buy,1.92,137.80,ZeroMinusTick,e19303a8-cf86-5e14-8a92-5e93ec0e4154,2.6457600000000004e+10,1.92,264.576
1658103820,XMRUSDT,Buy,1.45,137.80,ZeroMinusTick,f904f631-f97c-5d8a-9e21-6a0e1da000ec,1.9981e+10,1.45,199.81
1658103820,XMRUSDT,Buy,19.72,137.80,ZeroMinusTick,46352283-0d92-5281-af54-2959740fc6ec,2.7174160000000003e+11,19.72,2717.416
1658103820,XMRUSDT,Buy,3.91,137.85,PlusTick,66a15a05-e599-5daf-a884-ba7335b1a277,5.389935000000001e+10,3.91,538.9935
1658103820,XMRUSDT,Buy,1.47,137.85,ZeroMinusTick,5ac6f1d2-3f85-5e0b-807f-b0ad75b2b261,2.026395e+10,1.47,202.6395
1658103820,XMRUSDT,Buy,13.88,137.85,ZeroMinusTick,afbef88d-d879-5ca1-8129-202746d30940,1.913358e+11,13.88,1913.358
1658103820,XMRUSDT,Buy,12.42,137.85,ZeroMinusTick,f5b99ec2-c0ee-5dab-aeb9-5f10aa9ffcfc,1.712097e+11,12.42,1712.097
1658103820,XMRUSDT,Buy,0.08,137.90,PlusTick,a069f8bf-a0e3-5dbe-8f15-abfeae9ba4a8,1.1032e+09,0.08,11.032
1658103820,XMRUSDT,Buy,1.47,137.95,PlusTick,547b43f3-fa5f-5c7d-b726-88370897a3c6,2.027865e+10,1.47,202.7865
1658103820,XMRUSDT,Buy,3.82,137.95,ZeroMinusTick,88f49517-e2b8-5609-828f-e4352e1a9acb,5.269689999999999e+10,3.82,526.9689999999999
1658103820,XMRUSDT,Buy,1.98,137.95,ZeroMinusTick,7a5672d2-5eb6-5725-b60c-937677e00a89,2.7314099999999996e+10,1.98,273.14099999999996
1658103820,XMRUSDT,Buy,2.71,138.00,PlusTick,f0524124-06dd-52bf-a920-86b7d9619da1,3.7398e+10,2.71,373.98
1658103820,XMRUSDT,Buy,0.38,138.00,ZeroMinusTick,5e6a915a-639f-53bb-bf76-1956b4c0229b,5.244e+09,0.38,52.44
1658103820,XMRUSDT,Buy,18.13,137.95,MinusTick,a8f17855-5b55-55f6-9963-60116cbad8ae,2.5010334999999997e+11,18.13,2501.0334999999995
1658103820,XMRUSDT,Buy,1.59,138.00,PlusTick,568358c6-2d91-55c0-a57e-4672760b0c56,2.1942e+10,1.59,219.42000000000002
1658103820,XMRUSDT,Buy,15.04,138.00,ZeroMinusTick,28f0e6a2-5c5c-5772-affe-511220bffe04,2.07552e+11,15.04,2075.52
1658103820,XMRUSDT,Buy,15.16,138.05,PlusTick,2453be48-18ba-5cb3-891d-e9fe29af64a6,2.0928380000000003e+11,15.16,2092.838
1658103820,XMRUSDT,Buy,0.19,138.10,PlusTick,9d9aeb98-09ec-5a45-a573-b5f4eebb4185,2.6239e+09,0.19,26.239
1658103820,XMRUSDT,Buy,2.02,138.10,ZeroMinusTick,3486bbc9-3444-5305-bc6d-7acfaa80463f,2.78962e+10,2.02,278.962
1658103820,XMRUSDT,Buy,0.19,138.10,ZeroMinusTick,0e3246bb-0f3e-51d9-a19a-9e4b4530f38c,2.6239e+09,0.19,26.239
1658103820,XMRUSDT,Buy,0.19,138.10,ZeroMinusTick,95a40dbe-67cc-5fda-b020-e0821a41fa26,2.6239e+09,0.19,26.239
1658103820,XMRUSDT,Buy,0.19,138.10,ZeroMinusTick,dd33079b-50a8-559d-a656-7bee59ddab67,2.6239e+09,0.19,26.239
1658103821,XMRUSDT,Buy,18.13,138.20,PlusTick,23a49ea8-7ed3-5109-b57e-b6afa606e1d0,2.5055659999999997e+11,18.13,2505.566
1658103821,XMRUSDT,Buy,9.89,138.25,PlusTick,1403dead-16cd-5494-b770-7bf68bccf676,1.3672925e+11,9.89,1367.2925
1658103821,XMRUSDT,Buy,7,138.20,MinusTick,cbaba1c6-490c-5693-822c-95215076bd3a,9.673999999999998e+10,7,967.3999999999999
1658103821,XMRUSDT,Buy,10.4,138.35,PlusTick,5c970813-37a6-5215-85eb-bb2e0b855ebd,1.43884e+11,10.4,1438.84
1658103821,XMRUSDT,Buy,3.61,138.35,ZeroMinusTick,6afd18fe-0bf1-537a-af73-2d45783f58d6,4.994435e+10,3.61,499.4435
1658103821,XMRUSDT,Buy,0.1,138.50,PlusTick,064788e9-3cfb-5e4a-b0e1-f2c2e4e46d89,1.3850000000000002e+09,0.1,13.850000000000001
1658103821,XMRUSDT,Buy,1.78,138.50,ZeroMinusTick,4a42a290-fbbb-52d6-999d-376a8041ca2f,2.4653e+10,1.78,246.53
1658103821,XMRUSDT,Buy,0.5,138.50,ZeroMinusTick,ee2d9b34-c5ed-5def-81ec-2334b32c8277,6.925e+09,0.5,69.25
1658103821,XMRUSDT,Buy,7,138.25,MinusTick,d9fc3a3d-47a1-575b-a077-147400ded232,9.6775e+10,7,967.75
1658103821,XMRUSDT,Buy,12.28,138.25,ZeroMinusTick,0c1cca4b-0d51-529d-a5bf-a768db228054,1.6977099999999997e+11,12.28,1697.7099999999998
1658103821,XMRUSDT,Sell,0.27,138.30,PlusTick,6133c395-601d-5d97-9245-3ee6cc001a97,3.734100000000001e+09,0.27,37.34100000000001
1658103821,XMRUSDT,Sell,0.64,138.25,MinusTick,bfaf0bcc-8adc-54a5-81e7-fd102d5aefd7,8.848e+09,0.64,88.48
1658103821,XMRUSDT,Sell,0.64,138.25,ZeroMinusTick,f6e8badd-7d70-5e2a-954a-305c6b7f83db,8.848e+09,0.64,88.48
1658103821,XMRUSDT,Sell,0.08,138.25,ZeroMinusTick,6d84fba5-dade-546f-b7b8-f222f2485b03,1.106e+09,0.08,11.06
1658103825,XMRUSDT,Sell,0.27,138.20,MinusTick,37186446-a48f-5666-b614-e2a78675476f,3.7314e+09,0.27,37.314
1658103829,XMRUSDT,Buy,1.92,138.20,ZeroMinusTick,51de0056-0835-59ab-9954-b9ea61125a91,2.65344e+10,1.92,265.344
1658103829,XMRUSDT,Buy,11.61,138.20,ZeroMinusTick,88303d44-bfe7-5c20-beb7-f609c0b1a70f,1.6045019999999997e+11,11.61,1604.5019999999997
1658103829,XMRUSDT,Buy,0.67,138.20,ZeroMinusTick,99b251c0-c4f9-58f6-a649-a487f990cdcf,9.2594e+09,0.67,92.594
1658103829,XMRUSDT,Buy,7,138.20,ZeroMinusTick,23628845-ca18-5bc9-9c07-14ef0360a723,9.673999999999998e+10,7,967.3999999999999
1658103829,XMRUSDT,Buy,1.92,138.25,PlusTick,d3b427d4-9fc3-5a98-a641-7fd13694fd95,2.6544e+10,1.92,265.44
1658103829,XMRUSDT,Buy,9.95,138.25,ZeroMinusTick,2e5813f9-1e62-55fd-bb19-af0b6a2c4f2a,1.3755875e+11,9.95,1375.5874999999999
1658103829,XMRUSDT,Buy,9.77,138.25,ZeroMinusTick,3cab45b5-3eca-5414-9891-f6e892a437d7,1.3507024999999998e+11,9.77,1350.7024999999999
1658103829,XMRUSDT,Buy,2.51,138.25,ZeroMinusTick,3672a5dc-f44a-567b-a847-2f137a361471,3.470075e+10,2.51,347.0075
1658103829,XMRUSDT,Buy,4.49,138.25,ZeroMinusTick,b9bfc87d-ce00-56d4-9cfb-89a155045f31,6.207425000000001e+10,4.49,620.7425000000001
1658103829,XMRUSDT,Buy,1.47,138.35,PlusTick,9d278696-679f-5151-bbcf-f8e23039c80b,2.033745e+10,1.47,203.37449999999998
1658103829,XMRUSDT,Buy,3.91,138.35,ZeroMinusTick,363b6a43-f170-579c-8227-34c569cb9b50,5.409485e+10,3.91,540.9485
1658103829,XMRUSDT,Buy,2.41,138.35,ZeroMinusTick,586b89a1-2e87-5eff-916a-0fe2d6afbcc5,3.334235e+10,2.41,333.4235
1658103829,XMRUSDT,Buy,11.47,138.35,ZeroMinusTick,7868b8df-8738-5f95-9330-be30e1a4a14a,1.5868745e+11,11.47,1586.8745000000001
1658103829,XMRUSDT,Buy,5.59,138.40,PlusTick,34975bc3-4ebd-53b7-8d46-2ab1654a5868,7.73656e+10,5.59,773.6560000000001
1658103829,XMRUSDT,Buy,5.73,138.45,PlusTick,4b792737-6481-5e7e-b1e0-ab21cf4bc5fd,7.933185e+10,5.73,793.3185
1658103829,XMRUSDT,Buy,3.32,138.45,ZeroMinusTick,e721f7a8-63e2-5c77-a531-648a67dc5e96,4.596539999999999e+10,3.32,459.65399999999994
1658103829,XMRUSDT,Buy,1.47,138.45,ZeroMinusTick,5ae85bd4-1d75-57cb-8a18-75070657edad,2.0352149999999996e+10,1.47,203.52149999999997
1658103829,XMRUSDT,Buy,3.91,138.45,ZeroMinusTick,b2c4148e-6e30-5455-bf3e-979e6d04cf0e,5.413394999999999e+10,3.91,541.3394999999999
1658103829,XMRUSDT,Buy,144,138.50,PlusTick,52c67e1c-ff3c-52aa-ae75-b49109e86774,1.9944e+12,144,19944
1658103829,XMRUSDT,Buy,0.13,138.50,ZeroMinusTick,858b8259-465d-5c4d-80ae-71d55df265f5,1.8005e+09,0.13,18.005
1658103829,XMRUSDT,Buy,2.1,138.55,PlusTick,f239306b-f89e-52bf-8c2a-60358ed20c70,2.9095500000000004e+10,2.1,290.95500000000004
1658103829,XMRUSDT,Buy,0.08,138.55,ZeroMinusTick,f9d17e8a-6a0b-50b5-b16e-61b6e9e28a23,1.1084000000000002e+09,0.08,11.084000000000001
1658103829,XMRUSDT,Buy,0.02,138.55,ZeroMinusTick,0f04ff72-6dcf-5eff-a867-c1b6764c17f0,2.7710000000000006e+08,0.02,2.7710000000000004
1658103829,XMRUSDT,Buy,0.41,138.55,ZeroMinusTick,0bbb7d46-e824-5d42-9b19-b9126287cca5,5.68055e+09,0.41,56.8055
1658103829,XMRUSDT,Buy,0.23,138.55,ZeroMinusTick,03fd6177-f2c3-58d2-882d-b66dae8d9a05,3.1866500000000005e+09,0.23,31.866500000000006
1658103829,XMRUSDT,Buy,0.43,138.55,ZeroMinusTick,bb26157b-e24e-5e26-8d1f-e0ed166c84bd,5.95765e+09,0.43,59.5765
1658103829,XMRUSDT,Buy,0.07,138.60,PlusTick,1b5576ce-12a4-5de7-af38-3e4667607878,9.702e+08,0.07,9.702
1658103829,XMRUSDT,Buy,0.13,138.60,ZeroMinusTick,09638967-b5ec-5c08-8c53-9f5a028a88a6,1.8018e+09,0.13,18.018
1658103829,XMRUSDT,Buy,0.94,138.60,ZeroMinusTick,b977cd27-1360-57ec-afc0-9ae4aa409170,1.30284e+10,0.94,130.284
1658103829,XMRUSDT,Buy,0.91,138.60,ZeroMinusTick,b402dca7-9bfb-5d37-a2b9-5ec09ae55d9b,1.26126e+10,0.91,126.126
1658103829,XMRUSDT,Buy,0.86,138.60,ZeroMinusTick,b4b89aee-d7cc-5a47-b31e-28c98fdc922a,1.19196e+10,0.86,119.196
1658103829,XMRUSDT,Buy,0.04,138.65,PlusTick,4671b3cb-c810-5a61-974e-0f9138703ac4,5.546e+08,0.04,5.546
1658103829,XMRUSDT,Buy,2.4,138.65,ZeroMinusTick,d000ea73-e196-5e2e-ac0c-7d07e8ae1aaf,3.3276e+10,2.4,332.76
1658103829,XMRUSDT,Buy,1.07,138.65,ZeroMinusTick,84bf17db-a18e-51ad-a9e0-561d7718bfbd,1.483555e+10,1.07,148.3555
1658103829,XMRUSDT,Buy,3.47,138.65,ZeroMinusTick,b3766b7d-2027-51af-b7d9-9c318e684fc4,4.811155000000001e+10,3.47,481.11550000000005
1658103829,XMRUSDT,Buy,2.48,138.65,ZeroMinusTick,f73b6fcd-6097-59b4-8f79-ae169f523bd4,3.43852e+10,2.48,343.85200000000003
1658103829,XMRUSDT,Buy,1.43,138.65,ZeroMinusTick,6f58d39f-c529-5239-849b-9159357b001f,1.982695e+10,1.43,198.2695
1658103829,XMRUSDT,Buy,0.76,138.70,PlusTick,734483c9-d070-5b86-b551-d4f50c408925,1.05412e+10,0.76,105.41199999999999
1658103829,XMRUSDT,Buy,0.46,138.70,ZeroMinusTick,92de90af-efc5-5224-b7cb-8469cf897629,6.3802e+09,0.46,63.802
1658103829,XMRUSDT,Buy,0.13,138.75,PlusTick,7368b226-ede6-5f7a-a240-f4a7df69d76b,1.8037500000000002e+09,0.13,18.0375
1658103829,XMRUSDT,Buy,0.52,138.75,ZeroMinusTick,7ca0555c-b1ed-5dba-bcba-771f8700cdf6,7.215000000000001e+09,0.52,72.15
1658103829,XMRUSDT,Buy,0.06,138.75,ZeroMinusTick,a641c937-9470-5166-8cca-f90fd6620887,8.324999999999999e+08,0.06,8.325
1658103829,XMRUSDT,Buy,0.65,138.75,ZeroMinusTick,266efe86-588b-5076-9723-338f7c91103c,9.01875e+09,0.65,90.1875
1658103829,XMRUSDT,Buy,1.93,138.75,ZeroMinusTick,deba8cd8-2707-5e38-9fec-c26be05d31f3,2.6778749999999996e+10,1.93,267.78749999999997
1658103829,XMRUSDT,Buy,0.31,138.75,ZeroMinusTick,2252bec3-3233-52e7-9292-c19275aeeade,4.30125e+09,0.31,43.0125
1658103829,XMRUSDT,Buy,0.13,138.80,PlusTick,d03ab38b-4c64-5009-8f4f-a8d51ebb8285,1.8044e+09,0.13,18.044
1658103829,XMRUSDT,Buy,0.84,138.85,PlusTick,3a3fa972-5192-551e-8a6c-4b62134294c4,1.1663399999999998e+10,0.84,116.63399999999999
1658103829,XMRUSDT,Buy,2.84,138.90,PlusTick,9971ae66-c092-588c-8e60-9ef081852d6e,3.94476e+10,2.84,394.476
1658103829,XMRUSDT,Buy,0.9,138.60,MinusTick,4e388bb0-ddd5-5b1c-8b85-fd4579b65bad,1.2474e+10,0.9,124.74
1658103829,XMRUSDT,Buy,0.8,138.60,ZeroMinusTick,0d345d5a-a23d-5efa-9c7b-70d5ffc9186a,1.1088e+10,0.8,110.88
1658103829,XMRUSDT,Buy,4.03,138.60,ZeroMinusTick,b324883c-cc4f-5946-a1e1-3eaf24dc2103,5.58558e+10,4.03,558.558
1658103829,XMRUSDT,Buy,0.04,138.60,ZeroMinusTick,6cc31803-03ba-5f90-91b3-64a320f78e50,5.544e+08,0.04,5.544
1658103829,XMRUSDT,Buy,0.1,138.80,PlusTick,aefd0bc7-cb38-542d-b7df-6c0ef225c0bc,1.3880000000000002e+09,0.1,13.880000000000003
1658103829,XMRUSDT,Buy,0.8,138.80,ZeroMinusTick,1b17c8b8-5e09-5caf-a8b5-7266c23713df,1.1104000000000002e+10,0.8,111.04000000000002
1658103829,XMRUSDT,Sell,1.92,138.70,MinusTick,bf617900-f76c-57fc-83c5-dbee0c304714,2.6630399999999996e+10,1.92,266.304
1658103829,XMRUSDT,Buy,1.92,138.90,PlusTick,cc2a469e-0e92-5ae4-a0a4-8ac136d40e97,2.66688e+10,1.92,266.688
1658103829,XMRUSDT,Buy,0.48,138.90,ZeroMinusTick,2910a627-484f-549f-8f5c-e16282fc81cc,6.6672e+09,0.48,66.672
1658103829,XMRUSDT,Buy,1.92,138.80,MinusTick,5d8a80a6-a427-5eed-99ad-9d80367ca42c,2.6649600000000004e+10,1.92,266.49600000000004
1658103829,XMRUSDT,Buy,1.92,138.80,ZeroMinusTick,17bd8661-d72e-5efd-8c0a-b95d88013a25,2.6649600000000004e+10,1.92,266.49600000000004
1658103829,XMRUSDT,Buy,1.92,138.80,ZeroMinusTick,c7fe0049-8e0d-5701-836c-bb3a1baf257b,2.6649600000000004e+10,1.92,266.49600000000004
1658103829,XMRUSDT,Buy,6.52,138.80,ZeroMinusTick,bd387892-d281-57ec-abaa-2b39ca0a5a10,9.04976e+10,6.52,904.976
1658103829,XMRUSDT,Buy,1.92,138.85,PlusTick,4e58e427-3baa-532a-b700-8f5b4d64d56d,2.66592e+10,1.92,266.592
1658103829,XMRUSDT,Buy,3.11,138.85,ZeroMinusTick,6ef71189-cf55-5ed0-a08b-0e05ca946078,4.318235e+10,3.11,431.82349999999997
1658103829,XMRUSDT,Buy,3.11,138.85,ZeroMinusTick,f230fd03-d795-5da0-81a1-67b94bf83688,4.318235e+10,3.11,431.82349999999997
1658103829,XMRUSDT,Buy,0.78,138.85,ZeroMinusTick,e0eeeacc-9941-51c1-a4f4-37ce5b7eb12a,1.08303e+10,0.78,108.303
1658103829,XMRUSDT,Buy,2.33,138.90,PlusTick,ce9f6c44-d904-54a9-b73e-43d46b21956d,3.23637e+10,2.33,323.637
1658103829,XMRUSDT,Sell,0.64,138.75,MinusTick,278ffa1e-2b5b-5e12-94f2-f92df7e94c4c,8.88e+09,0.64,88.8
1658103829,XMRUSDT,Sell,0.64,138.75,ZeroMinusTick,3a1cb25f-8607-5208-a8ab-e366ff6dfa8f,8.88e+09,0.64,88.8
1658103829,XMRUSDT,Buy,1.47,138.95,PlusTick,ddcd77d7-7676-526a-8e9f-cd30761c11b8,2.042565e+10,1.47,204.2565
1658103829,XMRUSDT,Buy,1.47,138.95,ZeroMinusTick,d88f139c-0a3c-5279-8b2c-e79221392d07,2.042565e+10,1.47,204.2565
1658103829,XMRUSDT,Buy,0.45,138.95,ZeroMinusTick,64435c29-4262-5db1-909f-05e89e4384bd,6.25275e+09,0.45,62.527499999999996
1658103830,XMRUSDT,Buy,5.4,138.85,MinusTick,ca108b41-844f-5839-95f4-e1900d5b5462,7.4979e+10,5.4,749.79
1658103830,XMRUSDT,Buy,0.08,138.85,ZeroMinusTick,0311503c-8c03-557d-9127-bda3347a49aa,1.1108e+09,0.08,11.108
1658103830,XMRUSDT,Buy,5.32,138.85,ZeroMinusTick,42dddb99-f12a-52cd-afdf-f5258cfdff34,7.38682e+10,5.32,738.682
1658103830,XMRUSDT,Buy,1.92,138.85,ZeroMinusTick,4666df79-4e46-5ed1-aaff-d60c7211de37,2.66592e+10,1.92,266.592
1658103830,XMRUSDT,Buy,7,138.85,ZeroMinusTick,86e1459e-8559-5a42-89f0-f6ff903c659d,9.7195e+10,7,971.9499999999999
1658103830,XMRUSDT,Buy,6.66,138.90,PlusTick,00d173d7-512e-52f5-b26c-e37f0c3e5e06,9.25074e+10,6.66,925.0740000000001
1658103830,XMRUSDT,Buy,2,138.90,ZeroMinusTick,7085eee6-a7f8-5f81-864a-e9c04237b73a,2.778e+10,2,277.8
1658103830,XMRUSDT,Buy,3.91,138.90,ZeroMinusTick,bf10caee-7924-551c-903e-a7f004a2de89,5.430990000000001e+10,3.91,543.099
1658103830,XMRUSDT,Buy,7,138.90,ZeroMinusTick,5ecc9191-1a67-5e15-92e6-2260923c322e,9.723e+10,7,972.3000000000001
1658103831,XMRUSDT,Buy,3.91,139.00,PlusTick,286753ab-0f8b-5827-95f5-138e72447068,5.4349e+10,3.91,543.49
1658103831,XMRUSDT,Buy,26.36,139.05,PlusTick,c6193c71-a192-554d-9728-b93b3952ccbb,3.665358e+11,26.36,3665.358
1658103831,XMRUSDT,Buy,0.08,139.05,ZeroMinusTick,7d002807-b84e-54c8-afac-3945230fb5b8,1.1124e+09,0.08,11.124
1658103831,XMRUSDT,Buy,1.92,139.10,PlusTick,87f8e96b-276f-538a-a43e-247131e19b6b,2.67072e+10,1.92,267.072
1658103831,XMRUSDT,Buy,5.39,139.10,ZeroMinusTick,8d8362b6-af26-560c-8835-483715ced63c,7.497489999999998e+10,5.39,749.7489999999999
1658103831,XMRUSDT,Buy,1.39,139.10,ZeroMinusTick,1694ce98-decc-572d-91ba-8375f7e6b3c4,1.93349e+10,1.39,193.349
1658103831,XMRUSDT,Buy,1.39,139.10,ZeroMinusTick,9b0a5e43-a95c-5c92-91c2-dd1c3ca3eff7,1.93349e+10,1.39,193.349
1658103831,XMRUSDT,Buy,2.61,139.10,ZeroMinusTick,2c55d822-3228-56a4-b930-566c0ff78abf,3.63051e+10,2.61,363.051
1658103831,XMRUSDT,Buy,1.47,139.15,PlusTick,198d2ecf-d6aa-5cc0-93b3-b964b0c4510a,2.045505e+10,1.47,204.5505
1658103831,XMRUSDT,Buy,0.57,139.15,ZeroMinusTick,93210592-2f1a-541a-8de9-979cf56931e6,7.93155e+09,0.57,79.3155
1658103831,XMRUSDT,Buy,4,139.15,ZeroMinusTick,1d8f42f6-9de8-5c58-be03-8d320fbeeb45,5.566e+10,4,556.6
1658103832,XMRUSDT,Sell,0.08,139.05,MinusTick,145db2e2-c2f0-5234-8614-6c0a73885038,1.1124e+09,0.08,11.124
1658103832,XMRUSDT,Buy,1.92,139.00,MinusTick,fc3799d3-e3c2-57a1-bfd9-1569ceb23e5e,2.6688e+10,1.92,266.88
1658103832,XMRUSDT,Buy,7.17,139.00,ZeroMinusTick,83d10d12-c9ea-5508-9e8b-f02a9441b4b3,9.9663e+10,7.17,996.63
1658103832,XMRUSDT,Sell,2.84,138.95,MinusTick,145076bb-a3c1-5984-b5f5-bc932ff2d844,3.946179999999999e+10,2.84,394.61799999999994
1658103832,XMRUSDT,Sell,1.44,138.95,ZeroMinusTick,ad93f14b-bf20-5aff-b7e1-19c76fa864b8,2.0008799999999996e+10,1.44,200.08799999999997
1658103833,XMRUSDT,Sell,1.47,138.85,MinusTick,7502fd7b-eb04-547c-88d9-d287d8593102,2.041095e+10,1.47,204.1095
1658103835,XMRUSDT,Sell,1.47,138.65,MinusTick,f3df4916-c156-52db-8ed0-57d5586e5063,2.038155e+10,1.47,203.81550000000001
1658103840,XMRUSDT,Sell,2,138.55,MinusTick,45bf8480-b1fa-55d5-8108-5cf317bc82ce,2.7710000000000004e+10,2,277.1
1658103840,XMRUSDT,Sell,3.76,138.55,ZeroMinusTick,832075e8-f262-54ec-bad4-becbe86c5c79,5.20948e+10,3.76,520.948
1658103840,XMRUSDT,Sell,1.24,138.55,ZeroMinusTick,7696a1df-5a95-5790-86d5-6874c1a7eed2,1.7180200000000004e+10,1.24,171.80200000000002
1658103840,XMRUSDT,Sell,0.76,138.55,ZeroMinusTick,daa6c667-3051-53b4-8bf3-ab7934a70481,1.0529800000000002e+10,0.76,105.29800000000002
1658103841,XMRUSDT,Sell,4,138.50,MinusTick,31c1bb25-cfbb-5e14-b800-9fac8e1aabec,5.54e+10,4,554
1658103841,XMRUSDT,Sell,3,138.50,ZeroMinusTick,a1d4fc67-da02-5a47-b7f5-590da4f3049e,4.155e+10,3,415.5
1658103841,XMRUSDT,Sell,0.19,138.45,MinusTick,76dc230a-3268-57e8-a524-f4173174e4ab,2.63055e+09,0.19,26.3055
1658103853,XMRUSDT,Sell,0.03,138.55,PlusTick,86492e01-abba-5f55-8062-d9c7cd3feda1,4.1565000000000006e+08,0.03,4.1565
1658103853,XMRUSDT,Buy,3.91,138.60,PlusTick,8999f70d-91a4-5a6c-ad0c-a4adc4082e87,5.419260000000001e+10,3.91,541.926
1658103853,XMRUSDT,Buy,1.92,138.60,ZeroMinusTick,fc465c0f-0c90-55a8-9740-e5f76f1df19b,2.6611199999999996e+10,1.92,266.11199999999997
1658103853,XMRUSDT,Buy,1.78,138.60,ZeroMinusTick,7815497d-37df-5191-8ffa-db08bdb12163,2.46708e+10,1.78,246.708
1658103853,XMRUSDT,Buy,3.63,138.60,ZeroMinusTick,38a1a609-0988-58fc-b682-524555d2d0b7,5.031179999999999e+10,3.63,503.11799999999994
1658103853,XMRUSDT,Buy,7,138.60,ZeroMinusTick,f6767bba-2662-559a-876e-f51b509c1efc,9.702e+10,7,970.1999999999999
1658103853,XMRUSDT,Buy,1.43,138.60,ZeroMinusTick,564cb04c-325b-53c0-8e8e-058143138a84,1.9819799999999996e+10,1.43,198.19799999999998
1658103853,XMRUSDT,Buy,3.91,138.65,PlusTick,a498697b-e994-5e3f-8d75-8120a23f5558,5.421215000000001e+10,3.91,542.1215000000001
1658103853,XMRUSDT,Buy,1.47,138.65,ZeroMinusTick,47500cc7-bc27-545f-a6d5-b9a086d83ce3,2.038155e+10,1.47,203.81550000000001
1658103853,XMRUSDT,Buy,1.92,138.65,ZeroMinusTick,91fd3bc5-50bc-56c8-8e21-0776c90f51e4,2.6620800000000004e+10,1.92,266.208
1658103853,XMRUSDT,Buy,36.83,138.65,ZeroMinusTick,f49f1bf9-e64b-5c31-a136-507e171547ce,5.1064795000000006e+11,36.83,5106.4795
1658103853,XMRUSDT,Buy,1.47,138.75,PlusTick,2cfe9c35-d49e-5d09-ad62-a54603891650,2.039625e+10,1.47,203.9625
1658103853,XMRUSDT,Buy,0.43,138.75,ZeroMinusTick,5f373e24-7cc1-5d5c-b265-4b2b60b0d37d,5.96625e+09,0.43,59.6625
1658103853,XMRUSDT,Buy,1.92,138.75,ZeroMinusTick,d979d37f-feab-532d-8448-90aa7b068adf,2.6639999999999996e+10,1.92,266.4
1658103853,XMRUSDT,Buy,1.83,138.75,ZeroMinusTick,e9bdfe04-1247-5b29-8a9a-99f40f27ec01,2.5391250000000004e+10,1.83,253.91250000000002
1658103853,XMRUSDT,Buy,1.58,138.75,ZeroMinusTick,cb23faee-62cc-5983-91d8-749760e3d8ba,2.1922500000000004e+10,1.58,219.22500000000002
1658103853,XMRUSDT,Buy,1.82,138.80,PlusTick,d0f82f76-18dc-53d5-bfa1-bf6a0118b37d,2.5261600000000004e+10,1.82,252.61600000000004
1658103853,XMRUSDT,Buy,0.92,138.80,ZeroMinusTick,47487bd6-5827-5eee-8cbb-86118ab528ed,1.2769600000000002e+10,0.92,127.69600000000001
1658103853,XMRUSDT,Buy,1.47,138.85,PlusTick,fae1ba45-48fc-5b88-b78a-2bb254683a93,2.041095e+10,1.47,204.1095
1658103853,XMRUSDT,Buy,1.47,138.95,PlusTick,cd290691-40e2-5ee4-aa3b-defdfad75a4a,2.042565e+10,1.47,204.2565
1658103853,XMRUSDT,Buy,0.76,139.00,PlusTick,fc00d91c-cdaa-525b-a3f8-55975495ac14,1.0564e+10,0.76,105.64
1658103853,XMRUSDT,Buy,5.27,139.00,ZeroMinusTick,d83fbf2d-778b-5599-b29b-cbe8c43bb2b5,7.3253e+10,5.27,732.53
1658103853,XMRUSDT,Buy,0.13,139.00,ZeroMinusTick,c0d6528d-0277-5cae-b64f-62cead90f604,1.807e+09,0.13,18.07
1658103853,XMRUSDT,Buy,0.25,139.00,ZeroMinusTick,5b61f45f-9507-5a85-983d-27a0e4d2c09e,3.475e+09,0.25,34.75
1658103853,XMRUSDT,Buy,0.46,139.00,ZeroMinusTick,e21d49f8-7957-5537-8d7e-0e24ddfc1f27,6.394000000000001e+09,0.46,63.940000000000005
1658103853,XMRUSDT,Buy,5.03,139.00,ZeroMinusTick,d049a9c5-2ce7-55ea-8db9-7d293ec8fc61,6.9917e+10,5.03,699.1700000000001
1658103853,XMRUSDT,Buy,1.26,139.00,ZeroMinusTick,ae377b8c-9da8-5bf4-921c-d85c30f5c925,1.7514e+10,1.26,175.14000000000001
1658103853,XMRUSDT,Buy,1.47,139.05,PlusTick,f584e919-3e85-5dd7-a65f-a15bdc70e7f6,2.044035e+10,1.47,204.4035
1658103854,XMRUSDT,Buy,5.39,139.00,MinusTick,8cd843a9-4f96-5775-a38d-82e52ed9d9d4,7.492099999999998e+10,5.39,749.2099999999999
1658103854,XMRUSDT,Buy,3,139.05,PlusTick,4a826173-48ce-52b7-b04d-78b2ddb3fb55,4.1715e+10,3,417.15000000000003
1658103854,XMRUSDT,Buy,4,139.05,ZeroMinusTick,9a606997-5085-574e-a4ea-c1ff425d215e,5.562000000000001e+10,4,556.2
1658103855,XMRUSDT,Sell,1.47,139.05,ZeroMinusTick,f8944b8d-71a1-524c-a13d-288c44fc2a25,2.044035e+10,1.47,204.4035
1658103855,XMRUSDT,Sell,1.42,139.05,ZeroMinusTick,6825b766-293d-569e-b4db-86423979f45a,1.97451e+10,1.42,197.451
1658103855,XMRUSDT,Sell,1.01,139.05,ZeroMinusTick,1f4a2e8f-dfce-560e-8d55-6b9963458a3a,1.4044050000000002e+10,1.01,140.44050000000001
1658103861,XMRUSDT,Sell,1.44,139.00,MinusTick,9fb4c115-72e2-5975-b7ff-e4d39a7848ca,2.0016e+10,1.44,200.16
1658103875,XMRUSDT,Buy,7,138.95,MinusTick,de72776c-1399-5f1c-a77d-55d2dd9d1035,9.726499999999998e+10,7,972.6499999999999
1658103876,XMRUSDT,Buy,3.91,139.10,PlusTick,aef40ae1-fde0-51e5-8a71-fc0feddc16cb,5.43881e+10,3.91,543.881
1658103877,XMRUSDT,Sell,1.92,139.10,ZeroMinusTick,34789365-c72d-5b59-b1b6-0277106681c6,2.67072e+10,1.92,267.072
1658103877,XMRUSDT,Sell,7,139.10,ZeroMinusTick,8db7727f-07aa-5234-925c-097131c9bcb1,9.737e+10,7,973.6999999999999
1658103879,XMRUSDT,Sell,7,139.05,MinusTick,8e3690af-a0bb-502c-ba9e-0f670ad0025b,9.733500000000002e+10,7,973.3500000000001
1658103881,XMRUSDT,Sell,2,138.90,MinusTick,e67df2be-e105-57b1-ab2a-6a9d0b6f7003,2.778e+10,2,277.8
1658103881,XMRUSDT,Sell,5,138.90,ZeroMinusTick,e8f66047-1d93-5ef0-ac38-b43ed4d3ba4d,6.945e+10,5,694.5
1658103889,XMRUSDT,Sell,7,138.85,MinusTick,1f4279ca-3fc4-51e8-96d3-21523fdcaa94,9.7195e+10,7,971.9499999999999
1658103891,XMRUSDT,Sell,5.76,138.80,MinusTick,d0fb2aca-9e1b-547c-b0b9-b95a2766ea4c,7.99488e+10,5.76,799.488
1658103891,XMRUSDT,Sell,2,138.75,MinusTick,e0c0e1bf-47a0-5bf1-94c6-84d1408072f5,2.775e+10,2,277.5
1658103891,XMRUSDT,Sell,2.02,138.75,ZeroMinusTick,8cb8a6af-769b-5eab-bf88-bdf6766cee38,2.8027499999999996e+10,2.02,280.275
1658103891,XMRUSDT,Sell,2,138.75,ZeroMinusTick,ffdaaf40-2c33-59fe-869d-3d831e0495be,2.775e+10,2,277.5
1658103891,XMRUSDT,Sell,2,138.75,ZeroMinusTick,ec0691b1-917b-5970-9400-7bd9c27a4960,2.775e+10,2,277.5
1658103891,XMRUSDT,Sell,11.7,138.75,ZeroMinusTick,af60a0f4-cbb8-5dc3-8c00-698ef1ab4d77,1.623375e+11,11.7,1623.375
1658103891,XMRUSDT,Sell,1.92,138.75,ZeroMinusTick,4f4e350e-2798-5220-85e9-157ea36e4d88,2.6639999999999996e+10,1.92,266.4
1658103895,XMRUSDT,Sell,7,138.75,ZeroMinusTick,0319b2bc-26f4-503a-94ed-a60b36ab4da2,9.7125e+10,7,971.25
1658103895,XMRUSDT,Sell,5.38,138.70,MinusTick,78aa7b4a-d2db-525e-86ff-b854e84e14af,7.462059999999998e+10,5.38,746.2059999999999
1658103900,XMRUSDT,Buy,7,138.75,PlusTick,58d29189-2c09-583f-bbea-632fa3014ec0,9.7125e+10,7,971.25
1658103916,XMRUSDT,Sell,1.92,138.75,ZeroMinusTick,69e3d99f-d081-591f-8ba3-ad60b9dab5ba,2.6639999999999996e+10,1.92,266.4
1658103936,XMRUSDT,Sell,2.54,138.75,ZeroMinusTick,966ccd8b-ce2e-59e6-97c3-ed8b0e9be70a,3.52425e+10,2.54,352.425
1658104011,XMRUSDT,Sell,7,138.85,PlusTick,5b470791-92ed-5dea-a94d-49cc5d25ade0,9.7195e+10,7,971.9499999999999
1658104011,XMRUSDT,Sell,1.08,138.85,ZeroMinusTick,d1fef33e-1019-5067-82d8-2cb931496c5c,1.49958e+10,1.08,149.958
1658104011,XMRUSDT,Sell,2,138.85,ZeroMinusTick,0658d4a6-fb85-5c9e-8cb0-d19d248fa697,2.777e+10,2,277.7
1658104048,XMRUSDT,Sell,0.22,138.65,MinusTick,85914442-8118-50f0-848d-405766e5a643,3.0503e+09,0.22,30.503
1658104094,XMRUSDT,Buy,7,138.60,MinusTick,fd7592d6-8bde-5849-973c-aa5449cdc07c,9.702e+10,7,970.1999999999999
1658104103,XMRUSDT,Sell,0.02,138.60,ZeroMinusTick,b72d6c7e-6369-562b-8d81-33688390be74,2.772e+08,0.02,2.772
1658104142,XMRUSDT,Sell,0.44,138.55,MinusTick,cd769b7b-702d-5a00-88dc-978625455daf,6.0962e+09,0.44,60.962
1658104142,XMRUSDT,Sell,0.4,138.55,ZeroMinusTick,89afc196-974d-54ed-a31a-65dcb07db522,5.542000000000001e+09,0.4,55.42000000000001
1658104142,XMRUSDT,Sell,1.81,138.55,ZeroMinusTick,c299fd9d-d7b0-539d-b143-c1717df44be6,2.5077550000000004e+10,1.81,250.77550000000002
1658104146,XMRUSDT,Sell,2,138.55,ZeroMinusTick,65572535-3153-5397-ba22-adc6a9c734c6,2.7710000000000004e+10,2,277.1
1658104146,XMRUSDT,Sell,2,138.55,ZeroMinusTick,8f5f3d6f-fec0-5205-bf3c-25f375dad031,2.7710000000000004e+10,2,277.1
1658104146,XMRUSDT,Sell,3,138.55,ZeroMinusTick,22479e86-0ea3-5c0d-ae83-4363b498fb5d,4.1565e+10,3,415.65000000000003
1658104175,XMRUSDT,Sell,0.28,138.50,MinusTick,32bb002b-a195-567e-a7e4-2299718a2673,3.878e+09,0.28,38.78
1658104198,XMRUSDT,Buy,7,138.55,PlusTick,4ffd5550-7dfe-55ea-827f-6c51f3e7dacd,9.698500000000002e+10,7,969.8500000000001
1658104218,XMRUSDT,Buy,0.13,138.65,PlusTick,a6e55c80-1a19-56ee-a42e-3964f95a1061,1.80245e+09,0.13,18.0245
1658104220,XMRUSDT,Buy,0.2,138.65,ZeroMinusTick,4c4e0dd2-3a72-5a64-be19-75b85db2fe36,2.7730000000000005e+09,0.2,27.730000000000004
1658104221,XMRUSDT,Buy,0.51,138.65,ZeroMinusTick,7985003f-16e8-5f94-9ce8-7af9c6705171,7.07115e+09,0.51,70.7115
1658104235,XMRUSDT,Sell,1.43,138.60,MinusTick,0913a072-4533-5360-aff2-5159b14e9991,1.9819799999999996e+10,1.43,198.19799999999998
1658104246,XMRUSDT,Buy,7,138.55,MinusTick,54c4bd62-0296-5648-a7aa-4230491fa136,9.698500000000002e+10,7,969.8500000000001
1658104261,XMRUSDT,Buy,1.92,138.55,ZeroMinusTick,20c561e8-a703-5468-b5f7-77a21015bcb4,2.6601600000000004e+10,1.92,266.016
1658104261,XMRUSDT,Buy,0.08,138.55,ZeroMinusTick,dab9e507-1672-5c5d-a136-2822b33fd9c0,1.1084000000000002e+09,0.08,11.084000000000001
1658104273,XMRUSDT,Sell,0.19,138.35,MinusTick,c27aebfb-124c-5164-b953-dd785b21f3e4,2.62865e+09,0.19,26.2865
1658104279,XMRUSDT,Sell,4.38,138.30,MinusTick,debf47d8-318f-5c27-8a98-7ecb167e2326,6.05754e+10,4.38,605.754
1658104279,XMRUSDT,Sell,1.92,138.30,ZeroMinusTick,c8381dce-4cb3-59a7-9237-402e17de4040,2.65536e+10,1.92,265.536
1658104288,XMRUSDT,Sell,4.38,138.25,MinusTick,d52b7227-cd26-56fc-98a5-767a91618911,6.05535e+10,4.38,605.535
1658104296,XMRUSDT,Sell,0.02,138.25,ZeroMinusTick,62c4df36-adbc-5380-9017-db23e8ae6058,2.765e+08,0.02,2.765
1658104296,XMRUSDT,Sell,1.92,138.25,ZeroMinusTick,56f06301-2147-5013-80e5-2e0ab27c9c12,2.6544e+10,1.92,265.44
1658104296,XMRUSDT,Sell,2.44,138.20,MinusTick,ec6dbb37-7680-5826-bac6-d98c041cb0a6,3.3720799999999996e+10,2.44,337.20799999999997
1658104300,XMRUSDT,Buy,7,138.30,PlusTick,0ba8c79c-4ce5-55a4-8afa-cea9de8f433d,9.681000000000002e+10,7,968.1000000000001
1658104333,XMRUSDT,Sell,0.1,138.35,PlusTick,9872b877-1898-5308-8aab-bbdd40fe4562,1.3835e+09,0.1,13.835
1658104402,XMRUSDT,Buy,7,138.70,PlusTick,0780074a-0537-56de-8c94-7ac98691954d,9.708999999999998e+10,7,970.8999999999999
1658104449,XMRUSDT,Sell,1.92,138.90,PlusTick,c9c3228a-66ad-5cc6-9550-518cac6ea947,2.66688e+10,1.92,266.688
1658104449,XMRUSDT,Sell,2.08,138.90,ZeroMinusTick,d7960a5f-0343-5710-8855-e2891860f350,2.8891200000000004e+10,2.08,288.91200000000003
1658104449,XMRUSDT,Sell,3.32,138.90,ZeroMinusTick,76e95b7f-7bd5-5013-b883-46d51bfb9185,4.61148e+10,3.32,461.148
1658104449,XMRUSDT,Sell,1.44,138.90,ZeroMinusTick,2e8aedbe-8302-50c3-8cfd-495432c088b6,2.00016e+10,1.44,200.016
1658104449,XMRUSDT,Buy,0.28,138.95,PlusTick,2e1911c4-d60a-57f5-b590-5108b165c1c9,3.8906e+09,0.28,38.906
1658104470,XMRUSDT,Buy,7,139.05,PlusTick,6c03d196-0ef4-5510-82fa-e80319c67249,9.733500000000002e+10,7,973.3500000000001
1658104470,XMRUSDT,Buy,1.44,139.05,ZeroMinusTick,23dcb3d4-4859-5225-bbed-e6c2670a7dff,2.00232e+10,1.44,200.232
1658104473,XMRUSDT,Buy,0.03,139.20,PlusTick,9846d461-b748-5a9e-8c3f-8b177f648a65,4.1759999999999994e+08,0.03,4.175999999999999
1658104473,XMRUSDT,Buy,0.01,139.20,ZeroMinusTick,c701144a-02e7-59bd-bdc7-657c5c3bb73b,1.392e+08,0.01,1.392
1658104473,XMRUSDT,Buy,3.91,139.20,ZeroMinusTick,13fb2251-1143-5a35-bc55-bc34fa97ffe1,5.442719999999999e+10,3.91,544.2719999999999
1658104473,XMRUSDT,Buy,26.36,139.20,ZeroMinusTick,64c49e78-03de-5e56-bdb4-27a8c8e3b238,3.6693119999999994e+11,26.36,3669.3119999999994
1658104473,XMRUSDT,Buy,1.84,139.20,ZeroMinusTick,900cfa15-ff3f-5c66-b1d7-da85a943182e,2.56128e+10,1.84,256.128
1658104473,XMRUSDT,Buy,2.56,139.20,ZeroMinusTick,245b1fa6-29d2-5fcf-b283-9907ac93d037,3.56352e+10,2.56,356.352
1658104484,XMRUSDT,Sell,7,139.15,MinusTick,588fea52-f3fb-5128-8a16-f2d0bc485842,9.7405e+10,7,974.0500000000001
1658104543,XMRUSDT,Sell,0.14,138.95,MinusTick,7b1ba50a-1a8e-5639-93b5-afb3cbb60556,1.9453e+09,0.14,19.453
1658104574,XMRUSDT,Sell,2.16,139.10,PlusTick,64f379d0-aa32-5b04-9af3-803bb73daa08,3.00456e+10,2.16,300.456
1658104574,XMRUSDT,Sell,4.84,139.10,ZeroMinusTick,af02d6c9-0dc8-582c-ac27-672e0315ab38,6.732439999999999e+10,4.84,673.2439999999999
1658104613,XMRUSDT,Buy,0.01,139.10,ZeroMinusTick,4f051e8f-04a8-5434-986a-adc2572948d1,1.391e+08,0.01,1.391
1658104633,XMRUSDT,Sell,1.44,139.00,MinusTick,44b30e42-0b61-5e3b-a30d-9f0cc8effa7e,2.0016e+10,1.44,200.16
1658104664,XMRUSDT,Sell,7,138.70,MinusTick,7e33c394-98fe-5e2c-96fb-01f85463570f,9.708999999999998e+10,7,970.8999999999999
1658104670,XMRUSDT,Sell,1.92,138.55,MinusTick,ae28aca5-58b7-5d1a-bbac-3ade4e640006,2.6601600000000004e+10,1.92,266.016
1658104679,XMRUSDT,Buy,0.16,138.45,MinusTick,24d928bc-f83a-56fa-8425-a6a98c747491,2.2151999999999995e+09,0.16,22.151999999999997
1658104679,XMRUSDT,Buy,0.01,138.45,ZeroMinusTick,de3c3ad1-222b-550b-add5-1a65fcbfee8d,1.3844999999999997e+08,0.01,1.3844999999999998
1658104679,XMRUSDT,Buy,0.94,138.45,ZeroMinusTick,c2b10ca6-b1be-5a30-880f-9f9aea775903,1.3014299999999998e+10,0.94,130.14299999999997
1658104679,XMRUSDT,Buy,0.68,138.45,ZeroMinusTick,6cfaebba-e972-50ee-876b-f1458be47398,9.4146e+09,0.68,94.146
1658104679,XMRUSDT,Buy,0.22,138.45,ZeroMinusTick,a2833644-6f71-525e-9d44-05a7d39a8776,3.0458999999999995e+09,0.22,30.458999999999996
1658104679,XMRUSDT,Buy,0.17,138.45,ZeroMinusTick,b6fadda4-b97e-5eaa-bb0f-c19a727d12bd,2.35365e+09,0.17,23.5365
1658104679,XMRUSDT,Buy,0.16,138.45,ZeroMinusTick,df851525-cd44-5c67-9c02-cf6dae32f6a0,2.2151999999999995e+09,0.16,22.151999999999997
1658104679,XMRUSDT,Buy,4.66,138.45,ZeroMinusTick,1846e509-eb78-5f9a-8664-a42e3c685e80,6.45177e+10,4.66,645.177
1658104704,XMRUSDT,Buy,0.45,138.50,PlusTick,7d24e226-1098-5a3a-b362-a9f5127f0617,6.2325e+09,0.45,62.325
1658104704,XMRUSDT,Buy,0.02,138.50,ZeroMinusTick,d9fd1f08-f9ed-511f-a015-e5ac6112b971,2.77e+08,0.02,2.77
1658104704,XMRUSDT,Buy,0.01,138.50,ZeroMinusTick,488491b2-c4dc-5153-a556-58c958b26f06,1.385e+08,0.01,1.385
1658104705,XMRUSDT,Buy,0.01,138.50,ZeroMinusTick,8d9e078c-0cc4-58f5-9e7b-94df2ebd36a6,1.385e+08,0.01,1.385
1658104705,XMRUSDT,Buy,0.69,138.50,ZeroMinusTick,7573af2d-6a40-5287-9407-42bf68a0d240,9.5565e+09,0.69,95.565
1658104705,XMRUSDT,Buy,0.17,138.50,ZeroMinusTick,100743fd-3e73-55f0-bd09-9425e98b1e92,2.3545e+09,0.17,23.545
1658104705,XMRUSDT,Buy,0.09,138.50,ZeroMinusTick,e93881fb-7e10-59ac-bd32-7a140ec1e1fd,1.2465e+09,0.09,12.465
1658104710,XMRUSDT,Buy,7,138.70,PlusTick,304a19ec-491e-5bb1-808d-eb06f879c7ab,9.708999999999998e+10,7,970.8999999999999
1658104713,XMRUSDT,Sell,4.8,138.70,ZeroMinusTick,2c0a7b14-a39e-5c76-8492-fa4cb0c778d8,6.6575999999999985e+10,4.8,665.7599999999999
1658104713,XMRUSDT,Sell,7.48,138.70,ZeroMinusTick,93df7b9d-d380-5c36-9ab1-5021575db9df,1.0374759999999998e+11,7.48,1037.4759999999999
1658104739,XMRUSDT,Sell,1,138.50,MinusTick,6310ef2d-579f-5052-ad6f-80dea30600cb,1.385e+10,1,138.5
1658104748,XMRUSDT,Sell,0.44,138.50,ZeroMinusTick,70566f38-7001-5c9d-b62d-e3253959919a,6.094e+09,0.44,60.94
1658104748,XMRUSDT,Sell,0.56,138.50,ZeroMinusTick,9d7d3e78-3280-5448-81fa-073287db6b56,7.756e+09,0.56,77.56
1658104767,XMRUSDT,Buy,1.44,138.25,MinusTick,c479f72a-7425-5a3b-b09a-8bb872f03933,1.9908e+10,1.44,199.07999999999998
1658104783,XMRUSDT,Buy,0.06,138.40,PlusTick,b14aef5a-13ca-5ecd-8b30-b9b4372f9199,8.304e+08,0.06,8.304
1658104822,XMRUSDT,Sell,7,138.50,PlusTick,1add9e13-7d4b-54d5-8fe9-c2d03bd79d61,9.695e+10,7,969.5
1658104859,XMRUSDT,Sell,1.44,138.35,MinusTick,b4a5e624-10fd-57e6-b3d0-68196f433ffc,1.99224e+10,1.44,199.224
1658104868,XMRUSDT,Sell,18.86,138.25,MinusTick,b1c6c876-8cc4-510b-bab7-9688fad1d0fe,2.607395e+11,18.86,2607.395
1658104868,XMRUSDT,Sell,7,138.25,ZeroMinusTick,dd7c7a48-ba34-57ea-85d1-47487f66d5a4,9.6775e+10,7,967.75
1658104874,XMRUSDT,Buy,7,138.30,PlusTick,146dd2c5-ed25-5383-87b2-390a63323ec7,9.681000000000002e+10,7,968.1000000000001
1658104893,XMRUSDT,Buy,0.02,138.25,MinusTick,cd4854dd-1826-53ff-8e24-e84e6f602aa0,2.765e+08,0.02,2.765
1658104902,XMRUSDT,Buy,1.42,138.25,ZeroMinusTick,cca7d60e-ae68-51a7-b8e7-547074d484b8,1.96315e+10,1.42,196.315
1658104934,XMRUSDT,Buy,1.47,138.55,PlusTick,da8419a1-d525-576e-9c16-fec923e79fb8,2.0366850000000004e+10,1.47,203.66850000000002
1658104976,XMRUSDT,Buy,5,138.60,PlusTick,1d12ac89-2ffa-58b9-a7f6-dbcebb3aabbe,6.93e+10,5,693
1658105013,XMRUSDT,Sell,1,138.50,MinusTick,50ded70f-91c9-5d87-ab4f-8ca664e6e1bc,1.385e+10,1,138.5
1658105031,XMRUSDT,Sell,1.92,138.35,MinusTick,2b962ebd-b4f0-58d7-9be4-36e30506044b,2.65632e+10,1.92,265.632
1658105031,XMRUSDT,Sell,1.45,138.35,ZeroMinusTick,c4f3d618-d1cd-5c29-b415-a6e11b0bc3b0,2.006075e+10,1.45,200.6075
1658105031,XMRUSDT,Sell,5.55,138.35,ZeroMinusTick,742149d6-5c50-53e3-ad9f-3f8d2265d2ff,7.678425e+10,5.55,767.8425
1658105031,XMRUSDT,Sell,7,138.35,ZeroMinusTick,8a85bf66-b0ae-58ec-9c57-e70e9bfb50ca,9.6845e+10,7,968.4499999999999
1658105063,XMRUSDT,Sell,0.13,138.25,MinusTick,4c467bb5-141e-5d36-9a0b-56e901577397,1.79725e+09,0.13,17.9725
1658105110,XMRUSDT,Sell,2,138.40,PlusTick,237ee2c6-424c-568b-89bd-2177ba464ed5,2.768e+10,2,276.8
1658105110,XMRUSDT,Sell,5,138.40,ZeroMinusTick,e0a5942c-92cc-5ec7-aa4f-91fc25a78a62,6.92e+10,5,692
1658105139,XMRUSDT,Buy,1.92,138.40,ZeroMinusTick,75627b22-cb9b-56f5-b7b4-bcf503e435df,2.65728e+10,1.92,265.728
1658105139,XMRUSDT,Buy,7,138.40,ZeroMinusTick,0f0e6e35-49f4-5003-94cb-beab7f4bf242,9.688e+10,7,968.8000000000001
1658105139,XMRUSDT,Buy,10.8,138.40,ZeroMinusTick,f9874ac4-4a66-52b2-a089-29576248e47f,1.4947200000000003e+11,10.8,1494.7200000000003
1658105139,XMRUSDT,Buy,7.73,138.40,ZeroMinusTick,f58ef711-fd6d-57b9-880f-2507d937d600,1.0698320000000002e+11,7.73,1069.832
1658105153,XMRUSDT,Sell,0.01,138.45,PlusTick,9159d5aa-ac53-5e14-906d-75f4ceec04a5,1.3844999999999997e+08,0.01,1.3844999999999998
1658105193,XMRUSDT,Buy,1,138.60,PlusTick,d6877700-5f6e-520a-a428-f1f3d9118bc1,1.386e+10,1,138.6
1658105274,XMRUSDT,Sell,1.92,138.40,MinusTick,ee4657b8-e17f-5d81-b9fa-b56f2cedd02b,2.65728e+10,1.92,265.728
1658105274,XMRUSDT,Sell,7,138.40,ZeroMinusTick,a954f1b4-3c3a-52dd-b990-4204ebe73ce4,9.688e+10,7,968.8000000000001
1658105274,XMRUSDT,Sell,1.08,138.35,MinusTick,577a3f78-54cc-5a25-8db7-f9063ec9336f,1.49418e+10,1.08,149.418
1658105275,XMRUSDT,Sell,1.24,138.25,MinusTick,e0a435ed-b035-5c01-bae8-677ec55097a2,1.7143e+10,1.24,171.43
1658105275,XMRUSDT,Sell,0.23,138.25,ZeroMinusTick,10b7da69-2d9c-5f21-8872-48caa7496f85,3.1797500000000005e+09,0.23,31.797500000000003
1658105275,XMRUSDT,Sell,2.4,138.25,ZeroMinusTick,3c8179f6-1657-5d71-b004-1d367f4c441d,3.318e+10,2.4,331.8
1658105275,XMRUSDT,Sell,6,138.25,ZeroMinusTick,5a65d80b-44d6-53ec-91ea-69cc06a15e98,8.295e+10,6,829.5
1658105275,XMRUSDT,Sell,6,138.25,ZeroMinusTick,d05cbb22-b707-594b-80d5-b3415ac6f4dc,8.295e+10,6,829.5
1658105276,XMRUSDT,Sell,1,138.25,ZeroMinusTick,928cb0a3-71e4-5e9f-9715-23b78dbd0db2,1.3825e+10,1,138.25
1658105276,XMRUSDT,Sell,1.92,138.25,ZeroMinusTick,5278bfd1-85e7-5f69-afb4-ae3e1cea7bc8,2.6544e+10,1.92,265.44
1658105276,XMRUSDT,Sell,6,138.25,ZeroMinusTick,f6bb2f53-a79f-5fe9-91b7-3ef88cd775a2,8.295e+10,6,829.5
1658105353,XMRUSDT,Sell,0.08,138.40,PlusTick,c6007f8f-29ef-52fc-88ac-3638a64497d1,1.1072e+09,0.08,11.072000000000001
1658105407,XMRUSDT,Sell,5.09,138.40,ZeroMinusTick,a37b94f7-c32d-5778-be2d-17e51af13843,7.04456e+10,5.09,704.456
1658105462,XMRUSDT,Sell,1.92,138.35,MinusTick,46d5eccd-3608-58cb-9a43-fe6aeced947a,2.65632e+10,1.92,265.632
1658105462,XMRUSDT,Sell,12.28,138.35,ZeroMinusTick,795d1d97-6c3c-5838-8f59-5d0ae5c5e66c,1.698938e+11,12.28,1698.9379999999999
1658105462,XMRUSDT,Sell,2.25,138.35,ZeroMinusTick,c1a3f0a3-9886-51ab-86a8-a3c6f6b870e5,3.1128749999999996e+10,2.25,311.28749999999997
1658105462,XMRUSDT,Sell,3.17,138.35,ZeroMinusTick,b58f5756-e1b5-55ef-acee-6223dc29712d,4.385694999999999e+10,3.17,438.56949999999995
1658105462,XMRUSDT,Sell,36.83,138.35,ZeroMinusTick,5d1f678c-3a39-5c4a-a4c5-0030155ec081,5.0954304999999994e+11,36.83,5095.4304999999995
1658105462,XMRUSDT,Sell,15.03,138.30,MinusTick,3d9da55f-be47-50bb-858e-7067cbf9180c,2.078649e+11,15.03,2078.649
1658105462,XMRUSDT,Sell,7,138.30,ZeroMinusTick,ff4853be-c0f4-5ccf-bee6-01531bc31506,9.681000000000002e+10,7,968.1000000000001
1658105462,XMRUSDT,Sell,3.61,138.25,MinusTick,de2bb248-afe7-5e2d-9a29-0f2cb3764106,4.990825e+10,3.61,499.0825
1658105462,XMRUSDT,Sell,0.59,138.25,ZeroMinusTick,b46c9399-0b68-55b2-93fc-88cbdc140109,8.15675e+09,0.59,81.5675
1658105462,XMRUSDT,Sell,0.88,138.25,ZeroMinusTick,37192f96-d5b8-5620-956c-9c148e01510c,1.2166e+10,0.88,121.66
1658105462,XMRUSDT,Buy,1.92,138.20,MinusTick,f386f083-218a-50d4-aebf-d150b6c5893c,2.65344e+10,1.92,265.344
1658105462,XMRUSDT,Sell,1.47,138.15,MinusTick,8a256833-c847-5286-80f4-61dde3b2232b,2.030805e+10,1.47,203.0805
1658105462,XMRUSDT,Sell,7,138.15,ZeroMinusTick,494d9bb7-ee02-5f0c-829d-455e1b348a93,9.6705e+10,7,967.0500000000001
1658105463,XMRUSDT,Buy,1.09,138.10,MinusTick,2eaede62-656e-5fab-9dff-b7b7b85a7154,1.50529e+10,1.09,150.529
1658105489,XMRUSDT,Buy,1.92,138.45,PlusTick,b68e2548-8da8-58ef-a624-8a98953f57a0,2.6582399999999996e+10,1.92,265.82399999999996
1658105489,XMRUSDT,Buy,7,138.45,ZeroMinusTick,607b46d4-1431-59f0-912c-059e3304fade,9.691499999999998e+10,7,969.1499999999999
1658105489,XMRUSDT,Buy,5.41,138.45,ZeroMinusTick,ecf8d9bc-58da-59bb-9bc3-47c5562cc6d9,7.490145e+10,5.41,749.0145
1658105489,XMRUSDT,Buy,5.54,138.45,ZeroMinusTick,c0076f7f-45b5-5a54-8515-5944d5f48927,7.670129999999998e+10,5.54,767.0129999999999
1658105513,XMRUSDT,Buy,0.2,138.40,MinusTick,90ef34c1-30e7-5abc-9fd9-694b594fcbed,2.7680000000000005e+09,0.2,27.680000000000003
1658105713,XMRUSDT,Sell,0.19,138.40,ZeroMinusTick,e6efda4e-3b27-5407-ac9d-4f6dfae17036,2.6296000000000005e+09,0.19,26.296000000000003
1658105753,XMRUSDT,Sell,0.01,138.45,PlusTick,881a2a8e-5bb8-59a6-bded-01e0a5530dd5,1.3844999999999997e+08,0.01,1.3844999999999998
1658105787,XMRUSDT,Sell,7,138.40,MinusTick,335a27e8-893e-5725-a17e-0037f8ee1ac8,9.688e+10,7,968.8000000000001
1658105923,XMRUSDT,Sell,0.01,138.60,PlusTick,955e33a4-af9a-5bcb-a37c-7226978e441b,1.386e+08,0.01,1.386
1658105948,XMRUSDT,Sell,6.99,138.60,ZeroMinusTick,a2569264-8f7d-5f85-9ad4-c8c187accc6c,9.68814e+10,6.99,968.814
1658106006,XMRUSDT,Sell,0.24,138.65,PlusTick,8f9b0439-108f-596b-b445-08792f77f300,3.3276000000000005e+09,0.24,33.276
1658106009,XMRUSDT,Sell,0.31,138.60,MinusTick,9cb5e667-1da2-52e5-acd3-8e20aac6ea64,4.2966e+09,0.31,42.966
1658106013,XMRUSDT,Sell,0.01,138.55,MinusTick,388a561d-7ab7-505a-9d63-c7655c87f584,1.3855000000000003e+08,0.01,1.3855000000000002
1658106038,XMRUSDT,Sell,6.99,138.55,ZeroMinusTick,56d8a04e-2b4e-53c2-a1b5-167b9c03debc,9.684645000000002e+10,6.99,968.4645000000002
1658106053,XMRUSDT,Sell,0.08,138.65,PlusTick,6d83eac0-77ed-5402-8bbc-00a12312c1e2,1.1092e+09,0.08,11.092
1658106085,XMRUSDT,Buy,4,138.90,PlusTick,1330a035-9149-5f5d-b393-a89df92d328a,5.556e+10,4,555.6
1658106116,XMRUSDT,Buy,7,139.05,PlusTick,c5c2505a-1f78-5744-b863-5cf1b037c9d6,9.733500000000002e+10,7,973.3500000000001
1658106145,XMRUSDT,Sell,2,139.15,PlusTick,e78a8cea-a5df-58e0-876d-5c36830d62c2,2.783e+10,2,278.3
1658106145,XMRUSDT,Sell,5,139.15,ZeroMinusTick,5c12f99d-6f63-58ac-a956-0b81073d6be1,6.9575e+10,5,695.75
1658106211,XMRUSDT,Buy,2.87,139.05,MinusTick,bf5cc193-fff1-5165-9b32-2c547073d2c9,3.990735e+10,2.87,399.0735
1658106213,XMRUSDT,Sell,0.05,138.95,MinusTick,cc566178-be8c-5101-9c2c-44706db26a3d,6.9475e+08,0.05,6.9475
1658106230,XMRUSDT,Buy,2.87,139.00,PlusTick,3818dd0e-c16f-5ebe-9796-c1c85bb88397,3.9893e+10,2.87,398.93
1658106283,XMRUSDT,Buy,0.02,139.05,PlusTick,915d6efc-91a3-5287-97ff-f231f9f2d6f9,2.781e+08,0.02,2.781
1658106364,XMRUSDT,Buy,2.87,139.00,MinusTick,ef66b9c3-df6d-5900-b983-da100012d72d,3.9893e+10,2.87,398.93
1658106366,XMRUSDT,Buy,2.87,139.05,PlusTick,05d14c5b-1916-5923-8ce3-0f57073f6387,3.990735e+10,2.87,399.0735
1658106370,XMRUSDT,Buy,2.48,139.05,ZeroMinusTick,ac68adf0-b6fb-5999-8d7e-2998595a8379,3.448440000000001e+10,2.48,344.84400000000005
1658106370,XMRUSDT,Buy,0.39,139.05,ZeroMinusTick,d5c9e243-b295-5a76-9b64-131506940325,5.422950000000001e+09,0.39,54.22950000000001
1658106463,XMRUSDT,Sell,0.15,139.15,PlusTick,f51f4463-fa16-5a39-bb6f-49b60148e0e6,2.0872499999999998e+09,0.15,20.8725
1658106472,XMRUSDT,Buy,2.23,139.30,PlusTick,fd58116b-3653-5843-b9e5-30aa33c5b552,3.10639e+10,2.23,310.639
1658106495,XMRUSDT,Buy,1.92,139.30,ZeroMinusTick,88cde185-e540-5505-b7bb-87fbdfcaf53c,2.67456e+10,1.92,267.456
1658106495,XMRUSDT,Buy,1.08,139.30,ZeroMinusTick,3c142e2a-0ff3-5f83-8b77-4a4380d76fd3,1.5044400000000002e+10,1.08,150.44400000000002
1658106496,XMRUSDT,Sell,7,139.25,MinusTick,691b3c45-87e1-5ddf-b4f0-32a9ac06d4dd,9.7475e+10,7,974.75
1658106496,XMRUSDT,Sell,5.38,139.20,MinusTick,54b8f37c-af53-546d-b6af-80ed75e551b8,7.48896e+10,5.38,748.896
1658106496,XMRUSDT,Sell,3.59,139.10,MinusTick,322d1640-1c99-5f6b-88fc-4866f317f6f4,4.99369e+10,3.59,499.36899999999997
1658106496,XMRUSDT,Sell,2.63,139.10,ZeroMinusTick,6ebf15ce-37f0-541a-91dd-f03f63b13eda,3.65833e+10,2.63,365.83299999999997
1658106496,XMRUSDT,Sell,4.6,139.10,ZeroMinusTick,420cc3a8-6e1d-52f9-b286-a24e13a091e4,6.398599999999999e+10,4.6,639.8599999999999
1658106496,XMRUSDT,Sell,7.33,139.10,ZeroMinusTick,353d302c-9d46-5dc4-b761-9f6d3e604ac9,1.019603e+11,7.33,1019.603
1658106497,XMRUSDT,Sell,1.12,139.10,ZeroMinusTick,334519b5-6609-54e2-846d-088fb6268382,1.55792e+10,1.12,155.792
1658106497,XMRUSDT,Sell,1.44,139.05,MinusTick,14cd88fa-e190-5fe4-aec6-22c5c034399f,2.00232e+10,1.44,200.232
1658106497,XMRUSDT,Sell,15.74,139.05,ZeroMinusTick,9fca5b54-e8b5-5a53-b840-54f7353119e1,2.1886470000000003e+11,15.74,2188.6470000000004
1658106497,XMRUSDT,Sell,3.98,139.05,ZeroMinusTick,f6ff7230-0e3e-5a64-bed2-9d6effb9fab2,5.534190000000001e+10,3.98,553.4190000000001
1658106497,XMRUSDT,Sell,3.91,139.05,ZeroMinusTick,ccab8c0c-b579-58c4-a2c0-055d2a87bd3e,5.436855000000001e+10,3.91,543.6855
1658106497,XMRUSDT,Sell,7,139.05,ZeroMinusTick,0739424e-0020-5f05-bb60-dfba018d322f,9.733500000000002e+10,7,973.3500000000001
1658106497,XMRUSDT,Sell,1.92,138.95,MinusTick,2b2bea62-9d04-50e8-9bb3-ef668ade4eab,2.66784e+10,1.92,266.784
1658106497,XMRUSDT,Sell,10.79,138.90,MinusTick,480d0404-b019-552d-b9c5-5177051715bf,1.498731e+11,10.79,1498.731
1658106533,XMRUSDT,Buy,0.01,139.05,PlusTick,37344425-8a27-51fc-b686-ee5b808115d5,1.3905e+08,0.01,1.3905
1658106588,XMRUSDT,Sell,5.35,139.25,PlusTick,411e1edc-30bc-555b-8008-9083934e9598,7.449875e+10,5.35,744.9875
1658106588,XMRUSDT,Sell,1.65,139.25,ZeroMinusTick,8bc3697b-f054-5eb6-b9f3-b1b5db5e3bcc,2.297625e+10,1.65,229.7625
1658106663,XMRUSDT,Sell,0.01,139.25,ZeroMinusTick,720c4c4a-8d96-58fd-8535-c09bcde1b440,1.3925e+08,0.01,1.3925
1658106671,XMRUSDT,Buy,3,139.30,PlusTick,a6220558-c68c-56a6-ac4b-fd9772f7514d,4.179e+10,3,417.90000000000003
1658106674,XMRUSDT,Buy,11.35,139.30,ZeroMinusTick,e26a21b4-a98a-5e46-887c-fadcd5c4fe84,1.581055e+11,11.35,1581.055
1658106682,XMRUSDT,Buy,8.02,139.35,PlusTick,a8cc81f0-07c3-5de0-bbed-fb7f2e28388f,1.117587e+11,8.02,1117.587
1658106682,XMRUSDT,Buy,0.08,139.35,ZeroMinusTick,b381a42e-0b52-5320-8c56-7f2a53e53a42,1.1148e+09,0.08,11.148
1658106682,XMRUSDT,Buy,7.17,139.40,PlusTick,27b9557c-3b63-54a7-afa6-dec5cd20dd3a,9.99498e+10,7.17,999.498
1658106687,XMRUSDT,Buy,1.69,139.50,PlusTick,22b9cc03-ad14-5d42-83f1-6548efedbf8f,2.35755e+10,1.69,235.755
1658106687,XMRUSDT,Buy,1,139.50,ZeroMinusTick,b769caec-603a-5c75-861b-c9bad14f997e,1.395e+10,1,139.5
1658106687,XMRUSDT,Buy,0.5,139.50,ZeroMinusTick,90ccc6fe-2ed9-5520-a5f1-443e6977e144,6.975e+09,0.5,69.75
1658106687,XMRUSDT,Buy,0.02,139.50,ZeroMinusTick,22f687fd-879f-5475-819a-2ce099638e1b,2.79e+08,0.02,2.79
1658106687,XMRUSDT,Sell,0.01,139.40,MinusTick,72049312-7375-585e-bdcd-675b91b54aef,1.394e+08,0.01,1.3940000000000001
1658106687,XMRUSDT,Buy,4.92,139.55,PlusTick,039b0b54-c8a2-5eae-a871-390ee418b6f5,6.86586e+10,4.92,686.586
1658106687,XMRUSDT,Buy,3.8,139.55,ZeroMinusTick,6ed00e44-fe1a-5ecd-b990-1c384d1b873f,5.3029e+10,3.8,530.29
1658106687,XMRUSDT,Buy,1,139.55,ZeroMinusTick,4f83a10e-9eee-55ce-a055-ccea33ad24f3,1.3955000000000002e+10,1,139.55
1658106689,XMRUSDT,Buy,1.92,139.60,PlusTick,52e75ca3-4f23-52eb-b823-3808d88a8f69,2.68032e+10,1.92,268.032
1658106689,XMRUSDT,Buy,7.17,139.60,ZeroMinusTick,fd0e4f94-af6d-5bb3-8087-24b41aa51d22,1.0009319999999998e+11,7.17,1000.9319999999999
1658106689,XMRUSDT,Buy,3.91,139.65,PlusTick,703cf110-054e-5777-94d4-0e81421a19c9,5.460315000000001e+10,3.91,546.0315
1658106689,XMRUSDT,Buy,1.44,139.65,ZeroMinusTick,e87b7158-aba6-56f0-95dd-ac2313a17a69,2.01096e+10,1.44,201.096
1658106689,XMRUSDT,Buy,1.51,139.65,ZeroMinusTick,b6fec93c-d3b8-5eee-8295-02d316ac786a,2.108715e+10,1.51,210.8715
1658106689,XMRUSDT,Buy,7.28,139.65,ZeroMinusTick,30daf0d7-667c-5d45-9312-a1c29bef77c5,1.016652e+11,7.28,1016.652
1658106689,XMRUSDT,Buy,5.96,139.65,ZeroMinusTick,b71975d7-4bf1-58b0-869e-27d8e5dc5fb9,8.323140000000002e+10,5.96,832.3140000000001
1658106689,XMRUSDT,Buy,4.25,139.65,ZeroMinusTick,2909ff83-e9f9-5e61-98e8-7c00c53b5420,5.935125000000001e+10,4.25,593.5125
1658106689,XMRUSDT,Buy,7.17,139.60,MinusTick,7fb80de4-df26-51e0-af11-a3b357b59970,1.0009319999999998e+11,7.17,1000.9319999999999
1658106689,XMRUSDT,Buy,7,139.65,PlusTick,2ea5accc-8dda-59f2-a19e-6c9bb21084f1,9.7755e+10,7,977.5500000000001
1658106691,XMRUSDT,Buy,2.87,139.70,PlusTick,193d7495-73cc-5824-9fef-128e0960a59c,4.00939e+10,2.87,400.93899999999996
1658106692,XMRUSDT,Sell,7,139.70,ZeroMinusTick,ed9cb54c-3613-5531-a4ef-66298a4733c1,9.778999999999998e+10,7,977.8999999999999
1658106692,XMRUSDT,Sell,0.08,139.65,MinusTick,1a2e62f6-cf55-53e8-83d1-79726fe61907,1.1172e+09,0.08,11.172
1658106698,XMRUSDT,Buy,1.92,139.70,PlusTick,9225ad17-a002-549b-9039-0b93f606adce,2.68224e+10,1.92,268.224
1658106698,XMRUSDT,Buy,0.95,139.70,ZeroMinusTick,da4a90d6-897b-5167-b924-a974c2475ce7,1.3271499999999998e+10,0.95,132.71499999999997
1658106700,XMRUSDT,Buy,2.87,139.70,ZeroMinusTick,1b141723-5014-532c-8b84-f04cb08a1819,4.00939e+10,2.87,400.93899999999996
1658106705,XMRUSDT,Sell,0.06,139.60,MinusTick,8814bd68-f7d3-50e6-8ced-a684e17ce09e,8.376e+08,0.06,8.376
1658106705,XMRUSDT,Buy,2.87,139.65,PlusTick,e80a65e5-dc2a-5493-894a-f83294f6c695,4.007955e+10,2.87,400.7955
1658106753,XMRUSDT,Sell,3.68,139.55,MinusTick,e502556b-f902-5370-9ab2-c425fc98bd9e,5.135440000000001e+10,3.68,513.5440000000001
1658106753,XMRUSDT,Sell,0.14,139.55,ZeroMinusTick,471226a5-96a5-54d9-8190-6085622619fd,1.9537000000000002e+09,0.14,19.537000000000003
1658106753,XMRUSDT,Sell,0.55,139.55,ZeroMinusTick,f04f0abd-03d1-554c-9297-d9bb5bffc3a6,7.675250000000001e+09,0.55,76.75250000000001
1658106753,XMRUSDT,Sell,0.02,139.55,ZeroMinusTick,e26fcc8e-a0c9-526f-aaa2-f8a891722944,2.7910000000000006e+08,0.02,2.7910000000000004
1658106753,XMRUSDT,Sell,2.61,139.55,ZeroMinusTick,f47be5b3-0f36-531f-859d-e7b8a45a9dfe,3.642255e+10,2.61,364.2255
1658106754,XMRUSDT,Buy,0.01,139.55,ZeroMinusTick,b369552d-505f-5db9-854b-76ce8fb7ac06,1.3955000000000003e+08,0.01,1.3955000000000002
1658106853,XMRUSDT,Buy,0.01,139.55,ZeroMinusTick,66605298-ad04-50fe-97b6-b221e25d180b,1.3955000000000003e+08,0.01,1.3955000000000002
1658106987,XMRUSDT,Buy,6.04,139.55,ZeroMinusTick,d31e4bc4-5567-5dd8-a32c-e57197d95ad6,8.42882e+10,6.04,842.8820000000001
1658107021,XMRUSDT,Buy,5.37,139.55,ZeroMinusTick,7ea7a99b-8115-5d17-a451-9a626468dbbd,7.493835e+10,5.37,749.3835
1658107030,XMRUSDT,Sell,7,139.55,ZeroMinusTick,92b2fe9d-7b42-5043-9133-0d732bf29ba5,9.768500000000002e+10,7,976.8500000000001
1658107053,XMRUSDT,Buy,0.12,139.65,PlusTick,53e4c916-a3b8-5283-879b-43db72c8e5a0,1.6758e+09,0.12,16.758
1658107084,XMRUSDT,Sell,7,139.50,MinusTick,2acd2499-f4b3-569f-a1db-d095b4fbe079,9.765e+10,7,976.5
1658107120,XMRUSDT,Buy,7,139.55,PlusTick,51a7757d-8248-5449-a9ca-8243cbf83d19,9.768500000000002e+10,7,976.8500000000001
1658107123,XMRUSDT,Buy,0.2,139.65,PlusTick,2f758df2-2a93-5340-80da-214841bae2e7,2.7930000000000005e+09,0.2,27.930000000000003
1658107128,XMRUSDT,Sell,0.29,139.55,MinusTick,e31350a2-fe3f-55c5-8243-0c446aaac642,4.0469500000000005e+09,0.29,40.469500000000004
1658107267,XMRUSDT,Sell,1.92,139.55,ZeroMinusTick,6253e7fd-fbf2-57f0-901d-c02c77222c7e,2.6793600000000004e+10,1.92,267.93600000000004
1658107293,XMRUSDT,Sell,1,139.50,MinusTick,92086b31-3e16-5d3d-9ef5-13b8fc3a14fb,1.395e+10,1,139.5
1658107357,XMRUSDT,Buy,7,139.45,MinusTick,7b34b0b4-3503-5894-b6aa-04c664b092b3,9.761499999999998e+10,7,976.1499999999999
1658107403,XMRUSDT,Sell,1.92,139.50,PlusTick,a098f849-4f9a-5880-8e61-77a4fa400738,2.6783999999999996e+10,1.92,267.84
1658107403,XMRUSDT,Sell,7,139.50,ZeroMinusTick,8eca4d52-5bed-5655-a95b-ca00c78c3d19,9.765e+10,7,976.5
1658107406,XMRUSDT,Sell,1.92,139.45,MinusTick,ab8ea391-434e-5295-a78f-08fd1fe0a4be,2.6774399999999996e+10,1.92,267.74399999999997
1658107426,XMRUSDT,Buy,14.37,139.45,ZeroMinusTick,3eadc857-3dc6-5d15-bd49-2e35f29b63ca,2.0038964999999997e+11,14.37,2003.8964999999998
1658107433,XMRUSDT,Buy,0.02,139.50,PlusTick,7047c3f0-0ba2-561f-8341-43f547ef2d04,2.79e+08,0.02,2.79
1658107454,XMRUSDT,Buy,1,139.60,PlusTick,30cd3a4b-d9b0-5de8-aec0-9e8146422deb,1.396e+10,1,139.6
1658107531,XMRUSDT,Sell,3.91,139.50,MinusTick,7d4bb6dc-4076-5804-8c60-04f5eab4d005,5.454450000000001e+10,3.91,545.445
1658107531,XMRUSDT,Sell,7,139.50,ZeroMinusTick,eed33fe7-28df-58aa-9024-672bafa63c92,9.765e+10,7,976.5
1658107531,XMRUSDT,Sell,3.91,139.45,MinusTick,c37f778f-9d5f-562d-b7d2-3110a6f2b275,5.452495e+10,3.91,545.2495
1658107531,XMRUSDT,Sell,1.46,139.45,ZeroMinusTick,6bac7250-556e-5ec5-8185-e1251631bd81,2.0359699999999996e+10,1.46,203.59699999999998
1658107531,XMRUSDT,Sell,2.4,139.45,ZeroMinusTick,c1cf8aa8-1ba8-534b-9219-05c3dd23c42d,3.3467999999999996e+10,2.4,334.67999999999995
1658107531,XMRUSDT,Sell,7,139.45,ZeroMinusTick,21f78ae4-16da-5440-9e0a-9859a2e64a5c,9.761499999999998e+10,7,976.1499999999999
1658107531,XMRUSDT,Sell,13.65,139.40,MinusTick,b93c8681-cc03-5d1a-8527-63ecb39a875f,1.9028100000000003e+11,13.65,1902.8100000000002
1658107531,XMRUSDT,Sell,1.44,139.35,MinusTick,4d4b2476-b4f0-5e3f-8c77-a8ccda63a717,2.00664e+10,1.44,200.664
1658107531,XMRUSDT,Sell,4.83,139.35,ZeroMinusTick,956d8a39-f831-5fc9-b985-805d32040711,6.730604999999999e+10,4.83,673.0604999999999
1658107531,XMRUSDT,Sell,0.9,139.35,ZeroMinusTick,364a897a-a567-513a-b8f2-62fa57a37a51,1.25415e+10,0.9,125.41499999999999
1658107531,XMRUSDT,Buy,1.92,139.40,PlusTick,af06ef82-9474-59b5-b530-aeeb259d8941,2.6764800000000004e+10,1.92,267.648
1658107531,XMRUSDT,Buy,7.17,139.40,ZeroMinusTick,f7f77447-22ec-52f2-b528-e1fafaadef39,9.99498e+10,7.17,999.498
1658107531,XMRUSDT,Buy,2.43,139.40,ZeroMinusTick,1b385528-e152-5ea9-9418-55b5728648e3,3.38742e+10,2.43,338.742
1658107531,XMRUSDT,Buy,21.23,139.45,PlusTick,4a4956a9-c66f-5aa1-9ecb-bc5ba38f25bf,2.9605235e+11,21.23,2960.5235
1658107531,XMRUSDT,Buy,12.28,139.45,ZeroMinusTick,c7e7fd8f-a592-5a17-8bd2-0b312bb6af02,1.7124459999999997e+11,12.28,1712.4459999999997
1658107531,XMRUSDT,Sell,1.44,139.25,MinusTick,8ef30ab7-49ce-5cb2-904c-3efade4584f5,2.0052e+10,1.44,200.51999999999998
1658107531,XMRUSDT,Sell,1.92,139.25,ZeroMinusTick,7124f58e-b16d-50f6-b167-33d5a840124c,2.6736e+10,1.92,267.36
1658107531,XMRUSDT,Sell,7,139.20,MinusTick,af4755f3-3bd2-5bdc-afb0-3a168fe53b13,9.743999999999998e+10,7,974.3999999999999
1658107531,XMRUSDT,Sell,1.92,139.20,ZeroMinusTick,02450cd0-ce48-529d-81c4-58ce0f82e22d,2.6726399999999996e+10,1.92,267.26399999999995
1658107531,XMRUSDT,Sell,1.92,139.15,MinusTick,4b4fecf0-6b86-519d-90af-61231200d384,2.67168e+10,1.92,267.168
1658107531,XMRUSDT,Sell,4.15,139.15,ZeroMinusTick,bdb59b52-527b-5c95-84eb-22f9c1699f5c,5.774725000000001e+10,4.15,577.4725000000001
1658107531,XMRUSDT,Sell,1.92,139.20,PlusTick,725b0eaf-48d8-547b-84a3-57b1f9ccdc85,2.6726399999999996e+10,1.92,267.26399999999995
1658107531,XMRUSDT,Sell,2.3,139.15,MinusTick,e5002d21-6173-571f-af1c-f553ea8c1e19,3.20045e+10,2.3,320.045
1658107531,XMRUSDT,Buy,1.12,139.25,PlusTick,81d54064-362c-5850-b903-885f39e31945,1.5596e+10,1.12,155.96
1658107532,XMRUSDT,Buy,1.44,139.25,ZeroMinusTick,ae72678e-2caf-5690-8354-fb77e9165590,2.0052e+10,1.44,200.51999999999998
1658107543,XMRUSDT,Buy,3.91,139.40,PlusTick,d70c0dd7-4046-53f1-819c-f63387d6279e,5.450540000000001e+10,3.91,545.0540000000001
1658107543,XMRUSDT,Buy,7,139.40,ZeroMinusTick,3e3fe906-5add-556d-a113-180c6b7b269e,9.758e+10,7,975.8000000000001
1658107543,XMRUSDT,Buy,12.28,139.40,ZeroMinusTick,a047d8e6-54b3-56de-a981-e01959a2de2c,1.711832e+11,12.28,1711.8319999999999
1658107543,XMRUSDT,Buy,4.45,139.40,ZeroMinusTick,aaa9e335-8324-54e6-8d8e-964841921565,6.203300000000001e+10,4.45,620.33
1658107543,XMRUSDT,Buy,3.58,139.45,PlusTick,c3c2a342-c1fe-5b08-8d09-2168c6af662c,4.99231e+10,3.58,499.231
1658107543,XMRUSDT,Buy,10.25,139.45,ZeroMinusTick,011dba72-b6b3-5db1-b9a1-7934e926df77,1.4293625e+11,10.25,1429.3625
1658107543,XMRUSDT,Buy,3.91,139.45,ZeroMinusTick,f7ae297e-28f2-52c6-a863-9ee7234492ed,5.452495e+10,3.91,545.2495
1658107543,XMRUSDT,Buy,13.97,139.50,PlusTick,40e8cb9b-239c-5203-be67-ecfed5cd1a54,1.948815e+11,13.97,1948.815
1658107543,XMRUSDT,Buy,3.91,139.50,ZeroMinusTick,c5bed64e-c7e9-5d67-9b6d-f721c30d4a05,5.454450000000001e+10,3.91,545.445
1658107544,XMRUSDT,Buy,1.44,139.55,PlusTick,180b3b1a-ac17-5880-9269-67fde9943ccb,2.00952e+10,1.44,200.952
1658107544,XMRUSDT,Buy,19.72,139.55,ZeroMinusTick,4995f799-2a98-5db9-aeaa-4cfc8352b15d,2.751926e+11,19.72,2751.926
1658107544,XMRUSDT,Buy,1.92,139.60,PlusTick,cfeba9bb-b502-5ae6-a4e5-e3f85fa349c2,2.68032e+10,1.92,268.032
1658107563,XMRUSDT,Sell,0.18,139.40,MinusTick,63b0c251-ed97-59ba-9185-306570feb85b,2.5092e+09,0.18,25.092
1658107601,XMRUSDT,Buy,1.92,139.50,PlusTick,4f1d6ffc-da4c-58e2-ba60-34f89a2379a3,2.6783999999999996e+10,1.92,267.84
1658107601,XMRUSDT,Buy,3.91,139.55,PlusTick,8cb62382-92e2-54d1-b6b8-6b1dc6aa3de3,5.456405000000001e+10,3.91,545.6405000000001
1658107601,XMRUSDT,Buy,4.17,139.55,ZeroMinusTick,75f45eb5-2ccf-5e23-938b-663fff514342,5.819235e+10,4.17,581.9235
1658107612,XMRUSDT,Buy,19.72,139.55,ZeroMinusTick,26dc7022-1a8f-5901-b374-d240f0997f88,2.751926e+11,19.72,2751.926
1658107612,XMRUSDT,Buy,0.28,139.55,ZeroMinusTick,a241cec4-6d8f-5d07-b42f-a84fa8d7e53e,3.9074000000000005e+09,0.28,39.074000000000005
1658107703,XMRUSDT,Buy,0.01,139.55,ZeroMinusTick,a280a72c-d15a-58be-aa0c-d9ff04f7f10a,1.3955000000000003e+08,0.01,1.3955000000000002
1658107726,XMRUSDT,Sell,7,139.60,PlusTick,e1fcb660-60c1-597d-af3e-b50c0f1416c3,9.772e+10,7,977.1999999999999
1658107851,XMRUSDT,Sell,2.11,139.65,PlusTick,96725be7-a4aa-515d-a828-94943f811a52,2.946615e+10,2.11,294.6615
1658107881,XMRUSDT,Buy,1.92,139.70,PlusTick,a5297c98-b81b-582b-980a-e2fef481bcd2,2.68224e+10,1.92,268.224
1658107893,XMRUSDT,Buy,0.15,139.80,PlusTick,f0b01c7c-48b2-5b4c-9299-1291082ec0d9,2.0970000000000002e+09,0.15,20.970000000000002
1658107893,XMRUSDT,Buy,0.85,139.80,ZeroMinusTick,ffd4e184-f8ce-5149-ac74-dc7b5dbae087,1.1883000000000002e+10,0.85,118.83000000000001
1658107893,XMRUSDT,Buy,0.12,139.80,ZeroMinusTick,c445d722-4259-5939-9c7e-19b1b9873cf3,1.6776e+09,0.12,16.776
1658107910,XMRUSDT,Sell,0.17,139.75,MinusTick,2e02d8b0-fbc0-5447-b646-7c198dbdc62c,2.37575e+09,0.17,23.7575
1658108026,XMRUSDT,Sell,0.1,139.60,MinusTick,b69141a3-c970-515c-a066-1d078a02a17a,1.396e+09,0.1,13.96
1658108043,XMRUSDT,Sell,0.01,139.65,PlusTick,54b07381-2769-5e50-9c41-0c21434eb629,1.3965e+08,0.01,1.3965
1658108057,XMRUSDT,Buy,7,139.80,PlusTick,5382f7ff-6e2a-545c-bafc-8aa8d9c91024,9.786000000000002e+10,7,978.6000000000001
1658108066,XMRUSDT,Buy,0.01,139.90,PlusTick,169a8f5e-44c0-5137-b873-864aa7dbb6ef,1.399e+08,0.01,1.399
1658108083,XMRUSDT,Buy,0.08,139.95,PlusTick,759b8776-59cc-5308-b30b-247887e18637,1.1196e+09,0.08,11.196
1658108083,XMRUSDT,Buy,7.17,139.95,ZeroMinusTick,848078e7-208a-550b-879d-6669229868bf,1.0034414999999998e+11,7.17,1003.4414999999999
1658108084,XMRUSDT,Buy,1.25,140.00,PlusTick,c97e20c8-a814-569a-a5e3-6b9774f971be,1.75e+10,1.25,175
1658108084,XMRUSDT,Buy,0.08,140.00,ZeroMinusTick,46d0f2ec-967a-5899-bbd5-4820994802c2,1.12e+09,0.08,11.200000000000001
1658108084,XMRUSDT,Buy,2.11,140.00,ZeroMinusTick,617fa8dc-865e-5fee-b934-17a643c6c663,2.9539999999999996e+10,2.11,295.4
1658108084,XMRUSDT,Buy,14.1,140.00,ZeroMinusTick,8d4429c0-a572-5b64-8d7d-65f9b8c2dea7,1.974e+11,14.1,1974
1658108084,XMRUSDT,Buy,1,140.00,ZeroMinusTick,2fe41973-a2a9-56ce-8329-b0e06d002cd1,1.4e+10,1,140
1658108084,XMRUSDT,Buy,1.18,140.00,ZeroMinusTick,8638d998-84f6-5059-9df9-6dc51fe52430,1.6519999999999998e+10,1.18,165.2
1658108084,XMRUSDT,Buy,5.82,140.00,ZeroMinusTick,7a3f81f4-8415-5d51-872f-fcef3ae540c9,8.148e+10,5.82,814.8000000000001
1658108085,XMRUSDT,Buy,7,140.05,PlusTick,49467532-62c0-5bfb-82d4-c674404a97ec,9.803500000000002e+10,7,980.3500000000001
1658108085,XMRUSDT,Buy,0.5,140.15,PlusTick,acc518d8-7b67-5142-a935-f0c4908337a4,7.0075e+09,0.5,70.075
1658108085,XMRUSDT,Buy,1.44,140.15,ZeroMinusTick,ca201fa4-3a5b-58bc-9308-fe5a2babbc2d,2.01816e+10,1.44,201.816
1658108085,XMRUSDT,Buy,3.91,140.15,ZeroMinusTick,703897fd-6579-54d3-ba60-a86c9b4e517d,5.479865000000001e+10,3.91,547.9865000000001
1658108085,XMRUSDT,Buy,16.62,140.15,ZeroMinusTick,85f07e9c-e396-52b8-9a88-706cb308ecc9,2.329293e+11,16.62,2329.293
1658108087,XMRUSDT,Buy,1.92,140.15,ZeroMinusTick,6dd8b39c-7af5-5911-a6af-a24269c1e417,2.6908800000000004e+10,1.92,269.088
1658108087,XMRUSDT,Buy,5.43,140.20,PlusTick,fe6406a3-7ddb-5559-95a5-7ccea97807af,7.61286e+10,5.43,761.286
1658108087,XMRUSDT,Buy,6.05,140.20,ZeroMinusTick,bf85c382-f6c9-58e5-ad27-ae9f6a669d26,8.482099999999998e+10,6.05,848.2099999999999
1658108087,XMRUSDT,Buy,19.72,140.20,ZeroMinusTick,be0c8f1a-2e1b-5d24-b145-9022b5adef6d,2.7647439999999994e+11,19.72,2764.7439999999997
1658108099,XMRUSDT,Sell,0.08,140.15,MinusTick,a59bc8af-304c-5984-b358-ab825a0db41b,1.1212000000000002e+09,0.08,11.212000000000002
1658108103,XMRUSDT,Sell,7,140.15,ZeroMinusTick,d1e67223-c773-55fa-86a0-94867b301e9d,9.8105e+10,7,981.0500000000001
1658108106,XMRUSDT,Sell,0.01,140.00,MinusTick,d88991f9-1c78-5ee4-942d-0ad297e7240c,1.4e+08,0.01,1.4000000000000001
1658108119,XMRUSDT,Sell,7,140.10,PlusTick,71429048-c87e-5de5-94c0-6f73fba7f291,9.807e+10,7,980.6999999999999
1658108119,XMRUSDT,Sell,1.92,140.05,MinusTick,4fe6476c-858c-5a6b-a27f-9b76f74e18f4,2.68896e+10,1.92,268.896
1658108119,XMRUSDT,Sell,7,140.05,ZeroMinusTick,405f8ad3-e60d-52d6-9d44-f62e0647cd40,9.803500000000002e+10,7,980.3500000000001
1658108119,XMRUSDT,Sell,3.9,140.00,MinusTick,933faad7-0b3b-57b3-bc0b-3976155650c0,5.46e+10,3.9,546
1658108119,XMRUSDT,Sell,0.01,140.00,ZeroMinusTick,454344ce-cc9e-5bae-be07-0465f1bc9f65,1.4e+08,0.01,1.4000000000000001
1658108119,XMRUSDT,Sell,1.92,140.00,ZeroMinusTick,5d050d92-61ce-52d7-9813-2150ddf60806,2.688e+10,1.92,268.8
1658108119,XMRUSDT,Sell,6.26,140.00,ZeroMinusTick,343dab5e-0734-562b-bcd7-20aceb71b967,8.764e+10,6.26,876.4
1658108203,XMRUSDT,Sell,0.07,139.90,MinusTick,26f983af-261c-546f-b48e-4a1d341502a4,9.793000000000001e+08,0.07,9.793000000000001
1658108233,XMRUSDT,Sell,0.15,139.90,ZeroMinusTick,31138291-8f43-5d0f-988a-880a349b6856,2.0985e+09,0.15,20.985
1658108234,XMRUSDT,Sell,1.77,139.90,ZeroMinusTick,0fdd64f5-0f3e-594b-b246-787364e5744d,2.47623e+10,1.77,247.62300000000002
1658108234,XMRUSDT,Sell,5.36,139.90,ZeroMinusTick,7c456ab1-097e-5b77-9396-d3f9fb033dfa,7.49864e+10,5.36,749.864
1658108343,XMRUSDT,Sell,0.1,139.85,MinusTick,930466ce-2df0-579f-893c-3fb69f59e93d,1.3985e+09,0.1,13.985
1658108386,XMRUSDT,Buy,3.85,139.95,PlusTick,001f32da-8ea0-5c22-98c4-27eac81f7837,5.388075e+10,3.85,538.8075
1658108462,XMRUSDT,Sell,7,139.95,ZeroMinusTick,c698c107-64ce-5f70-afd4-735adae96a79,9.796499999999998e+10,7,979.6499999999999
1658108462,XMRUSDT,Sell,5.36,139.90,MinusTick,bd2989ab-d948-52fb-9670-27ee0e34bc2c,7.49864e+10,5.36,749.864
1658108462,XMRUSDT,Sell,19.72,139.90,ZeroMinusTick,a42e2309-4a48-5c24-af5c-fbeac1abde56,2.758828e+11,19.72,2758.828
1658108462,XMRUSDT,Sell,3.91,139.90,ZeroMinusTick,6d29ff88-9a0c-5f93-b084-41b92cb545f8,5.47009e+10,3.91,547.009
1658108462,XMRUSDT,Sell,7,139.90,ZeroMinusTick,32578b60-d6aa-5f1f-b606-d538d71ff232,9.793e+10,7,979.3000000000001
1658108462,XMRUSDT,Sell,3.91,139.85,MinusTick,e702c545-9967-5edf-813a-e2bfb56f472a,5.468135e+10,3.91,546.8135
1658108462,XMRUSDT,Sell,14.59,139.85,ZeroMinusTick,d5b69102-d196-5d10-8985-7710ddfecf84,2.0404115e+11,14.59,2040.4115
1658108462,XMRUSDT,Sell,18.87,139.85,ZeroMinusTick,f9d5f70a-773f-5f09-8dcd-b49799a2a00d,2.6389695000000003e+11,18.87,2638.9695
1658108462,XMRUSDT,Sell,1.44,139.75,MinusTick,bab49040-aa45-5f84-adf2-4635c19ec713,2.0123999999999996e+10,1.44,201.23999999999998
1658108462,XMRUSDT,Sell,19.72,139.75,ZeroMinusTick,05ae45d5-28c3-571a-85ea-4a3d47e5b3b8,2.75587e+11,19.72,2755.87
1658108463,XMRUSDT,Sell,7,139.70,MinusTick,5d969f21-84ee-5ba9-8ce6-3c2418c0d7ce,9.778999999999998e+10,7,977.8999999999999
1658108463,XMRUSDT,Sell,1.44,139.65,MinusTick,053d6525-3c71-5057-a656-1194170b4326,2.01096e+10,1.44,201.096
1658108464,XMRUSDT,Buy,2.11,139.75,PlusTick,5aa2a10b-f2a2-5f98-90a7-c2fbd0573513,2.948725e+10,2.11,294.8725
1658108464,XMRUSDT,Buy,5.36,139.75,ZeroMinusTick,88ca5c44-4d99-581c-bfae-6acc7628d782,7.4906e+10,5.36,749.0600000000001
1658108464,XMRUSDT,Buy,2.72,139.80,PlusTick,8d96a4f5-376c-5447-8be6-085df25d651d,3.802560000000001e+10,2.72,380.2560000000001
1658108464,XMRUSDT,Buy,4.28,139.80,ZeroMinusTick,34abbead-f424-5c9f-9ba0-7e02a832abac,5.983440000000001e+10,4.28,598.344
1658108503,XMRUSDT,Buy,0.05,140.00,PlusTick,d6b36b83-3796-5eb7-8e6f-76e024645882,7e+08,0.05,7
1658108544,XMRUSDT,Sell,0.01,140.15,PlusTick,47ae21f2-b8a7-50fe-9d58-92e68c8d5364,1.4015000000000003e+08,0.01,1.4015000000000002
1658108573,XMRUSDT,Sell,0.2,140.10,MinusTick,fff00084-d469-543f-8bca-1f602597bc7b,2.802e+09,0.2,28.02
1658108611,XMRUSDT,Buy,0.13,140.30,PlusTick,8db69b37-5e4f-5d3d-82c4-d59fb301e8ee,1.8239e+09,0.13,18.239
1658108652,XMRUSDT,Sell,7,140.20,MinusTick,3ea5c1b6-8263-595b-add1-e33c74c4a1cc,9.813999999999998e+10,7,981.3999999999999
1658108710,XMRUSDT,Sell,7,140.30,PlusTick,e94e7f4a-a14a-5d2d-b1f0-754ce9c3dc51,9.821000000000002e+10,7,982.1000000000001
1658108713,XMRUSDT,Sell,0.01,140.25,MinusTick,106fd3d8-2dad-5e4f-8485-544cde061e50,1.4025e+08,0.01,1.4025
1658108839,XMRUSDT,Buy,1.92,140.35,PlusTick,c2d32edf-91fd-50f6-9c14-8778f7b490b3,2.6947199999999996e+10,1.92,269.472
1658108839,XMRUSDT,Buy,3.91,140.40,PlusTick,b74fddae-ec2f-53f8-9a54-a2eb57a174ae,5.489640000000001e+10,3.91,548.964
1658108839,XMRUSDT,Buy,13.79,140.40,ZeroMinusTick,92740965-147d-5109-a608-7aa03c6331d9,1.936116e+11,13.79,1936.116
1658108839,XMRUSDT,Buy,19.72,140.40,ZeroMinusTick,dee5c097-7d6d-5d34-8f1d-4449a21e9943,2.768688e+11,19.72,2768.688
1658108839,XMRUSDT,Buy,1.92,140.40,ZeroMinusTick,cc505efa-cfc2-5abc-80a9-7c3ef7a76bba,2.69568e+10,1.92,269.568
1658108839,XMRUSDT,Buy,12.85,140.40,ZeroMinusTick,a100cae5-ab42-5317-be2b-27fe44d2dffe,1.80414e+11,12.85,1804.14
1658108839,XMRUSDT,Buy,4.09,140.40,ZeroMinusTick,55a25292-1514-508a-9277-4c6aa28caab3,5.74236e+10,4.09,574.236
1658108839,XMRUSDT,Buy,7,140.40,ZeroMinusTick,3c1f3ad6-b03c-58b6-b24a-6e5fd26423fc,9.828e+10,7,982.8000000000001
1658108839,XMRUSDT,Buy,0.08,140.45,PlusTick,eee7e4c7-6632-5f77-b55d-35623e3491a1,1.1236e+09,0.08,11.235999999999999
1658108839,XMRUSDT,Buy,0.11,140.45,ZeroMinusTick,a1156bb4-a30d-53dc-8ade-6fa8bcac92ff,1.5449499999999998e+09,0.11,15.449499999999999
1658108839,XMRUSDT,Buy,0.42,140.45,ZeroMinusTick,afd89bec-d2d0-550f-9753-7a1b00ab85b8,5.898899999999999e+09,0.42,58.98899999999999
1658108839,XMRUSDT,Buy,0.44,140.45,ZeroMinusTick,71e1cf06-e342-5be3-a7e2-90886a9ddbb0,6.179799999999999e+09,0.44,61.797999999999995
1658108839,XMRUSDT,Buy,1,140.45,ZeroMinusTick,495bb31c-66c4-57a6-89b2-f95f86ea643d,1.4044999999999998e+10,1,140.45
1658108839,XMRUSDT,Buy,0.3,140.50,PlusTick,e1432201-72ba-5972-9f76-437650a3acc7,4.215e+09,0.3,42.15
1658108839,XMRUSDT,Buy,1.7,140.50,ZeroMinusTick,24d626e4-42b7-5b41-80a4-4de785e4df93,2.3885e+10,1.7,238.85
1658108839,XMRUSDT,Buy,1,140.50,ZeroMinusTick,11116d2f-6239-5aaf-8767-e12eebce51e6,1.405e+10,1,140.5
1658108839,XMRUSDT,Buy,2.23,140.50,ZeroMinusTick,77512e9e-2816-5917-bc94-44ba21840e31,3.13315e+10,2.23,313.315
1658108839,XMRUSDT,Buy,1,140.50,ZeroMinusTick,7d7f7e96-c985-5268-88a3-0b907035eee1,1.405e+10,1,140.5
1658108839,XMRUSDT,Buy,6,140.50,ZeroMinusTick,2c8a01de-9e8d-5517-bd65-2146c0f9b17b,8.43e+10,6,843
1658108840,XMRUSDT,Buy,0.6,140.55,PlusTick,c27547b2-cf8f-5877-b5a2-e8ec1682229a,8.433e+09,0.6,84.33
1658108840,XMRUSDT,Sell,5.5,140.45,MinusTick,d00c96a1-a695-5abb-9c8b-ee5d63d19f15,7.724749999999998e+10,5.5,772.4749999999999
1658108843,XMRUSDT,Buy,1.92,140.50,PlusTick,4f969f42-4f1c-5900-901c-ffd2ba38c269,2.6976e+10,1.92,269.76
1658108859,XMRUSDT,Sell,0.08,140.45,MinusTick,3d0951f6-26af-50ca-ad6a-3db83d110007,1.1236e+09,0.08,11.235999999999999
1658108859,XMRUSDT,Sell,7,140.45,ZeroMinusTick,41672071-3c70-5cb2-ac4e-ac6a74a6bb00,9.831499999999998e+10,7,983.1499999999999
1658108859,XMRUSDT,Sell,0.51,140.40,MinusTick,a238d093-51ea-54fa-931c-71491c8322eb,7.1604e+09,0.51,71.604
1658108870,XMRUSDT,Buy,7,140.45,PlusTick,54f0d37a-966a-5e4c-b6fa-de33a1a07fcd,9.831499999999998e+10,7,983.1499999999999
1658108886,XMRUSDT,Sell,7,140.55,PlusTick,a8b6686f-27b5-5760-bcc6-3346b71ed5c9,9.838500000000002e+10,7,983.8500000000001
1658108893,XMRUSDT,Buy,0.07,140.55,ZeroMinusTick,d455d396-59e2-5931-8012-a00101a1f23a,9.838500000000001e+08,0.07,9.838500000000002
1658109010,XMRUSDT,Buy,1.92,140.40,MinusTick,a3ebe624-9b84-5429-953e-6ade4b8d3790,2.69568e+10,1.92,269.568
1658109059,XMRUSDT,Sell,0.06,140.45,PlusTick,c5bdca27-fc55-5ab8-aae4-bcd80eb19407,8.427e+08,0.06,8.427
1658109139,XMRUSDT,Buy,0.01,140.55,PlusTick,d907d144-bd92-54d8-88cb-939f358eec2f,1.4055000000000003e+08,0.01,1.4055000000000002
1658109143,XMRUSDT,Buy,0.01,140.55,ZeroMinusTick,a596181b-c92a-58ff-967d-caed982257b9,1.4055000000000003e+08,0.01,1.4055000000000002
1658109165,XMRUSDT,Sell,0.39,140.40,MinusTick,5caf2bb4-f86c-5c55-b092-4d98494894df,5.475600000000001e+09,0.39,54.75600000000001
1658109229,XMRUSDT,Sell,1.92,140.30,MinusTick,9e635c45-1b3f-5bda-9347-3c5026a5092a,2.6937600000000004e+10,1.92,269.37600000000003
1658109229,XMRUSDT,Sell,12.28,140.30,ZeroMinusTick,8f6d23ce-fa64-5a76-a3dd-d9c980eb0b75,1.722884e+11,12.28,1722.884
1658109233,XMRUSDT,Sell,1.92,140.20,MinusTick,f6fe8497-2382-5e89-b328-8539097ed20e,2.6918399999999996e+10,1.92,269.18399999999997
1658109233,XMRUSDT,Sell,17.61,140.15,MinusTick,1331ff20-dcf7-53ad-8c1d-4ba053785386,2.4680414999999997e+11,17.61,2468.0415
1658109233,XMRUSDT,Sell,3.91,140.10,MinusTick,30712152-c821-5f2d-a693-e33742561a9f,5.477910000000001e+10,3.91,547.791
1658109233,XMRUSDT,Sell,16.94,140.10,ZeroMinusTick,b7b90444-6286-5c82-83a5-c9641d03b433,2.373294e+11,16.94,2373.294
1658109233,XMRUSDT,Sell,1.44,140.05,MinusTick,6f612ece-5969-5932-886b-b554d9d9dc36,2.01672e+10,1.44,201.672
1658109233,XMRUSDT,Sell,1.92,140.05,ZeroMinusTick,4de8df9d-2c07-58bf-96ca-bc276707293f,2.68896e+10,1.92,268.896
1658109240,XMRUSDT,Buy,1.6,140.20,PlusTick,1f6d2ecd-339b-5548-bbdb-a8fa18fdacc0,2.2432e+10,1.6,224.32
1658109253,XMRUSDT,Sell,1,140.10,MinusTick,34ba68b9-695b-59b0-8f8f-0c2039564926,1.401e+10,1,140.1
1658109284,XMRUSDT,Sell,1.92,140.00,MinusTick,68ad51bd-608b-5862-9dbc-6d450a99f28c,2.688e+10,1.92,268.8
1658109284,XMRUSDT,Sell,4.4,139.95,MinusTick,770f19e9-71cd-58bd-828e-e1276ca65fce,6.1578e+10,4.4,615.78
1658109284,XMRUSDT,Sell,3.91,139.95,ZeroMinusTick,e559e93c-0430-5b18-9318-e62d714aef3e,5.472044999999999e+10,3.91,547.2044999999999
1658109284,XMRUSDT,Sell,1.92,139.95,ZeroMinusTick,831e1d53-5c41-58be-93f9-cbbedbd11265,2.6870399999999996e+10,1.92,268.70399999999995
1658109346,XMRUSDT,Buy,0.89,140.15,PlusTick,ca8c41d7-024a-5872-ab26-247b336275c1,1.247335e+10,0.89,124.7335
1658109346,XMRUSDT,Buy,0.01,140.15,ZeroMinusTick,0d0f0694-8782-5462-8b4f-946ba95657e5,1.4015000000000003e+08,0.01,1.4015000000000002
1658109346,XMRUSDT,Buy,6.1,140.15,ZeroMinusTick,399e0679-c279-58e2-8557-622480e6d4a6,8.54915e+10,6.1,854.915
1658109357,XMRUSDT,Buy,7,140.15,ZeroMinusTick,7739094f-3cfb-5821-83aa-71c2509caf9f,9.8105e+10,7,981.0500000000001
1658109363,XMRUSDT,Sell,0.13,140.05,MinusTick,25253962-eeb0-5edb-8ffa-a1dc2417c02d,1.8206500000000002e+09,0.13,18.206500000000002
1658109375,XMRUSDT,Buy,7,140.20,PlusTick,5b2087e0-a5cf-54fb-a5f7-31a8792b6a4e,9.813999999999998e+10,7,981.3999999999999
1658109408,XMRUSDT,Sell,1.21,140.05,MinusTick,f2ce4649-11cf-52e5-8cb5-91afa6841155,1.694605e+10,1.21,169.4605
1658109483,XMRUSDT,Buy,0.01,140.20,PlusTick,063ac5f6-212c-5d23-a409-1f52734177e3,1.402e+08,0.01,1.402
1658109501,XMRUSDT,Buy,3.91,140.05,MinusTick,06fbed60-a54d-59c2-aadd-e20e279ef9b7,5.475955e+10,3.91,547.5955
1658109501,XMRUSDT,Buy,3.09,140.05,ZeroMinusTick,de664e9b-c780-5607-8811-5a808d86918a,4.327545e+10,3.09,432.7545
1658109573,XMRUSDT,Sell,1,140.10,PlusTick,08a55f21-e6f5-500d-95a2-83ad75713b17,1.401e+10,1,140.1
1658109605,XMRUSDT,Buy,7,140.20,PlusTick,4ba74794-f394-5584-95b5-1e0f7a255c1e,9.813999999999998e+10,7,981.3999999999999
1658109605,XMRUSDT,Buy,1.44,140.20,ZeroMinusTick,46e5ffd7-8f41-5dd4-8cdf-cf826671df89,2.0188799999999996e+10,1.44,201.88799999999998
1658109673,XMRUSDT,Buy,0.05,140.25,PlusTick,fc4000f0-ba6f-52bb-adf2-5ef74fe7850e,7.0125e+08,0.05,7.0125
1658109702,XMRUSDT,Buy,1.29,140.30,PlusTick,69629af4-efaa-59ce-8d78-556ff4f56b24,1.8098700000000004e+10,1.29,180.98700000000002
1658109752,XMRUSDT,Buy,7,140.05,MinusTick,23e08a0c-d555-596e-9306-7c2742e33ac4,9.803500000000002e+10,7,980.3500000000001
1658109752,XMRUSDT,Buy,5.18,140.05,ZeroMinusTick,4305c10c-4fbd-543b-95fc-cfb2823bd3ea,7.25459e+10,5.18,725.4590000000001
1658109753,XMRUSDT,Buy,2.97,140.05,ZeroMinusTick,695ad6df-bf6b-5723-8c4d-70cace66ef90,4.159485000000001e+10,2.97,415.9485000000001
1658109753,XMRUSDT,Buy,4.03,140.05,ZeroMinusTick,8a4a92fa-a762-5a4b-a3e1-a6f3f4cfce2c,5.644015000000001e+10,4.03,564.4015
1658109771,XMRUSDT,Buy,7,140.15,PlusTick,242dfeb7-8713-51de-a2b9-bdc17929d906,9.8105e+10,7,981.0500000000001
1658109789,XMRUSDT,Sell,7,140.20,PlusTick,3dd28c22-8589-526e-85c8-16a327dd1a62,9.813999999999998e+10,7,981.3999999999999
1658109789,XMRUSDT,Sell,5.35,140.10,MinusTick,a0196075-df84-5894-b90c-51641ecd369e,7.49535e+10,5.35,749.535
1658109789,XMRUSDT,Sell,8.18,140.10,ZeroMinusTick,b8171467-e9f7-5d16-92c7-da1c3b127508,1.1460179999999998e+11,8.18,1146.0179999999998
1658109789,XMRUSDT,Sell,16,140.10,ZeroMinusTick,94b0caf1-aff5-526b-8211-ea632978467c,2.2416e+11,16,2241.6
1658109789,XMRUSDT,Sell,0.69,140.10,ZeroMinusTick,ebad9c04-24d3-557f-88ae-68cee0a7938a,9.666899999999998e+09,0.69,96.66899999999998
1658109789,XMRUSDT,Sell,2,140.10,ZeroMinusTick,d53b6550-be5d-5b96-bbe5-fb3f2d8c94b3,2.802e+10,2,280.2
1658109838,XMRUSDT,Buy,1.92,140.15,PlusTick,646f0d48-7642-5c84-9542-ccc6a81d08ca,2.6908800000000004e+10,1.92,269.088
1658109838,XMRUSDT,Buy,1.54,140.15,ZeroMinusTick,36d85980-7c1e-5530-957f-f2c7b957de3f,2.15831e+10,1.54,215.83100000000002
1658109853,XMRUSDT,Buy,1,140.10,MinusTick,66ee24d4-796f-5b47-8147-5cad565e547d,1.401e+10,1,140.1
1658109896,XMRUSDT,Sell,0.06,139.90,MinusTick,510741d4-a62c-5360-8106-d23ad5247bc7,8.394e+08,0.06,8.394
1658109913,XMRUSDT,Buy,0.14,139.90,ZeroMinusTick,99a2dbd5-19f9-5063-a5d2-b1740db96905,1.9586000000000002e+09,0.14,19.586000000000002
1658109954,XMRUSDT,Sell,0.15,139.80,MinusTick,f9c49b05-2a5f-587e-9827-a7a9d37ddaba,2.0970000000000002e+09,0.15,20.970000000000002
1658109954,XMRUSDT,Sell,0.15,139.80,ZeroMinusTick,d703e5df-5ddc-5302-bfc6-9f6a9e7974b7,2.0970000000000002e+09,0.15,20.970000000000002
1658109973,XMRUSDT,Buy,0.01,139.80,ZeroMinusTick,2b5c7b5f-ddc8-5562-8d0c-d78e6d680df2,1.398e+08,0.01,1.3980000000000001
1658110138,XMRUSDT,Buy,8,139.70,MinusTick,42ee753a-d54b-5daf-ade0-dcb0702efe78,1.1175999999999998e+11,8,1117.6
1658110153,XMRUSDT,Buy,0.17,139.85,PlusTick,725f1b03-8542-59fd-826e-1d98781da235,2.37745e+09,0.17,23.7745
1658110175,XMRUSDT,Buy,0.58,139.85,ZeroMinusTick,ccd9b73a-af87-5410-88ad-4a0d617318e8,8.111299999999998e+09,0.58,81.11299999999999
1658110225,XMRUSDT,Sell,0.07,139.90,PlusTick,033362a4-c6bf-5a3b-b6d6-715cab34d1b6,9.793000000000001e+08,0.07,9.793000000000001
1658110225,XMRUSDT,Sell,6.93,139.90,ZeroMinusTick,1491fc5f-927f-5e08-8b18-5251f3a08e0d,9.69507e+10,6.93,969.507
1658110233,XMRUSDT,Sell,0.01,139.80,MinusTick,bfb87ac4-5919-55fd-ba1b-ae7d600e63b8,1.398e+08,0.01,1.3980000000000001
1658110276,XMRUSDT,Sell,7,139.85,PlusTick,221ea298-9f2a-5ad3-8d6e-bb2778193dd6,9.7895e+10,7,978.9499999999999
1658110363,XMRUSDT,Sell,7,139.80,MinusTick,dda88959-35df-5bc8-8fbd-181388b4935e,9.786000000000002e+10,7,978.6000000000001
1658110363,XMRUSDT,Sell,5.36,139.75,MinusTick,b0489040-31ad-52ab-867a-4493620eb192,7.4906e+10,5.36,749.0600000000001
1658110368,XMRUSDT,Buy,0.07,139.80,PlusTick,d9c9e368-1881-501f-8476-2bf4691ac403,9.786000000000001e+08,0.07,9.786000000000001
1658110368,XMRUSDT,Buy,6.93,139.80,ZeroMinusTick,d48578c8-da51-5d3f-bdb1-7f76af3fc6e6,9.688140000000002e+10,6.93,968.8140000000001
1658110413,XMRUSDT,Sell,0.01,139.80,ZeroMinusTick,3aeb9614-3d30-5165-a855-233bdf06edb6,1.398e+08,0.01,1.3980000000000001
1658110438,XMRUSDT,Sell,3.91,139.70,MinusTick,a5aa9000-62b2-5ab7-b15a-284a6babe8b7,5.46227e+10,3.91,546.227
1658110453,XMRUSDT,Sell,0.01,139.60,MinusTick,b61ba251-29b9-5566-84c0-f9c208e5cc55,1.396e+08,0.01,1.396
1658110507,XMRUSDT,Buy,7,139.70,PlusTick,cec3ec2d-7fee-55df-9501-4e388289d4ce,9.778999999999998e+10,7,977.8999999999999
1658110507,XMRUSDT,Buy,7,139.75,PlusTick,785f3c17-d983-58e5-b1c3-1d8aac3210ab,9.7825e+10,7,978.25
1658110623,XMRUSDT,Buy,0.05,139.90,PlusTick,d967a820-78eb-5997-9560-6fc858b072f6,6.995000000000001e+08,0.05,6.995000000000001
1658110703,XMRUSDT,Sell,0.01,139.95,PlusTick,7cddb31f-bd77-5005-adcc-92d51eac7bd3,1.3995e+08,0.01,1.3995
1658110743,XMRUSDT,Buy,0.01,139.95,ZeroMinusTick,2c3ddbb9-9ccc-5b37-977b-aed83eb76e9b,1.3995e+08,0.01,1.3995
1658110753,XMRUSDT,Buy,7,139.90,MinusTick,1129e1f9-49a5-54f7-b234-59a5aec11377,9.793e+10,7,979.3000000000001
1658110753,XMRUSDT,Buy,1.92,139.90,ZeroMinusTick,fdd19cef-538a-58ba-8c2b-29405f94c3da,2.68608e+10,1.92,268.608
1658110753,XMRUSDT,Buy,1.92,139.95,PlusTick,62c235be-8a3b-5990-9997-c10ca57e3584,2.6870399999999996e+10,1.92,268.70399999999995
1658110753,XMRUSDT,Buy,19.72,139.95,ZeroMinusTick,a0e67daf-5547-5c4e-9c48-cdee8ba66c10,2.7598139999999994e+11,19.72,2759.8139999999994
1658110753,XMRUSDT,Buy,3.91,139.95,ZeroMinusTick,89773ae9-6c00-518a-8247-f16305bc74dd,5.472044999999999e+10,3.91,547.2044999999999
1658110753,XMRUSDT,Buy,12.28,139.95,ZeroMinusTick,0975c7f8-1863-5cf2-916f-17f2b71f9c93,1.7185859999999997e+11,12.28,1718.5859999999998
1658110753,XMRUSDT,Buy,23.25,139.95,ZeroMinusTick,2ce8391c-b516-5da7-a62d-b065956c91e8,3.2538374999999994e+11,23.25,3253.8374999999996
1658110803,XMRUSDT,Buy,0.08,140.00,PlusTick,44553b17-5a01-526f-a433-044fb1722855,1.12e+09,0.08,11.200000000000001
1658110838,XMRUSDT,Buy,7,140.05,PlusTick,28b882ec-6d40-5c86-8cfb-da222778c6b6,9.803500000000002e+10,7,980.3500000000001
1658110983,XMRUSDT,Sell,7,139.90,MinusTick,7ed8c1a1-5848-522d-8523-3717ea1cb112,9.793e+10,7,979.3000000000001
1658110983,XMRUSDT,Sell,1.4,139.75,MinusTick,32236a06-9443-59d9-83cc-ceb3326e1eda,1.9564999999999996e+10,1.4,195.64999999999998
1658110983,XMRUSDT,Sell,7,139.75,ZeroMinusTick,eeca95c0-5013-55cf-8727-042eec1c50cc,9.7825e+10,7,978.25
1658110983,XMRUSDT,Sell,4.51,139.70,MinusTick,7b6c4699-f438-5884-ada5-25ddebd93dd4,6.300469999999999e+10,4.51,630.0469999999999
1658110983,XMRUSDT,Sell,0.93,139.70,ZeroMinusTick,d4feba0c-c76f-5e1a-adee-9b33eb5ef771,1.29921e+10,0.93,129.921
1658111004,XMRUSDT,Sell,1.92,139.65,MinusTick,546a38e5-b276-5199-a91f-dcb4f2a76704,2.68128e+10,1.92,268.128
1658111004,XMRUSDT,Sell,5.37,139.65,ZeroMinusTick,3f990e7d-aa2a-58b1-90cc-74a43aa6b2de,7.499205e+10,5.37,749.9205000000001
1658111004,XMRUSDT,Sell,12.71,139.60,MinusTick,18deae1c-9c94-596b-86c4-8e5f0c01eb81,1.774316e+11,12.71,1774.316
1658111013,XMRUSDT,Buy,0.01,139.70,PlusTick,ae52f337-2ce0-533b-af17-6e74dc90fa0b,1.397e+08,0.01,1.397
1658111043,XMRUSDT,Buy,2.71,139.70,ZeroMinusTick,71e48ed9-b08d-524d-9a99-0bfa970050bb,3.78587e+10,2.71,378.587
1658111043,XMRUSDT,Buy,4.29,139.70,ZeroMinusTick,eb182f35-0235-5789-b71e-9020502badde,5.99313e+10,4.29,599.313
1658111049,XMRUSDT,Buy,1.41,139.80,PlusTick,6d13284d-edd9-5801-8691-1b782fd7c0d1,1.97118e+10,1.41,197.118
1658111079,XMRUSDT,Buy,5.38,139.80,ZeroMinusTick,1cffad36-8e7f-554d-84f6-a90fa2bc2f0b,7.52124e+10,5.38,752.124
1658111152,XMRUSDT,Buy,3.91,139.80,ZeroMinusTick,6b1296f3-042d-53e4-a011-56a0e67ea1e7,5.466180000000001e+10,3.91,546.618
1658111153,XMRUSDT,Sell,1,139.85,PlusTick,084dbbab-c5b6-50c2-9d4f-b15aa8df0f53,1.3985e+10,1,139.85
1658111253,XMRUSDT,Sell,0.13,139.75,MinusTick,d5aac102-94d1-5123-a87a-3cb6d7780ac8,1.81675e+09,0.13,18.1675
1658111363,XMRUSDT,Sell,0.17,139.85,PlusTick,85fd376b-6b6a-5b8f-adda-7fb36c20abc5,2.37745e+09,0.17,23.7745
1658111433,XMRUSDT,Sell,1,139.90,PlusTick,b9bf2090-2114-5c0a-aacf-66f826ff7e98,1.399e+10,1,139.9
1658111442,XMRUSDT,Sell,6,139.90,ZeroMinusTick,0bdce762-c5e4-5f31-bfa6-25a7753300dc,8.394000000000002e+10,6,839.4000000000001
1658111463,XMRUSDT,Buy,0.14,139.90,ZeroMinusTick,7747e316-77ea-5c93-95cf-8b3c0314963f,1.9586000000000002e+09,0.14,19.586000000000002
1658111515,XMRUSDT,Buy,0.01,140.05,PlusTick,525cbf7d-070e-5fc7-9386-8bd89862dda7,1.4005e+08,0.01,1.4005
1658111515,XMRUSDT,Buy,3.88,140.05,ZeroMinusTick,ca2e7241-141c-57e0-900e-0d369baed190,5.43394e+10,3.88,543.394
1658111515,XMRUSDT,Buy,3.11,140.05,ZeroMinusTick,e9a5b51e-5b70-5376-b717-e0f427c6aec2,4.355555e+10,3.11,435.5555
1658111530,XMRUSDT,Buy,7,140.20,PlusTick,ab33d091-08da-574b-a57e-140c4d08cd76,9.813999999999998e+10,7,981.3999999999999
1658111530,XMRUSDT,Buy,1.92,140.20,ZeroMinusTick,41a48691-bb58-5fb4-8ed2-873eeda1edee,2.6918399999999996e+10,1.92,269.18399999999997
1658111583,XMRUSDT,Buy,0.19,140.25,PlusTick,af91e97c-5378-526e-af6c-8556ed02a4b1,2.66475e+09,0.19,26.6475
1658111609,XMRUSDT,Sell,7,140.15,MinusTick,28ca5d4c-74f7-5c2b-ab25-7c75a103aacd,9.8105e+10,7,981.0500000000001
1658111609,XMRUSDT,Sell,0.01,140.10,MinusTick,27082b0d-4652-528b-9244-ccca8c44bed9,1.401e+08,0.01,1.401
1658111609,XMRUSDT,Sell,3.3,140.10,ZeroMinusTick,b6a5bbc5-f76c-5668-a203-498dd87f1aef,4.6233e+10,3.3,462.33
1658111609,XMRUSDT,Sell,3.69,140.10,ZeroMinusTick,7b304349-40a0-5b2a-84bd-eda994cdeaf9,5.169689999999999e+10,3.69,516.9689999999999
1658111610,XMRUSDT,Sell,0.54,140.10,ZeroMinusTick,1ea02351-5757-5498-990d-d3cae5672c62,7.5654e+09,0.54,75.654
1658111610,XMRUSDT,Sell,1.12,140.10,ZeroMinusTick,1a3b5ed7-8886-5cca-9ba0-eba1b162a2c0,1.56912e+10,1.12,156.912
1658111610,XMRUSDT,Sell,2,140.10,ZeroMinusTick,4df010c0-d1e4-5869-aba1-641705a5fbde,2.802e+10,2,280.2
1658111610,XMRUSDT,Sell,1.69,140.10,ZeroMinusTick,f89b03ed-17a4-5ccd-8276-a3b4338c0a8c,2.3676899999999996e+10,1.69,236.76899999999998
1658111695,XMRUSDT,Buy,6.54,140.05,MinusTick,76a8cb37-bc41-5ea5-b2d0-1212d77994bd,9.159270000000002e+10,6.54,915.9270000000001
1658111719,XMRUSDT,Buy,0.46,140.05,ZeroMinusTick,94f08e96-ce6c-5307-9898-166755d09935,6.4423e+09,0.46,64.423
1658111753,XMRUSDT,Sell,0.01,140.10,PlusTick,854b0d68-fc77-5285-afd9-4fa037f71f40,1.401e+08,0.01,1.401
1658111781,XMRUSDT,Buy,7,140.15,PlusTick,b80dbcd3-686d-54b5-9d0b-2904c674a095,9.8105e+10,7,981.0500000000001
1658111783,XMRUSDT,Sell,0.07,140.15,ZeroMinusTick,4ca38c5e-dcfa-51f3-b79f-f2a5c8d3db37,9.810500000000001e+08,0.07,9.810500000000001
1658111790,XMRUSDT,Sell,7,140.25,PlusTick,787a770c-29b0-50dc-9074-89961cf1f625,9.8175e+10,7,981.75
1658111883,XMRUSDT,Buy,0.01,140.20,MinusTick,e3c5eae5-7f99-5c91-bd05-82869fd4d3e0,1.402e+08,0.01,1.402
1658111959,XMRUSDT,Buy,7,140.05,MinusTick,ecea0aac-e884-58fb-a602-85c27377e29d,9.803500000000002e+10,7,980.3500000000001
1658111995,XMRUSDT,Sell,7.17,140.10,PlusTick,466c00d4-30e7-5766-b96d-e55ab89a801c,1.004517e+11,7.17,1004.5169999999999
1658112003,XMRUSDT,Sell,0.01,140.10,ZeroMinusTick,68400dcb-0d92-5856-80d5-e2f50c2cee87,1.401e+08,0.01,1.401
1658112113,XMRUSDT,Buy,0.05,140.15,PlusTick,b9041854-1dca-5dfc-8e11-0666e6b14cd2,7.0075e+08,0.05,7.0075
1658112171,XMRUSDT,Buy,7,140.20,PlusTick,6c6f2ddf-1c3e-5ff0-af8a-ff0859a79f4a,9.813999999999998e+10,7,981.3999999999999
1658112171,XMRUSDT,Buy,5.35,140.20,ZeroMinusTick,56d2bf3c-9bfb-56fe-9cb8-90ed583df091,7.5007e+10,5.35,750.0699999999999
1658112171,XMRUSDT,Buy,13.98,140.25,PlusTick,c2018526-3466-5644-b800-24f2f388a0a9,1.9606950000000003e+11,13.98,1960.6950000000002
1658112171,XMRUSDT,Buy,5.74,140.25,ZeroMinusTick,24991bd8-cae6-5696-b48c-c114b35e237e,8.050350000000002e+10,5.74,805.0350000000001
1658112173,XMRUSDT,Buy,12.28,140.25,ZeroMinusTick,339e022e-9ba2-5e7d-a4e5-5abd680f6555,1.72227e+11,12.28,1722.27
1658112173,XMRUSDT,Buy,12.28,140.25,ZeroMinusTick,086c49ff-6689-51ba-8833-ec309d5737d0,1.72227e+11,12.28,1722.27
1658112173,XMRUSDT,Buy,20.16,140.25,ZeroMinusTick,494df09a-9e5d-5f0b-9ab0-99d01c5ecb73,2.82744e+11,20.16,2827.44
1658112173,XMRUSDT,Buy,7,140.25,ZeroMinusTick,8b2d6370-5287-5e30-9f24-6dbc16d68575,9.8175e+10,7,981.75
1658112173,XMRUSDT,Sell,1.41,140.25,ZeroMinusTick,e13bc112-8b6e-5b59-b54e-095bbd95b324,1.977525e+10,1.41,197.7525
1658112174,XMRUSDT,Buy,7,140.30,PlusTick,f865061c-881d-5868-8ca5-7dd6b2529e49,9.821000000000002e+10,7,982.1000000000001
1658112174,XMRUSDT,Buy,7.14,140.30,ZeroMinusTick,718c52aa-79e0-5b9a-8bb8-7c40f1109e81,1.001742e+11,7.14,1001.7420000000001
1658112200,XMRUSDT,Buy,2,140.60,PlusTick,3702b9ea-bd1a-5390-b0d5-f07612d3a7f1,2.812e+10,2,281.2
1658112200,XMRUSDT,Buy,1.99,140.60,ZeroMinusTick,d3233434-d54a-5e19-9c65-6f5362a0e76a,2.79794e+10,1.99,279.794
1658112200,XMRUSDT,Buy,0.01,140.60,ZeroMinusTick,895e3fa7-9605-595d-9a5f-ce080afec11e,1.406e+08,0.01,1.406
1658112203,XMRUSDT,Buy,0.14,140.70,PlusTick,369e908d-5157-5854-8499-5469478ba7aa,1.9698e+09,0.14,19.698
1658112203,XMRUSDT,Buy,7,140.70,ZeroMinusTick,eae0fa9a-7429-5d0b-aeae-ebe9c0cdeeb9,9.848999999999998e+10,7,984.8999999999999
1658112204,XMRUSDT,Buy,0.19,140.75,PlusTick,cdca7bc9-882d-5347-869e-021dbaefb32b,2.67425e+09,0.19,26.7425
1658112204,XMRUSDT,Buy,0.11,140.75,ZeroMinusTick,d8263cd1-17da-5cf9-a756-e00f272417bf,1.54825e+09,0.11,15.4825
1658112204,XMRUSDT,Buy,0.08,140.75,ZeroMinusTick,67f6cc1e-3bf6-585e-b6f9-9b045cfa7534,1.126e+09,0.08,11.26
1658112205,XMRUSDT,Buy,7,140.75,ZeroMinusTick,2544b31c-9e89-562e-8e54-c5c280f0cb51,9.8525e+10,7,985.25
1658112205,XMRUSDT,Buy,0.1,140.80,PlusTick,29baa590-c109-58c7-8c12-fc78637d849c,1.4080000000000002e+09,0.1,14.080000000000002
1658112205,XMRUSDT,Buy,0.19,140.80,ZeroMinusTick,aceb42be-25a1-573a-a6fd-0c649af404a7,2.6752000000000005e+09,0.19,26.752000000000002
1658112205,XMRUSDT,Buy,0.24,140.80,ZeroMinusTick,e88fb8c9-90f3-5304-a94a-25ffdf0a6461,3.3792e+09,0.24,33.792
1658112205,XMRUSDT,Buy,3.71,140.80,ZeroMinusTick,e2d320de-41c2-53e2-b94f-2ba09d008834,5.223680000000001e+10,3.71,522.368
1658112205,XMRUSDT,Buy,5.68,140.80,ZeroMinusTick,3437774f-6c06-52b2-a612-e86b1932c43b,7.99744e+10,5.68,799.744
1658112205,XMRUSDT,Buy,7,140.80,ZeroMinusTick,f57cc81f-563a-5f5d-a745-78baa3f1aca0,9.856000000000002e+10,7,985.6000000000001
1658112206,XMRUSDT,Buy,3,140.80,ZeroMinusTick,41fe95b1-bb05-5b06-8954-b94e69397635,4.224e+10,3,422.40000000000003
1658112206,XMRUSDT,Buy,4,140.80,ZeroMinusTick,a6ae0c30-79d5-5cc4-8b06-ba8a4d630c65,5.632000000000001e+10,4,563.2
1658112206,XMRUSDT,Buy,7,140.80,ZeroMinusTick,091f8cb5-377c-5cd3-a525-4210ac9eb05f,9.856000000000002e+10,7,985.6000000000001
1658112207,XMRUSDT,Buy,1.43,140.85,PlusTick,7f9c8a33-1027-5182-9d6c-9be33313e480,2.0141549999999996e+10,1.43,201.41549999999998
1658112207,XMRUSDT,Buy,12.28,140.85,ZeroMinusTick,e1b42227-dc69-552c-91b1-84b806a1dbe1,1.729638e+11,12.28,1729.638
1658112207,XMRUSDT,Buy,7,140.85,ZeroMinusTick,960e37d8-f8d3-5471-9e76-1a54cfe4bfe2,9.8595e+10,7,985.9499999999999
1658112210,XMRUSDT,Sell,7,140.80,MinusTick,1fa3420b-f3b2-5754-a510-34c410b26733,9.856000000000002e+10,7,985.6000000000001
1658112211,XMRUSDT,Sell,7,140.80,ZeroMinusTick,c869af79-2be9-5f78-bd55-b16d83a14aab,9.856000000000002e+10,7,985.6000000000001
1658112212,XMRUSDT,Sell,0.08,140.75,MinusTick,cf9fd7e3-e642-55a2-8f44-e27e423007d8,1.126e+09,0.08,11.26
1658112221,XMRUSDT,Sell,7,140.70,MinusTick,9b9bef64-526e-5d1e-bca7-d8b1f251d011,9.848999999999998e+10,7,984.8999999999999
1658112224,XMRUSDT,Buy,0.35,140.70,ZeroMinusTick,a3938d65-76ae-5dfc-beb7-282d3da82b6d,4.924499999999999e+09,0.35,49.24499999999999
1658112226,XMRUSDT,Buy,0.3,140.80,PlusTick,8c881295-9ed4-5dfa-a5c9-3e787ce81f02,4.224e+09,0.3,42.24
1658112233,XMRUSDT,Buy,0.01,140.80,ZeroMinusTick,c8fe4fa1-8735-50ff-a126-7570ae976f82,1.408e+08,0.01,1.4080000000000001
1658112236,XMRUSDT,Buy,7,140.80,ZeroMinusTick,3ff33d68-98de-5c4a-a007-8cde94120346,9.856000000000002e+10,7,985.6000000000001
1658112241,XMRUSDT,Sell,5.25,140.75,MinusTick,558f76f5-bcb5-5835-8924-6aa4e8323d47,7.389375e+10,5.25,738.9375
1658112241,XMRUSDT,Sell,1.08,140.75,ZeroMinusTick,9a6c68ac-4898-5ea1-a2a1-92ceb1cd3843,1.5201000000000002e+10,1.08,152.01000000000002
1658112241,XMRUSDT,Sell,0.18,140.75,ZeroMinusTick,1e90d785-bc3c-58ec-9d59-f3f2b096a748,2.5334999999999995e+09,0.18,25.334999999999997
1658112241,XMRUSDT,Sell,0.01,140.75,ZeroMinusTick,0c2d588e-e755-5978-8073-f37fdb7bd59c,1.4075e+08,0.01,1.4075
1658112241,XMRUSDT,Sell,0.02,140.75,ZeroMinusTick,4027f43a-989d-592c-9a0d-a491167a35cd,2.815e+08,0.02,2.815
1658112241,XMRUSDT,Sell,7.48,140.75,ZeroMinusTick,209855b5-b42a-5703-8826-a8447188a78c,1.0528100000000002e+11,7.48,1052.8100000000002
1658112242,XMRUSDT,Buy,0.09,140.75,ZeroMinusTick,5d202136-e762-5d0e-a3ed-e0a2da42ef71,1.2667499999999998e+09,0.09,12.667499999999999
1658112247,XMRUSDT,Buy,7,140.70,MinusTick,a474f6bb-63f4-5138-b334-548dda9fc305,9.848999999999998e+10,7,984.8999999999999
1658112253,XMRUSDT,Buy,5.66,140.80,PlusTick,20625443-5d15-5fde-8b71-1a27210cc769,7.969280000000002e+10,5.66,796.9280000000001
1658112253,XMRUSDT,Buy,0.07,140.80,ZeroMinusTick,8d8f72db-f2e0-5ec4-8ca6-5ecf4b36e749,9.856000000000001e+08,0.07,9.856000000000002
1658112253,XMRUSDT,Buy,0.01,140.80,ZeroMinusTick,fc2eee76-0ca3-5265-8bd7-fc8e8845229e,1.408e+08,0.01,1.4080000000000001
1658112253,XMRUSDT,Buy,0.01,140.80,ZeroMinusTick,831f2e01-8772-5fc5-9ef9-d3d2009492ac,1.408e+08,0.01,1.4080000000000001
1658112253,XMRUSDT,Buy,0.07,140.80,ZeroMinusTick,cf8e6e57-95ee-5610-80ce-5fe7112cdddb,9.856000000000001e+08,0.07,9.856000000000002
1658112253,XMRUSDT,Buy,0.01,140.80,ZeroMinusTick,a973a35b-344c-56ab-8fa1-69ff2c04c8b7,1.408e+08,0.01,1.4080000000000001
1658112253,XMRUSDT,Buy,0.04,140.80,ZeroMinusTick,437370c9-4a65-5b8e-82c9-d2bb8d926abf,5.632e+08,0.04,5.632000000000001
1658112253,XMRUSDT,Buy,0.02,140.80,ZeroMinusTick,b3a9688d-8a18-5ca0-bdd8-6abeaebb0336,2.816e+08,0.02,2.8160000000000003
1658112253,XMRUSDT,Buy,0.02,140.80,ZeroMinusTick,89187d1f-1cb3-5b40-8b77-40b4d8e6823b,2.816e+08,0.02,2.8160000000000003
1658112256,XMRUSDT,Sell,7,140.85,PlusTick,0997403a-a629-58ba-b079-72e7fc610566,9.8595e+10,7,985.9499999999999
1658112259,XMRUSDT,Buy,2.03,140.80,MinusTick,bd5b83bb-cb71-57cc-a779-cb2bdfe332c6,2.85824e+10,2.03,285.824
1658112259,XMRUSDT,Buy,0.01,140.80,ZeroMinusTick,fd872c2e-6141-534b-9c6a-baac05601f56,1.408e+08,0.01,1.4080000000000001
1658112259,XMRUSDT,Buy,0.01,140.80,ZeroMinusTick,1eb7b847-c7c0-5e36-b96d-fc08a159a32e,1.408e+08,0.01,1.4080000000000001
1658112259,XMRUSDT,Buy,0.04,140.80,ZeroMinusTick,9424e6ff-c4ac-5272-956b-5d53c104bee8,5.632e+08,0.04,5.632000000000001
1658112259,XMRUSDT,Buy,1.31,140.80,ZeroMinusTick,fe5e8fb4-ea89-5553-a2f2-9b43dc3ad795,1.8444800000000004e+10,1.31,184.44800000000004
1658112259,XMRUSDT,Buy,0.02,140.80,ZeroMinusTick,67b90538-d2f3-5b24-b7b4-c393ac21d5c3,2.816e+08,0.02,2.8160000000000003
1658112259,XMRUSDT,Buy,0.14,140.80,ZeroMinusTick,5f2dfcfd-958b-51d1-bb87-77d4ad3ddf5a,1.9712000000000002e+09,0.14,19.712000000000003
1658112259,XMRUSDT,Buy,0.02,140.80,ZeroMinusTick,54d3c23c-12b8-54a8-96ee-e6821c77a536,2.816e+08,0.02,2.8160000000000003
1658112259,XMRUSDT,Buy,1.23,140.80,ZeroMinusTick,f478ce0b-60e3-5f92-b04e-8fee2ae5308a,1.73184e+10,1.23,173.184
1658112259,XMRUSDT,Buy,0.01,140.80,ZeroMinusTick,44a187e1-2725-585c-ad30-28cbf3d48b0b,1.408e+08,0.01,1.4080000000000001
1658112259,XMRUSDT,Buy,0.87,140.80,ZeroMinusTick,b7aef69b-bea3-54ed-8742-aa4bd2e9e900,1.22496e+10,0.87,122.49600000000001
1658112264,XMRUSDT,Sell,7,140.75,MinusTick,816cd89a-f0a4-55e5-ab94-685602431127,9.8525e+10,7,985.25
1658112270,XMRUSDT,Sell,7,140.55,MinusTick,4214aba1-9037-5c72-980f-c3ac96f7af3f,9.838500000000002e+10,7,983.8500000000001
1658112277,XMRUSDT,Buy,0.13,140.70,PlusTick,add274d5-ca9c-5537-85ac-73f9270d4633,1.8291e+09,0.13,18.291
1658112279,XMRUSDT,Sell,12.28,140.70,ZeroMinusTick,4d64f1b5-8b19-501d-996c-115ed2bb9351,1.7277959999999997e+11,12.28,1727.7959999999998
1658112279,XMRUSDT,Sell,0.08,140.70,ZeroMinusTick,c62ace1b-4693-5da8-9dd0-f406087d1c4b,1.1255999999999998e+09,0.08,11.255999999999998
1658112290,XMRUSDT,Buy,7,140.70,ZeroMinusTick,12895b33-54c3-5b55-8822-5bec7072251b,9.848999999999998e+10,7,984.8999999999999
1658112308,XMRUSDT,Buy,1.92,140.95,PlusTick,1c2e5141-3868-5851-b9bb-52daedfdd55c,2.7062399999999996e+10,1.92,270.62399999999997
1658112308,XMRUSDT,Buy,12.28,140.95,ZeroMinusTick,14116e30-3df5-5bd5-b85b-ca07feddc7d4,1.7308659999999997e+11,12.28,1730.8659999999998
1658112308,XMRUSDT,Buy,3.91,140.95,ZeroMinusTick,728e2551-d84a-574e-bc92-10939329611b,5.511145e+10,3.91,551.1145
1658112308,XMRUSDT,Buy,4.44,140.95,ZeroMinusTick,0f437a49-8eb8-58f3-9c4c-e292ece8f6fc,6.25818e+10,4.44,625.818
1658112308,XMRUSDT,Buy,2.56,140.95,ZeroMinusTick,a65bd688-9f87-54a4-872f-8cbac457f961,3.60832e+10,2.56,360.832
1658112308,XMRUSDT,Sell,0.07,140.85,MinusTick,5fbc44f2-1cab-5e8b-9510-9d7006c6baf4,9.859500000000001e+08,0.07,9.8595
1658112320,XMRUSDT,Sell,0.04,140.85,ZeroMinusTick,9a43d470-a9f0-5bce-b741-692ab7100577,5.634e+08,0.04,5.6339999999999995
1658112334,XMRUSDT,Buy,1.76,140.80,MinusTick,de4219ed-2ba2-5bf3-95c1-8ba8c3468c96,2.4780800000000004e+10,1.76,247.80800000000002
1658112340,XMRUSDT,Sell,7,140.75,MinusTick,2e5f9a62-bdea-5014-b3b9-85dc974fabfb,9.8525e+10,7,985.25
1658112342,XMRUSDT,Sell,3.91,140.75,ZeroMinusTick,5e53c0ae-6290-5fef-9aab-0b0ec05d7fb8,5.503325e+10,3.91,550.3325
1658112342,XMRUSDT,Sell,3.09,140.75,ZeroMinusTick,c743668b-eed7-5298-a56c-096d7252e538,4.349174999999999e+10,3.09,434.91749999999996
1658112346,XMRUSDT,Sell,5.48,140.75,ZeroMinusTick,ce067df8-e346-544b-90cc-4ef9954c846e,7.7131e+10,5.48,771.3100000000001
1658112346,XMRUSDT,Sell,1.52,140.75,ZeroMinusTick,392cde17-8c51-5496-afe8-7f540250640c,2.1394e+10,1.52,213.94
1658112347,XMRUSDT,Buy,7,140.70,MinusTick,333ec1b0-8af3-52d6-ab1d-11c3ed90b996,9.848999999999998e+10,7,984.8999999999999
