timestamp,symbol,side,size,price,tickDirection,trdMatchID,grossValue,homeNotional,foreignNotional
1658275209,XMRUSDT,Sell,0.61,146.30,MinusTick,56efe17c-57f3-5e25-b608-5440707c4783,8.9243e+09,0.61,89.24300000000001
1658275209,XMRUSDT,Sell,0.58,146.30,ZeroMinusTick,232daa2b-ebbc-5da0-a476-e998c094db8a,8.4854e+09,0.58,84.854
1658275281,XMRUSDT,Sell,0.01,146.40,PlusTick,2ec4638c-6271-5715-bee3-40714d0f3a5d,1.4640000000000003e+08,0.01,1.4640000000000002
1658275281,XMRUSDT,Sell,0.06,146.40,ZeroMinusTick,5f38a68d-2a57-545b-9758-ecfd95db147a,8.784000000000001e+08,0.06,8.784
1658275281,XMRUSDT,Sell,0.04,146.40,ZeroMinusTick,9c8e6234-ca46-5ea1-881f-cfb8144f8d51,5.856000000000001e+08,0.04,5.856000000000001
1658275281,XMRUSDT,Sell,0.01,146.40,ZeroMinusTick,8e3c85db-5316-5742-aeaf-b8c0b5abbcd0,1.4640000000000003e+08,0.01,1.4640000000000002
1658275281,XMRUSDT,Sell,0.32,146.40,ZeroMinusTick,4b6d0254-80be-5227-8cf6-18c8b2d4232f,4.684800000000001e+09,0.32,46.848000000000006
1658275281,XMRUSDT,Sell,0.39,146.40,ZeroMinusTick,516f05cc-e0d6-5024-9928-676b320ecc93,5.7096e+09,0.39,57.096000000000004
1658275281,XMRUSDT,Sell,0.68,146.40,ZeroMinusTick,c4a4dbe9-6b7c-599d-af8c-d64b9affb0b4,9.9552e+09,0.68,99.552
1658275281,XMRUSDT,Sell,0.03,146.40,ZeroMinusTick,0b32042a-6bbd-5956-a1d5-dc83235acdd9,4.3920000000000006e+08,0.03,4.392
1658275281,XMRUSDT,Sell,0.01,146.40,ZeroMinusTick,ada42ab5-0895-509d-9b57-1249c2ab60d6,1.4640000000000003e+08,0.01,1.4640000000000002
1658275281,XMRUSDT,Sell,0.02,146.40,ZeroMinusTick,12a07a10-4858-5be3-82b5-869fef89a9c7,2.9280000000000006e+08,0.02,2.9280000000000004
1658275350,XMRUSDT,Buy,0.1,146.40,ZeroMinusTick,052636ee-fb80-599e-a79c-8d9b2df41699,1.464e+09,0.1,14.64
1658275372,XMRUSDT,Sell,7,146.40,ZeroMinusTick,95d32986-3805-5e27-86dd-ce357d0369ee,1.0248e+11,7,1024.8
1658275396,XMRUSDT,Sell,7,146.55,PlusTick,48dcf2a2-c656-5ae7-8aa8-24f310af9eb1,1.0258500000000002e+11,7,1025.8500000000001
1658275404,XMRUSDT,Sell,7,146.55,ZeroMinusTick,dab1211e-9883-5142-9725-ce352e0b14f7,1.0258500000000002e+11,7,1025.8500000000001
1658275410,XMRUSDT,Sell,0.11,146.45,MinusTick,bf7c52b9-b2f5-563a-bf4c-2373605179a7,1.61095e+09,0.11,16.1095
1658275424,XMRUSDT,Buy,5.12,146.30,MinusTick,923b728d-3091-58f7-a86a-5c50bf476c9c,7.49056e+10,5.12,749.056
1658275424,XMRUSDT,Buy,7,146.30,ZeroMinusTick,884e2176-9714-5df5-9a25-6b72a3a841fc,1.0241000000000002e+11,7,1024.1000000000001
1658275453,XMRUSDT,Buy,0.36,146.45,PlusTick,a20037eb-5c35-5cc2-adac-eeeca924f891,5.272199999999999e+09,0.36,52.721999999999994
1658275482,XMRUSDT,Sell,7,146.35,MinusTick,11c2d7e8-9007-5680-873f-40a2fd9d17d7,1.02445e+11,7,1024.45
1658275499,XMRUSDT,Sell,7,146.10,MinusTick,415118c0-bfff-5a77-9fdc-2520de8e8f50,1.0227e+11,7,1022.6999999999999
1658275558,XMRUSDT,Sell,2,146.15,PlusTick,dd2579aa-c49c-59e6-b139-ac36bfc0bd9f,2.923e+10,2,292.3
1658275558,XMRUSDT,Sell,5,146.15,ZeroMinusTick,086d96ad-8247-5039-8600-8afa13fdee2f,7.3075e+10,5,730.75
1658275570,XMRUSDT,Sell,0.07,146.00,MinusTick,d471afff-6039-5971-97ac-71382c9c71ac,1.0220000000000001e+09,0.07,10.22
1658275570,XMRUSDT,Sell,0.33,146.00,ZeroMinusTick,550cf300-d3a2-558b-90ba-0b4c4b521045,4.818e+09,0.33,48.18
1658275570,XMRUSDT,Sell,0.79,146.00,ZeroMinusTick,3551179d-87a2-5211-bca8-4c92a030283c,1.1534e+10,0.79,115.34
1658275570,XMRUSDT,Sell,0.56,146.00,ZeroMinusTick,0d2e95d6-0b20-5ed3-930a-848bf9568b9e,8.176000000000001e+09,0.56,81.76
1658275570,XMRUSDT,Sell,1.96,146.00,ZeroMinusTick,36c0e570-8074-54d3-9cc0-c2c552d3a7d9,2.8615999999999996e+10,1.96,286.15999999999997
1658275571,XMRUSDT,Buy,7,146.05,PlusTick,2a3c1849-0418-53f1-9fb2-c6ef5d078e92,1.0223500000000002e+11,7,1022.3500000000001
1658275607,XMRUSDT,Buy,4,146.10,PlusTick,44dbb27f-2575-53e6-a76d-305babee6471,5.844e+10,4,584.4
1658275607,XMRUSDT,Buy,2,146.10,ZeroMinusTick,aa75b2b4-d532-51c2-95e0-705cdca07557,2.922e+10,2,292.2
1658275607,XMRUSDT,Buy,1,146.10,ZeroMinusTick,dfe38aa9-f00c-516b-b30d-53975d3fa910,1.461e+10,1,146.1
1658275608,XMRUSDT,Buy,3.52,146.15,PlusTick,3ac23f90-6bac-59f4-91e4-fd31b90c1799,5.14448e+10,3.52,514.448
1658275666,XMRUSDT,Buy,7,146.20,PlusTick,62e39cdb-9823-5df1-9520-9916db874465,1.0233999999999998e+11,7,1023.3999999999999
1658275666,XMRUSDT,Buy,1.75,146.25,PlusTick,10901472-c05d-57a7-8a65-f714631b2594,2.559375e+10,1.75,255.9375
1658275666,XMRUSDT,Buy,1.25,146.25,ZeroMinusTick,709eb586-69bb-5efc-abbf-56170b19042b,1.828125e+10,1.25,182.8125
1658275670,XMRUSDT,Buy,0.1,146.25,ZeroMinusTick,62d39a9b-566f-524f-89e6-0a6ff99b31ad,1.4625e+09,0.1,14.625
1658275721,XMRUSDT,Buy,2.87,146.05,MinusTick,1b78968b-abf2-5c6a-8f2d-1b5b6ddc0aaf,4.191635000000001e+10,2.87,419.16350000000006
1658275768,XMRUSDT,Buy,4.13,146.05,ZeroMinusTick,54abb934-d6db-5f94-835b-77562d6cef9d,6.031865e+10,4.13,603.1865
1658275768,XMRUSDT,Buy,2.87,146.05,ZeroMinusTick,9e2546ea-2ad0-5c14-a541-27e87acde411,4.191635000000001e+10,2.87,419.16350000000006
1658275780,XMRUSDT,Sell,0.18,146.10,PlusTick,15ef73ad-d545-53e1-bca1-a553a5bb1286,2.6298e+09,0.18,26.298
1658275786,XMRUSDT,Sell,0.04,146.10,ZeroMinusTick,660ac4cd-276d-587a-9eaa-75afb57106d9,5.844e+08,0.04,5.844
1658275796,XMRUSDT,Sell,1.75,146.00,MinusTick,11d830dc-f5e8-5f42-84b0-62d0b1adf454,2.555e+10,1.75,255.5
1658275796,XMRUSDT,Sell,3.91,145.95,MinusTick,9f50577e-a530-57c9-8aee-3f9030075728,5.706645e+10,3.91,570.6645
1658275796,XMRUSDT,Sell,14.43,145.95,ZeroMinusTick,0092c658-124f-5820-a4d6-d8dd5a02798f,2.1060584999999997e+11,14.43,2106.0584999999996
1658275796,XMRUSDT,Sell,1.38,145.95,ZeroMinusTick,1fc47566-9478-5aa2-81d5-7811f1456cee,2.0141099999999996e+10,1.38,201.41099999999997
1658275796,XMRUSDT,Sell,14.34,145.95,ZeroMinusTick,fa21dca6-be05-59d9-83c1-470d98aa6ea7,2.0929229999999997e+11,14.34,2092.923
1658275796,XMRUSDT,Sell,0.17,145.95,ZeroMinusTick,feaea5e6-a27e-5450-8b1f-461bd12bfbf9,2.48115e+09,0.17,24.8115
1658275879,XMRUSDT,Sell,7.09,145.60,MinusTick,5cdb9052-6d75-5d2a-8bca-8335ca3e787b,1.0323039999999998e+11,7.09,1032.3039999999999
1658275879,XMRUSDT,Sell,1.75,145.60,ZeroMinusTick,9a40fa96-3e1e-504e-a4d4-b83b1bd11df4,2.548e+10,1.75,254.79999999999998
1658275879,XMRUSDT,Sell,0.51,145.55,MinusTick,ecae0dd4-06cc-595f-abe0-7793fbec8763,7.423050000000001e+09,0.51,74.2305
1658275879,XMRUSDT,Sell,3.4,145.55,ZeroMinusTick,730c4336-3b97-54df-b50b-f7a0544f6576,4.9487e+10,3.4,494.87
1658275879,XMRUSDT,Sell,0.01,145.55,ZeroMinusTick,435fb33c-ed6a-50d9-9c83-148527fa8879,1.4555000000000003e+08,0.01,1.4555000000000002
1658275879,XMRUSDT,Sell,2.34,145.50,MinusTick,b1520c51-174b-57f2-902a-6e992758125b,3.4046999999999996e+10,2.34,340.46999999999997
1658275879,XMRUSDT,Sell,5.15,145.55,PlusTick,efa4a6ba-b45c-5471-b78f-491c2edc8504,7.495825000000002e+10,5.15,749.5825000000001
1658275890,XMRUSDT,Sell,0.18,145.55,ZeroMinusTick,75fe36ba-6a73-5f84-9878-e37c6839b21d,2.6199e+09,0.18,26.199
1658275894,XMRUSDT,Sell,6.91,145.55,ZeroMinusTick,795a23a3-7674-5962-826e-4c478d5bdcc9,1.0057505000000002e+11,6.91,1005.7505000000001
1658275899,XMRUSDT,Sell,0.14,145.45,MinusTick,cf722a73-85a5-5da8-be91-96250112638c,2.0363e+09,0.14,20.363
1658275899,XMRUSDT,Sell,3.47,145.45,ZeroMinusTick,790a013c-b1d2-55c8-8583-cff18d5ac4c6,5.047115e+10,3.47,504.7115
1658275899,XMRUSDT,Sell,1.75,145.45,ZeroMinusTick,27c40820-4dd4-5fba-aac3-4435e5a1a627,2.5453749999999996e+10,1.75,254.53749999999997
1658275899,XMRUSDT,Sell,5.59,145.45,ZeroMinusTick,e39a8c07-34f8-5603-af3c-1a8cafc75c69,8.130655e+10,5.59,813.0654999999999
1658275901,XMRUSDT,Sell,28,145.40,MinusTick,a8cc3adf-f037-5ff4-bd3d-66ac6c024e7e,4.0712e+11,28,4071.2000000000003
1658275901,XMRUSDT,Sell,15.88,145.40,ZeroMinusTick,ac41d951-b2d4-5356-8836-5c82ef63cb7b,2.3089520000000003e+11,15.88,2308.952
1658275901,XMRUSDT,Sell,0.16,145.35,MinusTick,3afe9a95-9281-503b-9bf6-820890fbd1a7,2.3256e+09,0.16,23.256
1658275917,XMRUSDT,Buy,7,145.30,MinusTick,761c7b1c-f6e1-5354-8145-f021594baeb3,1.0171000000000002e+11,7,1017.1000000000001
1658275935,XMRUSDT,Sell,5.5,145.15,MinusTick,d6de7841-8172-5d08-847e-212b14309eea,7.98325e+10,5.5,798.325
1658275935,XMRUSDT,Sell,2.29,145.15,ZeroMinusTick,cb217ea0-5eaa-5482-8226-3b0e3b7bd341,3.323935e+10,2.29,332.3935
1658275935,XMRUSDT,Sell,7,145.15,ZeroMinusTick,e25cc981-56ff-5980-a728-44450c8d186c,1.01605e+11,7,1016.0500000000001
1658275936,XMRUSDT,Sell,0.68,145.10,MinusTick,414af716-7c56-5151-8e52-43ee983c09ac,9.8668e+09,0.68,98.668
1658275938,XMRUSDT,Sell,7,145.10,ZeroMinusTick,8abf283a-80c7-5409-9099-cb5ccedc4e58,1.0157e+11,7,1015.6999999999999
1658275938,XMRUSDT,Sell,4.38,145.10,ZeroMinusTick,192662f7-dc72-5f83-a72f-7bafdcc369c9,6.35538e+10,4.38,635.538
1658275938,XMRUSDT,Sell,2.61,145.10,ZeroMinusTick,5c26d56e-0ab4-5123-b778-b9afb9ddba98,3.787109999999999e+10,2.61,378.71099999999996
1658275938,XMRUSDT,Sell,0.01,145.10,ZeroMinusTick,3580b7c7-2d7f-51af-b5c7-79fd2a8b1f02,1.451e+08,0.01,1.451
1658275939,XMRUSDT,Sell,3.47,145.10,ZeroMinusTick,7846cd68-a14d-51ef-80fe-3478578155e5,5.03497e+10,3.47,503.497
1658275939,XMRUSDT,Sell,3.53,145.10,ZeroMinusTick,0acf4170-a199-5817-8806-7b35e8067bc1,5.12203e+10,3.53,512.203
1658275943,XMRUSDT,Sell,7,145.20,PlusTick,b98a0bd8-2af0-5207-84ea-561111f4b363,1.0163999999999998e+11,7,1016.3999999999999
1658275944,XMRUSDT,Sell,7,145.15,MinusTick,af23777b-8cfc-597e-bbb7-bc74760e100c,1.01605e+11,7,1016.0500000000001
1658275956,XMRUSDT,Buy,0.01,145.30,PlusTick,a7edd470-e381-57c2-bb3d-1c1d0dac168f,1.453e+08,0.01,1.453
1658275965,XMRUSDT,Buy,7,145.30,ZeroMinusTick,575c0695-54af-5ef6-8ac9-613115b5a4d3,1.0171000000000002e+11,7,1017.1000000000001
1658275966,XMRUSDT,Buy,1.36,145.35,PlusTick,f47f6196-c2ca-5c6d-9f47-cc4cfbead353,1.97676e+10,1.36,197.67600000000002
1658275968,XMRUSDT,Buy,7,145.45,PlusTick,c4356662-78bb-591e-b199-975429f65c72,1.0181499999999998e+11,7,1018.1499999999999
1658275970,XMRUSDT,Buy,7,145.55,PlusTick,7d25de00-ba7d-5f2a-82ad-361633b3f778,1.0188500000000002e+11,7,1018.8500000000001
1658276021,XMRUSDT,Sell,1.75,145.50,MinusTick,62c68e9f-609f-51e2-9729-2a9720a6e9f4,2.54625e+10,1.75,254.625
1658276021,XMRUSDT,Sell,7,145.50,ZeroMinusTick,779cc5e7-f5a4-58a6-b97d-105aa5aedce2,1.0185e+11,7,1018.5
1658276021,XMRUSDT,Sell,7,145.45,MinusTick,7e50cb0d-5d07-5736-8f8b-0a6a915991c4,1.0181499999999998e+11,7,1018.1499999999999
1658276021,XMRUSDT,Sell,1.75,145.45,ZeroMinusTick,e8d6bbb4-de1d-59ab-8d15-972ef15529ab,2.5453749999999996e+10,1.75,254.53749999999997
1658276024,XMRUSDT,Sell,7,145.30,MinusTick,d1f2b1ac-5be5-5da0-b8be-c9ccfa267adf,1.0171000000000002e+11,7,1017.1000000000001
1658276024,XMRUSDT,Sell,3.47,145.30,ZeroMinusTick,0d753b7c-92b4-568e-99b2-0256d5117864,5.041910000000001e+10,3.47,504.1910000000001
1658276025,XMRUSDT,Sell,3.47,145.30,ZeroMinusTick,6e964cda-4a5a-599b-9842-160211b8b30c,5.041910000000001e+10,3.47,504.1910000000001
1658276025,XMRUSDT,Sell,3.47,145.30,ZeroMinusTick,da67b8c8-7782-59ad-ab5b-7da30692067c,5.041910000000001e+10,3.47,504.1910000000001
1658276025,XMRUSDT,Sell,0.06,145.30,ZeroMinusTick,f93e27bb-8dcf-5683-aba0-3a7e6c4b82ff,8.718e+08,0.06,8.718
1658276029,XMRUSDT,Sell,5.87,145.15,MinusTick,c6579799-8bd5-56f9-a9ac-8230baa2e2b4,8.520305e+10,5.87,852.0305000000001
1658276040,XMRUSDT,Buy,4,145.20,PlusTick,b2b927fa-4517-57f3-bf6b-e3dcb0af6625,5.807999999999999e+10,4,580.8
1658276040,XMRUSDT,Buy,3,145.20,ZeroMinusTick,8fd1f1ed-e471-5a3a-83c7-637134af93fd,4.356e+10,3,435.59999999999997
1658276040,XMRUSDT,Buy,0.16,145.25,PlusTick,de3d8e85-2886-570a-b7a8-549ab0ab6418,2.324e+09,0.16,23.240000000000002
1658276127,XMRUSDT,Sell,0.25,145.30,PlusTick,fa573b32-3534-5e06-85b8-177d4c996757,3.6325000000000005e+09,0.25,36.325
1658276130,XMRUSDT,Sell,0.03,145.30,ZeroMinusTick,321ddcb1-c589-57b8-9f16-0c6efebc5002,4.359e+08,0.03,4.359
1658276130,XMRUSDT,Sell,0.02,145.30,ZeroMinusTick,d6413b27-567d-57da-8d66-6670fc998a79,2.906e+08,0.02,2.906
1658276131,XMRUSDT,Sell,0.07,145.35,PlusTick,2983edeb-d1ed-5c51-95d2-80fb6bab7461,1.01745e+09,0.07,10.1745
1658276139,XMRUSDT,Sell,7,145.35,ZeroMinusTick,92ac5916-49f3-5941-8a17-3d8acc842ffd,1.01745e+11,7,1017.4499999999999
1658276143,XMRUSDT,Sell,7,145.25,MinusTick,c4b8a189-b667-5996-aa5d-eda14341ea3c,1.01675e+11,7,1016.75
1658276200,XMRUSDT,Buy,0.13,145.15,MinusTick,2ba17a06-c902-5d7c-b775-2765cda32130,1.8869500000000002e+09,0.13,18.869500000000002
1658276230,XMRUSDT,Sell,0.12,145.10,MinusTick,1081d11e-0f0c-5cc5-882c-6f7bfa615f27,1.7412e+09,0.12,17.412
1658276258,XMRUSDT,Sell,3.47,145.35,PlusTick,7a3c5259-f95f-5e5b-98ca-bc5c36122d3a,5.043645e+10,3.47,504.3645
1658276282,XMRUSDT,Buy,7,145.20,MinusTick,22a0cf2c-4e0d-5e9b-92ce-f5ad17a182a8,1.0163999999999998e+11,7,1016.3999999999999
1658276290,XMRUSDT,Buy,2.35,145.30,PlusTick,0a2c298d-cb11-5993-8824-9ed06964ba87,3.4145500000000004e+10,2.35,341.45500000000004
1658276290,XMRUSDT,Buy,4.65,145.30,ZeroMinusTick,0516b074-ee17-5c5b-b1bf-48c406c6b5f6,6.756450000000001e+10,4.65,675.6450000000001
1658276353,XMRUSDT,Buy,1,145.35,PlusTick,cc7db431-a583-5010-a318-d42dd2738ae5,1.4535e+10,1,145.35
1658276353,XMRUSDT,Buy,6,145.35,ZeroMinusTick,17dcfa4c-b9d2-567c-bfbc-c3d383a4628d,8.720999999999998e+10,6,872.0999999999999
1658276369,XMRUSDT,Buy,7,145.45,PlusTick,4caab84d-cf27-5853-9fa9-d313ba7856ec,1.0181499999999998e+11,7,1018.1499999999999
1658276370,XMRUSDT,Buy,0.11,145.55,PlusTick,ec751b9a-3b9a-5786-87cd-87207d645bf8,1.60105e+09,0.11,16.0105
1658276440,XMRUSDT,Buy,0.01,145.25,MinusTick,cb691cf4-e7dd-5ad2-930c-a810b5d358b7,1.4525e+08,0.01,1.4525000000000001
1658276462,XMRUSDT,Buy,7,145.20,MinusTick,56c172fc-69d3-53e7-b833-a334b33bf35c,1.0163999999999998e+11,7,1016.3999999999999
1658276510,XMRUSDT,Sell,0.01,145.20,ZeroMinusTick,b42591cc-071a-5eb5-a1b2-aaaf97c4dfa6,1.452e+08,0.01,1.452
1658276575,XMRUSDT,Sell,1,145.25,PlusTick,815c44a2-1dd7-5b21-8d02-1a13d1128e81,1.4525e+10,1,145.25
1658276575,XMRUSDT,Sell,6,145.25,ZeroMinusTick,ba03609f-5f92-5b5b-b933-6b5086905301,8.715e+10,6,871.5
1658276583,XMRUSDT,Buy,0.59,145.20,MinusTick,fa74751d-d3d6-5dbb-87ca-f3db5a0b47ba,8.566799999999999e+09,0.59,85.66799999999999
1658276586,XMRUSDT,Sell,7,145.20,ZeroMinusTick,477ed36d-fb0e-5e53-a2b1-652c10d986f0,1.0163999999999998e+11,7,1016.3999999999999
1658276614,XMRUSDT,Buy,1.3,145.20,ZeroMinusTick,afa9595b-a803-5ad7-b647-6c01102723d1,1.8876e+10,1.3,188.76
1658276731,XMRUSDT,Buy,3.47,145.45,PlusTick,19291942-d0ca-52b7-9f82-530de4d1a0f2,5.047115e+10,3.47,504.7115
1658276790,XMRUSDT,Sell,0.02,145.35,MinusTick,c65a3c6f-c27b-593d-aaba-bffc9f8a0980,2.907e+08,0.02,2.907
1658276822,XMRUSDT,Buy,1.75,145.35,ZeroMinusTick,2bb43d8b-7016-5c94-84ca-fc74eba4db5f,2.543625e+10,1.75,254.36249999999998
1658276822,XMRUSDT,Buy,7,145.35,ZeroMinusTick,a427ea94-6f03-5a44-8bb2-b26ce5118099,1.01745e+11,7,1017.4499999999999
1658276843,XMRUSDT,Sell,7,145.40,PlusTick,1dcf6ea3-2125-5f89-b0a4-8010109eb0ff,1.0178e+11,7,1017.8000000000001
1658276843,XMRUSDT,Sell,1.75,145.40,ZeroMinusTick,c0530ecd-e2c4-5449-a68d-394fed5bca4b,2.5445e+10,1.75,254.45000000000002
1658276843,XMRUSDT,Sell,1.75,145.35,MinusTick,b9ab1b7e-e91c-5e6e-8504-a81b40f67f04,2.543625e+10,1.75,254.36249999999998
1658276843,XMRUSDT,Sell,7.42,145.35,ZeroMinusTick,1b281754-09e0-5925-a658-e3d0bfc9049b,1.0784969999999998e+11,7.42,1078.4969999999998
1658276843,XMRUSDT,Sell,12.3,145.35,ZeroMinusTick,ba1300c9-4f4b-5bb0-bea9-143b0e6e776f,1.787805e+11,12.3,1787.805
1658276843,XMRUSDT,Sell,3.91,145.35,ZeroMinusTick,6451b094-2b1f-5e7d-ada5-bb7e5b196cf8,5.683185e+10,3.91,568.3185
1658276843,XMRUSDT,Sell,1.71,145.30,MinusTick,01395aae-56e5-58bd-9435-52282a600cda,2.4846300000000004e+10,1.71,248.46300000000002
1658276843,XMRUSDT,Sell,2.2,145.30,ZeroMinusTick,41f65a16-c898-51e3-804f-b4d0f2488b92,3.1966000000000004e+10,2.2,319.66
1658276843,XMRUSDT,Sell,3.91,145.25,MinusTick,dd41c354-085f-5351-b544-a56666ac598b,5.679275e+10,3.91,567.9275
1658276843,XMRUSDT,Sell,0.13,145.25,ZeroMinusTick,8617c6da-b62d-56a9-b926-dc78c6b183aa,1.88825e+09,0.13,18.8825
1658276843,XMRUSDT,Sell,11.16,145.25,ZeroMinusTick,2bc505ff-eea6-5226-8397-b8b390cf9146,1.62099e+11,11.16,1620.99
1658276843,XMRUSDT,Sell,4.48,145.25,ZeroMinusTick,2827469e-28c2-57b7-b6e5-f10a7ffa3ee3,6.5072e+10,4.48,650.72
1658276843,XMRUSDT,Sell,2.74,145.25,ZeroMinusTick,88b46382-5073-52a5-b39c-bb086c059273,3.97985e+10,2.74,397.985
1658276843,XMRUSDT,Sell,0.68,145.20,MinusTick,e33da508-5df0-55ce-be8f-38496c022e05,9.8736e+09,0.68,98.736
1658276843,XMRUSDT,Sell,3.91,145.20,ZeroMinusTick,7617d24e-1596-5037-bec6-3e4357fa2349,5.67732e+10,3.91,567.732
1658276843,XMRUSDT,Sell,15.82,145.20,ZeroMinusTick,06ec5156-cf1f-5b80-9ca1-84e62f2c03a2,2.297064e+11,15.82,2297.064
1658276843,XMRUSDT,Sell,0.6,145.20,ZeroMinusTick,d182a8d3-4ffb-5196-9d86-1b79d0605e9e,8.711999999999998e+09,0.6,87.11999999999999
1658276843,XMRUSDT,Sell,1.36,145.15,MinusTick,dc3b0bc2-7307-53f8-925f-88103d411dc2,1.9740400000000004e+10,1.36,197.40400000000002
1658276843,XMRUSDT,Sell,26.36,145.15,ZeroMinusTick,854019bc-899a-5607-a100-a003c755dc4f,3.826154e+11,26.36,3826.154
1658276843,XMRUSDT,Sell,5.49,145.15,ZeroMinusTick,9a5a68d3-af8c-51e0-ae8a-0143ab1dff69,7.968735e+10,5.49,796.8735
1658276843,XMRUSDT,Sell,0.68,145.10,MinusTick,15947027-2498-509a-89e0-e75e69ee2f24,9.8668e+09,0.68,98.668
1658276843,XMRUSDT,Sell,1.34,145.10,ZeroMinusTick,6c5990f7-2084-562f-ab06-a9a356d8effc,1.94434e+10,1.34,194.434
1658276843,XMRUSDT,Sell,2.73,145.10,ZeroMinusTick,193ec1fe-cdac-5476-91bf-371aac650741,3.96123e+10,2.73,396.123
1658276843,XMRUSDT,Sell,0.09,145.05,MinusTick,12ae5ac4-aa27-51c1-aa27-93a31675da52,1.30545e+09,0.09,13.0545
1658276843,XMRUSDT,Sell,0.32,145.05,ZeroMinusTick,851050a8-f3bd-5be5-af41-33ef025ed624,4.6416e+09,0.32,46.416000000000004
1658276843,XMRUSDT,Sell,0.06,145.05,ZeroMinusTick,ebc94869-e5a8-5280-8a67-470a6968a6f9,8.703000000000001e+08,0.06,8.703000000000001
1658276843,XMRUSDT,Sell,1.36,145.05,ZeroMinusTick,9b642bd5-1054-5baa-a233-bb1ed41ab96a,1.9726800000000004e+10,1.36,197.26800000000003
1658276843,XMRUSDT,Sell,4.29,145.05,ZeroMinusTick,cfd7a4e4-7ec7-505c-83e1-73b3ed9dea2d,6.222645e+10,4.29,622.2645
1658276843,XMRUSDT,Sell,37.07,145.05,ZeroMinusTick,dcf7f2f5-cc94-5e51-abb0-cc0a9b6b27e5,5.3770035000000006e+11,37.07,5377.003500000001
1658276843,XMRUSDT,Sell,2.65,145.05,ZeroMinusTick,f4f7e40f-bcda-5269-84cb-60a61bb52a32,3.843825e+10,2.65,384.3825
1658276843,XMRUSDT,Sell,3.06,145.05,ZeroMinusTick,3b9ab912-a1eb-5439-b2b8-2cfc6334c11a,4.438530000000001e+10,3.06,443.85300000000007
1658276843,XMRUSDT,Sell,0.68,145.00,MinusTick,cd28bb96-2e49-54fa-9e8e-f9ccacf1b7c0,9.86e+09,0.68,98.60000000000001
1658276843,XMRUSDT,Sell,133.31,145.00,ZeroMinusTick,fd559d88-3a4c-5744-8fa5-6b167a763fc8,1.932995e+12,133.31,19329.95
1658276843,XMRUSDT,Buy,1.5,145.40,PlusTick,be760e46-5078-5631-8011-2c4ebc9edc36,2.1810000000000004e+10,1.5,218.10000000000002
1658276843,XMRUSDT,Sell,10.69,145.00,MinusTick,bfc129fb-8471-593a-9f21-a7797a93b969,1.55005e+11,10.69,1550.05
1658276843,XMRUSDT,Sell,0.48,145.00,ZeroMinusTick,5c2dff91-2ac9-598c-adc6-15dd8b257051,6.959999999999999e+09,0.48,69.6
1658276843,XMRUSDT,Sell,14.37,145.00,ZeroMinusTick,766d4fff-c0a3-57cf-afad-f5c1364bd69b,2.08365e+11,14.37,2083.65
1658276843,XMRUSDT,Sell,1.81,145.00,ZeroMinusTick,0117853d-f7b4-59b3-82ea-7b95ff437711,2.6245e+10,1.81,262.45
1658276843,XMRUSDT,Sell,2.17,145.00,ZeroMinusTick,d2274035-944a-59df-9095-537506e0a692,3.1464999999999996e+10,2.17,314.65
1658276843,XMRUSDT,Sell,1.62,145.00,ZeroMinusTick,008bc72b-ae5a-53d4-98cb-ab2bcfbc2749,2.349e+10,1.62,234.9
1658276843,XMRUSDT,Sell,28.09,145.00,ZeroMinusTick,6f288e31-6b72-50f4-83e1-621d02e4f545,4.07305e+11,28.09,4073.05
1658276843,XMRUSDT,Sell,1.36,144.95,MinusTick,d77a60b9-ee61-54ad-9268-979547e968c6,1.97132e+10,1.36,197.132
1658276843,XMRUSDT,Sell,0.01,144.95,ZeroMinusTick,27aa9b67-c8bb-5414-90b4-79933e1f1340,1.4495e+08,0.01,1.4495
1658276843,XMRUSDT,Sell,0.07,144.95,ZeroMinusTick,ae5e22c1-f4cd-5ae3-ad86-f074b3a9d221,1.01465e+09,0.07,10.1465
1658276843,XMRUSDT,Sell,2.22,144.95,ZeroMinusTick,dc57d6ec-8763-5d38-b864-57e18b05b8ab,3.21789e+10,2.22,321.789
1658276843,XMRUSDT,Sell,3.44,144.95,ZeroMinusTick,fbb22ff5-f221-530c-86da-19e5516eafe9,4.986279999999999e+10,3.44,498.62799999999993
1658276843,XMRUSDT,Sell,23.42,144.95,ZeroMinusTick,be54624a-e9d2-587b-b300-a8ab00f774e2,3.394729e+11,23.42,3394.729
1658276843,XMRUSDT,Sell,34.01,145.00,PlusTick,85825dc1-1e33-5292-998d-33a9e4048c99,4.93145e+11,34.01,4931.45
1658276843,XMRUSDT,Sell,20.46,144.95,MinusTick,7f797409-fc15-54b3-83e3-2fe94fb1c2d8,2.9656769999999994e+11,20.46,2965.6769999999997
1658276843,XMRUSDT,Sell,0.15,144.90,MinusTick,87760835-f634-5f74-876c-77ec4c8bc279,2.1735e+09,0.15,21.735
1658276843,XMRUSDT,Sell,0.33,144.90,ZeroMinusTick,46552669-c355-544a-81db-ab8fd9b7cedf,4.781700000000001e+09,0.33,47.81700000000001
1658276843,XMRUSDT,Sell,0.17,144.90,ZeroMinusTick,1342ad66-ddbd-5dd6-8648-1c48edb1e268,2.4633000000000005e+09,0.17,24.633000000000003
1658276843,XMRUSDT,Sell,0.24,144.90,ZeroMinusTick,ae98e198-8377-52e8-8338-71a138dab0e6,3.4776000000000005e+09,0.24,34.776
1658276843,XMRUSDT,Sell,6.08,144.90,ZeroMinusTick,136b34bd-4fe9-5b13-9288-72404e9d6465,8.80992e+10,6.08,880.9920000000001
1658276843,XMRUSDT,Sell,0.15,144.85,MinusTick,243ce194-f058-50d7-a464-cc14bc01320b,2.17275e+09,0.15,21.7275
1658276843,XMRUSDT,Sell,7.51,144.85,ZeroMinusTick,7180c450-4b12-54e7-8630-7f87a29fe4ed,1.0878235e+11,7.51,1087.8235
1658276843,XMRUSDT,Sell,14.88,144.95,PlusTick,b3fae9ff-ad4d-51a4-b69b-e54441d6f00e,2.1568559999999997e+11,14.88,2156.8559999999998
1658276843,XMRUSDT,Sell,0.36,144.95,ZeroMinusTick,d6858642-2ebc-5a43-86e2-e6112d0f4faf,5.218199999999999e+09,0.36,52.181999999999995
1658276843,XMRUSDT,Sell,4.78,144.85,MinusTick,a3dd1d96-30db-50eb-a6c6-39cd01ee15ff,6.92383e+10,4.78,692.383
1658276843,XMRUSDT,Sell,2.07,144.85,ZeroMinusTick,552a4a0e-5568-5fa4-8e84-0cd1d7e36149,2.998395e+10,2.07,299.8395
1658276843,XMRUSDT,Sell,6.57,144.85,ZeroMinusTick,4342a8a5-ad53-5ab4-8646-e4bc30d12afd,9.516645e+10,6.57,951.6645
1658276843,XMRUSDT,Sell,2.25,144.85,ZeroMinusTick,04fef303-e68c-520e-ba72-9edbc3410075,3.2591249999999996e+10,2.25,325.91249999999997
1658276843,XMRUSDT,Sell,0.15,144.80,MinusTick,1a0967b8-e9bd-5e8c-8b97-4b40547c88d1,2.1720000000000005e+09,0.15,21.720000000000002
1658276843,XMRUSDT,Sell,6.57,144.80,ZeroMinusTick,277e7910-c028-53d3-aebe-8c8b3ee61412,9.513360000000002e+10,6.57,951.3360000000001
1658276843,XMRUSDT,Sell,2.25,144.80,ZeroMinusTick,81c22396-2855-5162-90af-82f82e91483b,3.258e+10,2.25,325.8
1658276843,XMRUSDT,Sell,7.14,144.80,ZeroMinusTick,c70836a7-9d6f-5edb-8f05-157119a0b5cf,1.033872e+11,7.14,1033.872
1658276843,XMRUSDT,Sell,41.24,144.80,ZeroMinusTick,24f85397-0e42-514b-a7bf-7b66d5ff4126,5.971552e+11,41.24,5971.552000000001
1658276843,XMRUSDT,Buy,1.14,145.00,PlusTick,b0772cdb-2a27-5f95-970b-206be379da3c,1.6529999999999998e+10,1.14,165.29999999999998
1658276843,XMRUSDT,Sell,3.45,144.70,MinusTick,46d0a6b5-a634-565a-9466-f7bfd3705516,4.99215e+10,3.45,499.215
1658276843,XMRUSDT,Sell,0.88,144.70,ZeroMinusTick,a16a054e-12a1-5ae2-ba3f-05a7af775d74,1.2733599999999998e+10,0.88,127.33599999999998
1658276844,XMRUSDT,Sell,4.64,144.70,ZeroMinusTick,c2175038-8c4f-549a-975b-afc4a1fc8df0,6.714079999999999e+10,4.64,671.4079999999999
1658276844,XMRUSDT,Sell,5.17,144.70,ZeroMinusTick,f6a7d488-ae34-5625-81bc-fcbb719f0d95,7.48099e+10,5.17,748.0989999999999
1658276844,XMRUSDT,Sell,3.46,144.70,ZeroMinusTick,c88c2c72-e957-5e9d-9b93-b9c7484ff2a3,5.00662e+10,3.46,500.662
1658276844,XMRUSDT,Sell,16.26,144.65,MinusTick,a4fbdf3c-87e8-54ea-a81e-5609835ed3c1,2.3520090000000006e+11,16.26,2352.0090000000005
1658276844,XMRUSDT,Sell,3.46,144.65,ZeroMinusTick,9f01cdac-766d-5c02-9859-9df104684dcd,5.00489e+10,3.46,500.48900000000003
1658276844,XMRUSDT,Sell,1.75,144.65,ZeroMinusTick,a482f3d4-8403-5f70-9ac7-c76d14670404,2.531375e+10,1.75,253.13750000000002
1658276844,XMRUSDT,Buy,1.14,144.75,PlusTick,68d99ab8-12cf-51cf-be27-5e8df400ff4b,1.6501499999999998e+10,1.14,165.015
1658276844,XMRUSDT,Sell,6.32,144.65,MinusTick,eb51b4a5-b533-5e18-8fc7-714ba8a050b8,9.141880000000002e+10,6.32,914.1880000000001
1658276844,XMRUSDT,Sell,0.68,144.65,ZeroMinusTick,9bb5f411-e58c-5d3a-9aea-ba67f6485537,9.8362e+09,0.68,98.36200000000001
1658276844,XMRUSDT,Sell,1.13,144.65,ZeroMinusTick,ac1e64fc-b442-50a5-aba1-21ccd68ed4d8,1.634545e+10,1.13,163.4545
1658276844,XMRUSDT,Sell,0.17,144.45,MinusTick,8656aa8d-8e33-5101-9952-b3b0fa8a8854,2.45565e+09,0.17,24.5565
1658276844,XMRUSDT,Sell,2.27,144.45,ZeroMinusTick,81cb6b42-7b9e-5747-b10c-db7497ab4b8c,3.279015e+10,2.27,327.9015
1658276844,XMRUSDT,Sell,0.38,144.45,ZeroMinusTick,f4d4bec0-7922-5547-924f-aa065ff7f3b6,5.4891e+09,0.38,54.891
1658276844,XMRUSDT,Sell,0.48,144.35,MinusTick,023a543d-56f4-5df5-8ac4-25aff8cd5fc1,6.9288e+09,0.48,69.288
1658276844,XMRUSDT,Sell,0.48,144.35,ZeroMinusTick,1ded5e90-a523-5b5e-9889-82d492fadd4a,6.9288e+09,0.48,69.288
1658276844,XMRUSDT,Buy,0.33,144.60,PlusTick,ee3fe1e5-03d7-534f-bfe6-2f38d1b33169,4.7718e+09,0.33,47.718
1658276844,XMRUSDT,Buy,0.04,144.60,ZeroMinusTick,4f303580-9308-572f-8826-8eb2fc0b55d0,5.784e+08,0.04,5.784
1658276844,XMRUSDT,Buy,10.63,144.60,ZeroMinusTick,e33c4040-0dea-535d-a82f-5ab9e90198e5,1.537098e+11,10.63,1537.098
1658276844,XMRUSDT,Sell,7,144.65,PlusTick,339472c9-db10-5ee6-b75a-4724ede2eead,1.01255e+11,7,1012.5500000000001
1658276844,XMRUSDT,Sell,7,144.65,ZeroMinusTick,e657913b-da16-5b1b-a73d-17582ee4c093,1.01255e+11,7,1012.5500000000001
1658276844,XMRUSDT,Sell,7,144.65,ZeroMinusTick,3945e838-64e5-5d44-876f-fbc537136742,1.01255e+11,7,1012.5500000000001
1658276844,XMRUSDT,Sell,10.63,144.65,ZeroMinusTick,3ef83118-e127-5139-89cf-40d9864eba45,1.5376295000000003e+11,10.63,1537.6295000000002
1658276844,XMRUSDT,Sell,108.07,144.65,ZeroMinusTick,28b3282b-3c2b-5ef2-ac88-a709b696ed0c,1.56323255e+12,108.07,15632.325499999999
1658276845,XMRUSDT,Buy,26.36,144.80,PlusTick,73d50b9a-ae35-54c0-ae38-2ae2668dcc84,3.8169280000000006e+11,26.36,3816.9280000000003
1658276845,XMRUSDT,Buy,3.91,144.80,ZeroMinusTick,f5e7cda9-4693-5a01-b0b2-f3ce1a67b461,5.6616800000000015e+10,3.91,566.1680000000001
1658276845,XMRUSDT,Buy,7,144.80,ZeroMinusTick,39cd7abf-dcc2-524d-b43b-b99d2e95c113,1.0136000000000002e+11,7,1013.6000000000001
1658276845,XMRUSDT,Sell,31.83,144.80,ZeroMinusTick,ddb29d83-4c1b-5d09-b4e0-f1091bed458c,4.6089840000000006e+11,31.83,4608.984
1658276846,XMRUSDT,Sell,0.01,144.75,MinusTick,3e265b06-58f5-5755-9aa8-2826f498de52,1.4475e+08,0.01,1.4475
1658276846,XMRUSDT,Sell,32,144.75,ZeroMinusTick,ea78a1c4-9d68-5013-821e-c8385d2c0483,4.632e+11,32,4632
1658276846,XMRUSDT,Sell,3.09,144.75,ZeroMinusTick,46d238d5-cd31-52a3-915b-5971edaa9f24,4.472775e+10,3.09,447.2775
1658276846,XMRUSDT,Sell,2,144.75,ZeroMinusTick,de67a2ec-daea-5aab-80a7-42c7a2a0d1b1,2.895e+10,2,289.5
1658276846,XMRUSDT,Sell,4,144.75,ZeroMinusTick,3448d8c5-c2f6-501e-9607-2d017ccec1fc,5.79e+10,4,579
1658276846,XMRUSDT,Sell,2,144.75,ZeroMinusTick,18eea879-e17a-5305-b541-a8fb6a6bc8ac,2.895e+10,2,289.5
1658276846,XMRUSDT,Sell,12,144.75,ZeroMinusTick,29105417-38a1-5ed7-bd56-aa6ff087c52a,1.737e+11,12,1737
1658276850,XMRUSDT,Sell,0.08,144.80,PlusTick,21d423bb-d85e-525b-9fac-4afecd166829,1.1584000000000002e+09,0.08,11.584000000000001
1658276852,XMRUSDT,Sell,2.65,144.85,PlusTick,07e210ef-39be-5aca-8617-e1e60f5c9b9f,3.838525e+10,2.65,383.85249999999996
1658276852,XMRUSDT,Sell,0.6,144.85,ZeroMinusTick,f3e53597-ccbf-5698-99a8-fc72d1becc12,8.691e+09,0.6,86.91
1658276852,XMRUSDT,Sell,0.66,144.85,ZeroMinusTick,6927e3c3-efae-5427-b1ec-caab5bf693c4,9.5601e+09,0.66,95.601
1658276852,XMRUSDT,Sell,1.39,144.80,MinusTick,74191b72-6883-5ec9-b498-78abd000b95d,2.01272e+10,1.39,201.272
1658276852,XMRUSDT,Sell,0.6,144.80,ZeroMinusTick,00220cdb-d40f-535a-8ea4-d255190b4078,8.688000000000002e+09,0.6,86.88000000000001
1658276852,XMRUSDT,Sell,2.05,144.80,ZeroMinusTick,b2f583de-9a32-5972-8b5e-9804cfa560d2,2.9683999999999996e+10,2.05,296.84
1658276852,XMRUSDT,Sell,6.46,144.80,ZeroMinusTick,be4db8b1-588e-523f-90de-edf114403788,9.35408e+10,6.46,935.408
1658276853,XMRUSDT,Sell,14.37,144.85,PlusTick,e42ac3b8-b7e8-536d-be9e-170663b69d23,2.0814944999999997e+11,14.37,2081.4945
1658276856,XMRUSDT,Buy,7,144.95,PlusTick,e202e5c8-4c29-593e-ac09-26307febf326,1.0146499999999998e+11,7,1014.6499999999999
1658276858,XMRUSDT,Sell,9.71,145.00,PlusTick,d9d683d8-2ef9-5766-b617-b98336fe9cd9,1.40795e+11,9.71,1407.95
1658276863,XMRUSDT,Buy,8,145.10,PlusTick,31896d66-add4-5d36-8270-3985d718d878,1.1608e+11,8,1160.8
1658276863,XMRUSDT,Buy,7.76,145.10,ZeroMinusTick,807c1a6d-6c36-5ffe-8bc3-f7100c3c95e4,1.1259759999999998e+11,7.76,1125.9759999999999
1658276879,XMRUSDT,Sell,7,145.00,MinusTick,969851f5-1413-557f-b673-32d6b646aad0,1.015e+11,7,1015
1658276990,XMRUSDT,Sell,0.17,144.95,MinusTick,ab07d1be-513a-5c2f-b8e9-a562f8733c79,2.46415e+09,0.17,24.6415
1658277034,XMRUSDT,Sell,1.85,145.10,PlusTick,e0bdedbc-14d4-5bd3-81e2-8a9f96987fd8,2.68435e+10,1.85,268.435
1658277034,XMRUSDT,Sell,7.09,145.10,ZeroMinusTick,8d3d4b2e-57c4-590c-86b9-6d33a04bfcb3,1.028759e+11,7.09,1028.759
1658277034,XMRUSDT,Sell,7,145.10,ZeroMinusTick,d8dfc478-e1c4-5541-9652-b6e092d71b98,1.0157e+11,7,1015.6999999999999
1658277037,XMRUSDT,Sell,6.97,145.10,ZeroMinusTick,0d6847ef-8cee-527d-be2d-790566e5c183,1.011347e+11,6.97,1011.347
1658277037,XMRUSDT,Sell,0.03,145.10,ZeroMinusTick,14259836-2798-5d52-a91f-ad68f46f7952,4.353e+08,0.03,4.353
1658277043,XMRUSDT,Sell,0.01,145.05,MinusTick,f1957e46-59aa-5c8a-9f2e-cda078c613a5,1.4505e+08,0.01,1.4505000000000001
1658277043,XMRUSDT,Sell,2.35,145.05,ZeroMinusTick,e498ba3b-d9a9-5139-8c8b-cbba73a7376f,3.4086750000000008e+10,2.35,340.86750000000006
1658277043,XMRUSDT,Sell,0.02,145.05,ZeroMinusTick,b1c83e6e-8fb7-58f6-970a-c1fb3d4378c0,2.901e+08,0.02,2.9010000000000002
1658277043,XMRUSDT,Sell,0.09,145.05,ZeroMinusTick,7f654ea5-8338-5435-8629-e98c3fb10412,1.30545e+09,0.09,13.0545
1658277043,XMRUSDT,Sell,0.09,145.05,ZeroMinusTick,7727d076-4eba-5d0f-972a-68cea34a3099,1.30545e+09,0.09,13.0545
1658277043,XMRUSDT,Sell,0.1,145.05,ZeroMinusTick,ee60976c-f9f0-52ce-ae01-4ad0ffd6fd32,1.4505000000000002e+09,0.1,14.505000000000003
1658277044,XMRUSDT,Sell,4.34,145.05,ZeroMinusTick,33d3cd0d-d7a9-5614-b200-e3c466949102,6.295170000000001e+10,4.34,629.517
1658277045,XMRUSDT,Sell,27.09,145.00,MinusTick,c3f860a1-1c8a-506f-9a84-f354b44111c7,3.92805e+11,27.09,3928.05
1658277100,XMRUSDT,Sell,7,145.05,PlusTick,21e12279-8a4c-5821-ad11-2067f0f86f9b,1.0153500000000002e+11,7,1015.3500000000001
1658277100,XMRUSDT,Sell,15,145.05,ZeroMinusTick,b12642e6-2c0c-5d47-a864-63c424f2a8af,2.17575e+11,15,2175.75
1658277100,XMRUSDT,Sell,6.09,145.05,ZeroMinusTick,a57b0899-296d-5f54-9896-1e6babb72159,8.833545e+10,6.09,883.3545
1658277100,XMRUSDT,Sell,6,145.05,ZeroMinusTick,73f13f0b-2cb5-5915-a40c-61a957829466,8.703e+10,6,870.3000000000001
1658277100,XMRUSDT,Sell,4.88,144.90,MinusTick,8304d090-6ff2-56d3-b02f-209120c20d49,7.07112e+10,4.88,707.112
1658277110,XMRUSDT,Sell,0.16,144.90,ZeroMinusTick,fe8dc7b9-ec5c-562a-b3c8-7784a2763bd6,2.3184e+09,0.16,23.184
1658277117,XMRUSDT,Sell,3.47,144.90,ZeroMinusTick,9751069d-d40b-591e-8412-cb18fd0962ae,5.028030000000001e+10,3.47,502.80300000000005
1658277117,XMRUSDT,Sell,3.47,144.90,ZeroMinusTick,d00f853a-76e0-5965-b067-3001301de5d4,5.028030000000001e+10,3.47,502.80300000000005
1658277117,XMRUSDT,Sell,19.99,144.90,ZeroMinusTick,1bf6d5d8-dadc-5d5b-b779-5b43f5427cf5,2.896551e+11,19.99,2896.551
1658277136,XMRUSDT,Buy,2.66,144.95,PlusTick,c5066ea7-3460-5add-8867-062d8f99b46f,3.85567e+10,2.66,385.567
1658277172,XMRUSDT,Sell,27.09,144.90,MinusTick,df1c51e9-f5fd-5a53-b688-091ea7bea9e4,3.9253410000000006e+11,27.09,3925.3410000000003
1658277182,XMRUSDT,Sell,7,144.95,PlusTick,6c055570-b686-56aa-b050-20b84a555a1d,1.0146499999999998e+11,7,1014.6499999999999
1658277201,XMRUSDT,Sell,0.15,144.90,MinusTick,03b44bd2-e25e-5c47-a313-3b188a39e5bd,2.1735e+09,0.15,21.735
1658277214,XMRUSDT,Sell,0.55,144.90,ZeroMinusTick,94842612-2368-50af-9574-8784eaec8ccd,7.969500000000001e+09,0.55,79.69500000000001
1658277242,XMRUSDT,Sell,0.15,144.85,MinusTick,4f5b65fb-976d-5e05-9559-a2382e528352,2.17275e+09,0.15,21.7275
1658277250,XMRUSDT,Buy,3.45,144.65,MinusTick,43bd0dfb-c211-52c2-91dd-21a66e158808,4.990425e+10,3.45,499.0425
1658277251,XMRUSDT,Sell,0.12,144.65,ZeroMinusTick,d399b839-698e-57c2-8a3f-59de87b2d7e3,1.7358e+09,0.12,17.358
1658277263,XMRUSDT,Sell,0.59,144.60,MinusTick,489cf18b-e688-584d-a83d-943bf2b6dc13,8.531399999999999e+09,0.59,85.314
1658277271,XMRUSDT,Buy,0.01,144.70,PlusTick,0215107b-5e6f-583d-81a2-d311be498784,1.4469999999999997e+08,0.01,1.4469999999999998
1658277276,XMRUSDT,Buy,2,144.70,ZeroMinusTick,89913935-99d8-5c75-b8e0-6d422c924f65,2.8939999999999996e+10,2,289.4
1658277276,XMRUSDT,Buy,2.88,144.70,ZeroMinusTick,9cd8a981-f0ca-5393-b6c0-11b04050e2ef,4.167359999999999e+10,2.88,416.73599999999993
1658277276,XMRUSDT,Buy,2.11,144.70,ZeroMinusTick,01f682ef-9f93-56db-81f5-6d60cfda8472,3.0531699999999996e+10,2.11,305.31699999999995
1658277294,XMRUSDT,Buy,1.75,144.75,PlusTick,bea30992-ec5f-56af-84e7-c658b0c25fac,2.533125e+10,1.75,253.3125
1658277294,XMRUSDT,Buy,0.68,144.80,PlusTick,9d5f802b-b95a-5eab-b700-e7773a0c685f,9.846400000000002e+09,0.68,98.46400000000001
1658277294,XMRUSDT,Buy,3.46,144.80,ZeroMinusTick,636ef915-c685-5c06-98f2-ea98a78a69a8,5.010080000000001e+10,3.46,501.00800000000004
1658277302,XMRUSDT,Buy,7,144.80,ZeroMinusTick,6acbb5c5-e2c3-573f-b20c-2f7f1a8c0f27,1.0136000000000002e+11,7,1013.6000000000001
1658277337,XMRUSDT,Sell,7,145.05,PlusTick,b2684aff-0f63-582d-b186-2ca220682de2,1.0153500000000002e+11,7,1015.3500000000001
1658277338,XMRUSDT,Sell,3.21,145.00,MinusTick,7cb9151b-eea9-5719-b33b-3ff88ccac6e2,4.6545e+10,3.21,465.45
1658277338,XMRUSDT,Sell,2.01,145.00,ZeroMinusTick,ada90382-09f8-53a2-ac0d-ccda2d97cb52,2.9145e+10,2.01,291.45
1658277386,XMRUSDT,Buy,7,144.80,MinusTick,0974f154-f772-53ee-96d3-19254a97b1fc,1.0136000000000002e+11,7,1013.6000000000001
1658277440,XMRUSDT,Sell,7,144.70,MinusTick,34f35b5e-e51c-56b6-afbc-cdde2e02fbbc,1.0128999999999998e+11,7,1012.8999999999999
1658277441,XMRUSDT,Sell,0.17,144.60,MinusTick,2edcf8f4-8552-51cd-a696-b77771a12b39,2.4582e+09,0.17,24.582
1658277458,XMRUSDT,Buy,2.56,144.70,PlusTick,04f8e24c-79ae-5303-b22c-c559514bb746,3.704319999999999e+10,2.56,370.43199999999996
1658277522,XMRUSDT,Sell,7,144.65,MinusTick,3f8b6fb2-1517-5bda-a2f5-0789cf91b684,1.01255e+11,7,1012.5500000000001
1658277536,XMRUSDT,Buy,7,144.70,PlusTick,3bac15fa-db8a-50b8-a47a-14ab219d8823,1.0128999999999998e+11,7,1012.8999999999999
1658277536,XMRUSDT,Buy,3.91,144.75,PlusTick,00ccfdbe-3f88-53e0-9ed7-c17af29786b5,5.659725e+10,3.91,565.9725
1658277536,XMRUSDT,Buy,7,144.75,ZeroMinusTick,34bc83a5-2a7c-5c49-86bd-77fccba50bfd,1.01325e+11,7,1013.25
1658277536,XMRUSDT,Buy,19.72,144.75,ZeroMinusTick,46a6e05e-8d15-5394-8fe4-a205ee2fc142,2.85447e+11,19.72,2854.47
1658277536,XMRUSDT,Buy,12.37,144.75,ZeroMinusTick,189e67bb-55ba-52ac-9051-c9f694499ad5,1.7905575e+11,12.37,1790.5575
1658277581,XMRUSDT,Buy,0.01,144.70,MinusTick,7faf89c4-8e8c-51c9-a9d7-6ba2b485ef87,1.4469999999999997e+08,0.01,1.4469999999999998
1658277597,XMRUSDT,Buy,6.99,144.70,ZeroMinusTick,e4115ada-bc8c-562b-8baf-3f65ac823c41,1.011453e+11,6.99,1011.453
1658277610,XMRUSDT,Sell,0.01,144.65,MinusTick,3209397e-6393-59d4-892a-e2016984ae2d,1.4465e+08,0.01,1.4465000000000001
1658277610,XMRUSDT,Sell,4.51,144.65,ZeroMinusTick,a7944a4e-297c-507b-a42e-d2034ef1c20c,6.523715e+10,4.51,652.3715
1658277610,XMRUSDT,Sell,2.49,144.65,ZeroMinusTick,507d5996-8e98-51c4-919d-4c686ea05b56,3.601785000000001e+10,2.49,360.17850000000004
1658277610,XMRUSDT,Sell,4.6,144.65,ZeroMinusTick,73c4fde3-db92-5a01-b6e5-8cec83af8b91,6.6539e+10,4.6,665.39
1658277614,XMRUSDT,Sell,2.24,144.60,MinusTick,0a4e4720-8f47-5c51-a626-a23a355ac780,3.23904e+10,2.24,323.904
1658277617,XMRUSDT,Sell,7,144.55,MinusTick,33e045f8-8cd1-5305-8b65-a349343f727b,1.0118500000000002e+11,7,1011.8500000000001
1658277617,XMRUSDT,Sell,1.75,144.55,ZeroMinusTick,16fabc60-b228-523e-97a6-e0cf342b1e94,2.5296250000000004e+10,1.75,252.96250000000003
1658277617,XMRUSDT,Sell,12.37,144.50,MinusTick,60897961-6eb2-55ae-92ff-5fa27f355406,1.787465e+11,12.37,1787.465
1658277617,XMRUSDT,Sell,3.47,144.50,ZeroMinusTick,5a5cc4ea-3a01-5889-b994-bf34957ecfb1,5.01415e+10,3.47,501.415
1658277617,XMRUSDT,Sell,28,144.45,MinusTick,a411f631-14bb-59a6-9f7a-cbea6704b129,4.0445999999999994e+11,28,4044.5999999999995
1658277617,XMRUSDT,Sell,3.47,144.50,PlusTick,1d833c56-d68e-5854-b17b-9a5012beb4d3,5.01415e+10,3.47,501.415
1658277617,XMRUSDT,Sell,3.53,144.50,ZeroMinusTick,29544654-e730-5a32-8982-36bdb6cbfe14,5.10085e+10,3.53,510.085
1658277617,XMRUSDT,Sell,1.75,144.45,MinusTick,10951552-a73a-556c-b128-46b54acadde4,2.5278749999999996e+10,1.75,252.78749999999997
1658277641,XMRUSDT,Sell,0.4,144.35,MinusTick,82515cec-5975-5c8c-8bf4-386a2d2598b6,5.774e+09,0.4,57.74
1658277669,XMRUSDT,Sell,7,144.30,MinusTick,bd00f392-f93b-5007-affa-21b83aad05bb,1.0101000000000002e+11,7,1010.1000000000001
1658277669,XMRUSDT,Sell,1.75,144.30,ZeroMinusTick,7ce386ed-5b84-55b3-b686-2cb4f4d0e8d9,2.5252500000000004e+10,1.75,252.52500000000003
1658277670,XMRUSDT,Sell,5.22,144.25,MinusTick,bb460b8d-bb37-50fc-8e90-5f3c20be94b9,7.52985e+10,5.22,752.985
1658277670,XMRUSDT,Sell,1.78,144.25,ZeroMinusTick,7281129d-7bbf-593e-aea3-35b14c566120,2.56765e+10,1.78,256.765
1658277673,XMRUSDT,Buy,0.02,144.25,ZeroMinusTick,169452f5-27f3-53da-9448-dda94431f306,2.885e+08,0.02,2.8850000000000002
1658277673,XMRUSDT,Buy,0.05,144.25,ZeroMinusTick,a4b5ed95-fb6d-5b92-b4c9-30de5ffdf7de,7.2125e+08,0.05,7.2125
1658277673,XMRUSDT,Buy,1.67,144.25,ZeroMinusTick,ea004b42-cfc2-5f9c-b976-f6fc702137ff,2.4089749999999996e+10,1.67,240.89749999999998
1658277673,XMRUSDT,Buy,0.4,144.25,ZeroMinusTick,118e1873-f56a-5c9f-bd08-d838e2b0d907,5.77e+09,0.4,57.7
1658277674,XMRUSDT,Buy,0.1,144.25,ZeroMinusTick,bb028a3d-9852-5faa-b533-fb7a10bc053c,1.4425e+09,0.1,14.425
1658277674,XMRUSDT,Buy,1.51,144.25,ZeroMinusTick,d905b5ff-9d3c-5882-8331-8dddfda4b9cc,2.178175e+10,1.51,217.8175
1658277674,XMRUSDT,Buy,5.39,144.25,ZeroMinusTick,a9e7f783-f0fe-5a00-bcab-ff12de3d5687,7.775075e+10,5.39,777.5074999999999
1658277674,XMRUSDT,Buy,0.01,144.25,ZeroMinusTick,3a152479-bd34-509a-a628-538b3f2bddd5,1.4425e+08,0.01,1.4425000000000001
1658277677,XMRUSDT,Buy,0.68,144.30,PlusTick,6fc041a0-eb7d-5178-a159-f8160a9d6c7d,9.8124e+09,0.68,98.12400000000001
1658277678,XMRUSDT,Buy,0.68,144.40,PlusTick,1c041bb2-0176-588c-903f-63b87882abe8,9.8192e+09,0.68,98.19200000000001
1658277678,XMRUSDT,Sell,3.91,144.40,ZeroMinusTick,2f98e711-413a-5662-bd04-3ccafa4d9d12,5.646040000000001e+10,3.91,564.604
1658277678,XMRUSDT,Sell,1.75,144.40,ZeroMinusTick,5691d19b-ef54-5089-aac6-3a9e5d75dad1,2.527e+10,1.75,252.70000000000002
1658277678,XMRUSDT,Sell,4.84,144.40,ZeroMinusTick,cfde1a88-8e6e-5e4d-93a4-4a90c846a8c9,6.98896e+10,4.84,698.896
1658277701,XMRUSDT,Sell,1,144.50,PlusTick,e2d9d066-45ea-550b-bdae-a32957b88f88,1.445e+10,1,144.5
1658277730,XMRUSDT,Buy,7,144.55,PlusTick,a255da6b-9f56-5faf-9525-898a416a6718,1.0118500000000002e+11,7,1011.8500000000001
1658277730,XMRUSDT,Buy,4.4,144.60,PlusTick,44b7810a-9484-573e-9131-545e8629619e,6.3624e+10,4.4,636.24
1658277731,XMRUSDT,Buy,1.36,144.65,PlusTick,978db884-5543-5ea4-ac18-ee2a55eb9b7e,1.96724e+10,1.36,196.72400000000002
1658277740,XMRUSDT,Buy,56,144.75,PlusTick,12f0e6ce-e59c-5c32-b8d8-c009b8f92e69,8.106e+11,56,8106
1658277740,XMRUSDT,Buy,28,144.75,ZeroMinusTick,c598708a-ef64-5762-b436-9f8c6b96229b,4.053e+11,28,4053
1658277740,XMRUSDT,Buy,1.45,144.75,ZeroMinusTick,39cf5602-c19b-5d65-bb79-eb35e3e12961,2.098875e+10,1.45,209.8875
1658277740,XMRUSDT,Buy,18.27,144.75,ZeroMinusTick,0c2b25d0-0aff-545d-9659-8521d3d7d582,2.6445825e+11,18.27,2644.5825
1658277740,XMRUSDT,Buy,3.47,144.75,ZeroMinusTick,8238549b-9935-50d1-a84e-304641ab5c22,5.022825e+10,3.47,502.2825
1658277740,XMRUSDT,Buy,19.72,144.75,ZeroMinusTick,81e6809e-d496-595b-9c0c-ff0b89fa0f4e,2.85447e+11,19.72,2854.47
1658277740,XMRUSDT,Buy,2.42,144.75,ZeroMinusTick,0290211d-8062-5c95-a040-070c3cef7ca2,3.50295e+10,2.42,350.295
1658277758,XMRUSDT,Buy,7,144.55,MinusTick,1b8af6eb-ccdb-5a62-bf51-3d42882e28c3,1.0118500000000002e+11,7,1011.8500000000001
1658277761,XMRUSDT,Sell,1,144.60,PlusTick,065cb4c7-e84e-58d1-89bc-881522bc0daf,1.446e+10,1,144.6
1658277813,XMRUSDT,Buy,2.81,144.45,MinusTick,7111e1d7-cca9-5a89-a26c-81227818d864,4.059045e+10,2.81,405.9045
1658277857,XMRUSDT,Buy,7,144.45,ZeroMinusTick,c2daa696-675e-5f70-b711-95ebef1967f4,1.0111499999999998e+11,7,1011.1499999999999
1658277863,XMRUSDT,Sell,7,144.50,PlusTick,2a3f1f81-4795-5e5f-a99c-501b02c341b3,1.0115e+11,7,1011.5
1658277863,XMRUSDT,Sell,7,144.45,MinusTick,46dd370b-c7df-5203-a5bc-dea1d1dd7d2b,1.0111499999999998e+11,7,1011.1499999999999
1658277864,XMRUSDT,Sell,3.47,144.45,ZeroMinusTick,577c8875-567a-5283-bb63-ed1f3f27976f,5.012415e+10,3.47,501.2415
1658277864,XMRUSDT,Sell,3.53,144.45,ZeroMinusTick,7704404d-294d-5245-a7a0-ea862ff035f6,5.099084999999999e+10,3.53,509.90849999999995
1658277865,XMRUSDT,Sell,7,144.35,MinusTick,ed2e62b3-45b5-51d9-a399-06892bd77dfb,1.01045e+11,7,1010.4499999999999
1658277865,XMRUSDT,Sell,4.4,144.30,MinusTick,8f91b554-fd49-5a7f-905c-2b31aeace470,6.349200000000001e+10,4.4,634.9200000000001
1658277865,XMRUSDT,Sell,7,144.30,ZeroMinusTick,3edc1811-fe12-5855-ab92-2bc0ba9c39f0,1.0101000000000002e+11,7,1010.1000000000001
1658277882,XMRUSDT,Sell,0.78,144.30,ZeroMinusTick,7d434cbf-9afe-5c86-9bf6-1ce83ce58298,1.1255400000000002e+10,0.78,112.55400000000002
1658277882,XMRUSDT,Sell,0.01,144.30,ZeroMinusTick,1a1cc6f0-b2d6-59ae-bac6-25d5252c79ea,1.443e+08,0.01,1.443
1658277882,XMRUSDT,Sell,6.21,144.30,ZeroMinusTick,fd1a8c99-e3ce-57a9-9ccb-7e4325cfe54a,8.96103e+10,6.21,896.1030000000001
1658277887,XMRUSDT,Buy,0.79,144.25,MinusTick,bcc3a142-b240-550a-a693-96f37c5677c2,1.1395750000000002e+10,0.79,113.95750000000001
1658277901,XMRUSDT,Sell,1,144.25,ZeroMinusTick,7bfe45c4-b6f8-5433-9c1c-73ff3cffd422,1.4425e+10,1,144.25
1658277915,XMRUSDT,Buy,3.47,144.30,PlusTick,5c375c12-82de-586d-8d87-b5211ceddfed,5.007210000000001e+10,3.47,500.72100000000006
1658277915,XMRUSDT,Buy,3.47,144.30,ZeroMinusTick,30a31294-22f7-5434-abba-babf19e90866,5.007210000000001e+10,3.47,500.72100000000006
1658277915,XMRUSDT,Buy,0.06,144.30,ZeroMinusTick,c0a7929e-8e23-5e8a-9531-1f2d46651ed3,8.658e+08,0.06,8.658
1658277943,XMRUSDT,Buy,0.1,144.50,PlusTick,7c834b43-9351-50c7-a77c-96a1c07c30d2,1.445e+09,0.1,14.450000000000001
1658277949,XMRUSDT,Buy,7,144.45,MinusTick,f5be9a1e-368c-5294-b75c-7d169785c37c,1.0111499999999998e+11,7,1011.1499999999999
1658277973,XMRUSDT,Buy,0.04,144.50,PlusTick,4ef7562b-b642-55d5-b53d-9e9d194de272,5.78e+08,0.04,5.78
1658277974,XMRUSDT,Buy,2,144.45,MinusTick,ba046cfb-25fa-5bcd-ad13-722943973d0c,2.8889999999999996e+10,2,288.9
1658277974,XMRUSDT,Buy,5,144.45,ZeroMinusTick,53baf047-8896-5eb7-9d10-5b09bf489f8e,7.2225e+10,5,722.25
1658277981,XMRUSDT,Buy,7,144.50,PlusTick,3e5f7dde-0519-5867-95fb-e1ca51b86574,1.0115e+11,7,1011.5
1658277981,XMRUSDT,Buy,3.47,144.50,ZeroMinusTick,ddb86648-c883-534d-ae24-cac239184dd7,5.01415e+10,3.47,501.415
1658277981,XMRUSDT,Buy,3.21,144.50,ZeroMinusTick,13e30079-17ff-544f-8884-7eb82991bd7c,4.63845e+10,3.21,463.84499999999997
1658278041,XMRUSDT,Sell,0.02,144.30,MinusTick,83065b1c-f0b6-51ab-8beb-59de086fce8e,2.886e+08,0.02,2.886
1658278043,XMRUSDT,Buy,1.75,144.35,PlusTick,e61f1c41-eb43-5c36-9464-24ec145144ad,2.526125e+10,1.75,252.61249999999998
1658278043,XMRUSDT,Buy,5.19,144.40,PlusTick,3aa0f5e1-0987-52e5-a5c9-bb7b72253d5d,7.49436e+10,5.19,749.436
1658278043,XMRUSDT,Buy,7.32,144.40,ZeroMinusTick,26fa2979-5e57-5855-bc83-977a968f2739,1.057008e+11,7.32,1057.008
1658278043,XMRUSDT,Buy,12.4,144.40,ZeroMinusTick,95a37120-683c-50a2-9f89-8ffbf70381f8,1.7905600000000003e+11,12.4,1790.5600000000002
1658278043,XMRUSDT,Buy,26.55,144.40,ZeroMinusTick,0aa7fa93-4a8f-52ae-b228-5fab1ab67673,3.83382e+11,26.55,3833.82
1658278043,XMRUSDT,Buy,3.47,144.40,ZeroMinusTick,de1a0df6-15e7-52e7-832b-eec1fbb2a2a5,5.010680000000001e+10,3.47,501.06800000000004
1658278043,XMRUSDT,Buy,2.8,144.50,PlusTick,e8c670f6-6f58-5cb7-8b74-a6479e95805a,4.046e+10,2.8,404.59999999999997
1658278044,XMRUSDT,Sell,7,144.45,MinusTick,d22f3146-a720-52cc-886c-090fcefdf450,1.0111499999999998e+11,7,1011.1499999999999
1658278108,XMRUSDT,Buy,0.02,144.45,ZeroMinusTick,53da8a27-ed28-5532-b1c5-a05a99ee6fa8,2.889e+08,0.02,2.889
1658278108,XMRUSDT,Buy,0.02,144.45,ZeroMinusTick,25f3149a-57af-5003-87e7-504d209078e4,2.889e+08,0.02,2.889
1658278108,XMRUSDT,Buy,6.48,144.45,ZeroMinusTick,28df7ab9-a1d9-5726-a732-afc492459b3e,9.36036e+10,6.48,936.036
1658278108,XMRUSDT,Buy,0.01,144.45,ZeroMinusTick,4ece53ef-2b09-5aaa-99ef-57533160ec39,1.4445e+08,0.01,1.4445
1658278108,XMRUSDT,Buy,0.05,144.45,ZeroMinusTick,6b1ef0ce-4661-5e20-86de-f6459676c27c,7.2225e+08,0.05,7.2225
1658278108,XMRUSDT,Buy,0.01,144.45,ZeroMinusTick,714dfab3-550c-5f21-8238-18994295c67b,1.4445e+08,0.01,1.4445
1658278108,XMRUSDT,Buy,0.23,144.45,ZeroMinusTick,4b872b37-bad8-521a-8b36-e6519e3adb22,3.32235e+09,0.23,33.2235
1658278108,XMRUSDT,Buy,0.15,144.45,ZeroMinusTick,03a11678-d43c-5621-b3af-96633a2c8af9,2.1667499999999995e+09,0.15,21.667499999999997
1658278108,XMRUSDT,Buy,0.01,144.45,ZeroMinusTick,f2c4f52e-1324-598a-9010-cc72bb58ffef,1.4445e+08,0.01,1.4445
1658278108,XMRUSDT,Buy,0.01,144.45,ZeroMinusTick,17cd9154-157b-5e51-b95d-1f44af44bf48,1.4445e+08,0.01,1.4445
1658278108,XMRUSDT,Buy,0.01,144.45,ZeroMinusTick,bef46689-7add-5edc-ad52-cbe685691360,1.4445e+08,0.01,1.4445
1658278187,XMRUSDT,Buy,7,144.70,PlusTick,6f75efd1-bb47-5c02-b1a9-bd83c119dfa0,1.0128999999999998e+11,7,1012.8999999999999
1658278204,XMRUSDT,Buy,1.75,144.60,MinusTick,5c8b88ef-84bf-5bf3-bb54-b16cf2a82b7e,2.5305e+10,1.75,253.04999999999998
1658278204,XMRUSDT,Buy,3.21,144.60,ZeroMinusTick,3d239911-9554-59b5-bb65-075e06fc661c,4.64166e+10,3.21,464.166
1658278210,XMRUSDT,Buy,2.99,144.70,PlusTick,3483d61a-0c3e-5595-988a-e698d82d9688,4.32653e+10,2.99,432.653
1658278210,XMRUSDT,Buy,2.01,144.70,ZeroMinusTick,0a592474-29fb-5e2c-8cf8-89ed0e8ea18d,2.9084699999999992e+10,2.01,290.8469999999999
1658278210,XMRUSDT,Buy,2,144.70,ZeroMinusTick,02c7b099-dd8c-55c1-bae1-da2b480ca4c6,2.8939999999999996e+10,2,289.4
1658278221,XMRUSDT,Sell,0.01,144.70,ZeroMinusTick,191db7ed-1b40-5e6d-923d-a56016cdc359,1.4469999999999997e+08,0.01,1.4469999999999998
1658278283,XMRUSDT,Buy,7,144.70,ZeroMinusTick,c9a428df-074b-54b1-ae46-dff43926441c,1.0128999999999998e+11,7,1012.8999999999999
1658278311,XMRUSDT,Buy,0.01,144.70,ZeroMinusTick,384fd247-7b0f-50bc-be26-abebc16b2444,1.4469999999999997e+08,0.01,1.4469999999999998
1658278341,XMRUSDT,Sell,1.75,144.60,MinusTick,19f91471-a276-50c4-a727-ca2ab7dcfaff,2.5305e+10,1.75,253.04999999999998
1658278341,XMRUSDT,Sell,1.75,144.55,MinusTick,43a3e1a9-c5e5-5557-aafe-260fb058599f,2.5296250000000004e+10,1.75,252.96250000000003
1658278341,XMRUSDT,Sell,7,144.55,ZeroMinusTick,9cd024a3-2513-5077-844a-4eafb4282a39,1.0118500000000002e+11,7,1011.8500000000001
1658278341,XMRUSDT,Sell,3.47,144.55,ZeroMinusTick,02953d34-addb-59ed-882b-3963a2205c33,5.015885000000001e+10,3.47,501.58850000000007
1658278341,XMRUSDT,Sell,4.43,144.55,ZeroMinusTick,166ddec5-3db0-54bf-bdb4-338ae25be467,6.403565e+10,4.43,640.3565
1658278341,XMRUSDT,Sell,3.91,144.55,ZeroMinusTick,574ea398-d7e0-5586-8f93-a8d48ede16f4,5.651905000000001e+10,3.91,565.1905
1658278341,XMRUSDT,Sell,3.91,144.50,MinusTick,5a8298e6-a629-50ad-bc9c-1a8412a845c8,5.64995e+10,3.91,564.995
1658278341,XMRUSDT,Sell,19.75,144.50,ZeroMinusTick,19996c0b-d605-5d70-a7db-c4682479e704,2.853875e+11,19.75,2853.875
1658278341,XMRUSDT,Sell,0.68,144.40,MinusTick,5fa0204c-0ca4-5f4c-91df-6fd34fc2140b,9.8192e+09,0.68,98.19200000000001
1658278341,XMRUSDT,Sell,3.91,144.40,ZeroMinusTick,68e35ada-ee1f-534a-8ffd-0353000c9b9f,5.646040000000001e+10,3.91,564.604
1658278341,XMRUSDT,Sell,3.93,144.40,ZeroMinusTick,47e6cc29-914d-5f4c-ac58-238beac5d52a,5.674920000000001e+10,3.93,567.4920000000001
1658278341,XMRUSDT,Sell,1.36,144.35,MinusTick,141c4201-c496-5a88-9e74-125413cdc906,1.96316e+10,1.36,196.316
1658278341,XMRUSDT,Sell,0.68,144.30,MinusTick,7269e893-c6c9-5dff-b780-ba669367577a,9.8124e+09,0.68,98.12400000000001
1658278341,XMRUSDT,Sell,3.87,144.30,ZeroMinusTick,4ad2fb89-39fc-5f14-9c59-15044b754bca,5.58441e+10,3.87,558.441
1658278341,XMRUSDT,Sell,0.68,144.20,MinusTick,c94bac2e-07fc-574b-9dfd-dc3866d5b33c,9.8056e+09,0.68,98.056
1658278341,XMRUSDT,Sell,1,144.15,MinusTick,158afeae-63dc-5cf3-8e59-21e052688a93,1.4415e+10,1,144.15
1658278341,XMRUSDT,Sell,4.45,144.30,PlusTick,4ea2cfc4-4d81-5a7b-b2bd-4ab5b5b9f731,6.421350000000001e+10,4.45,642.1350000000001
1658278341,XMRUSDT,Sell,0.08,144.30,ZeroMinusTick,896ffd0c-79ca-598c-b28a-deb46f8cab30,1.1544e+09,0.08,11.544
1658278341,XMRUSDT,Sell,2.47,144.30,ZeroMinusTick,aaf353e8-e101-5bc9-92e4-d90272854c34,3.564210000000001e+10,2.47,356.42100000000005
1658278341,XMRUSDT,Sell,5.53,144.25,MinusTick,12b92481-e407-5a6b-9514-e30af19996f9,7.977025e+10,5.53,797.7025
1658278341,XMRUSDT,Sell,6.43,144.15,MinusTick,9ec4e618-e9fc-5d84-8de6-02ffb61a3fec,9.268845e+10,6.43,926.8845
1658278341,XMRUSDT,Buy,1.53,144.35,PlusTick,967753f0-a14d-5157-893e-2adcfd9d5dba,2.208555e+10,1.53,220.8555
1658278341,XMRUSDT,Buy,1.94,144.35,ZeroMinusTick,920ca9d6-6a76-5164-892b-673464b30667,2.80039e+10,1.94,280.039
1658278341,XMRUSDT,Buy,1.75,144.35,ZeroMinusTick,e8d15f9a-b9e2-53fc-9be7-1bedd5e9610b,2.526125e+10,1.75,252.61249999999998
1658278341,XMRUSDT,Buy,4.4,144.40,PlusTick,461d29b5-d116-56d1-927d-086ec5821fb1,6.3536000000000015e+10,4.4,635.3600000000001
1658278341,XMRUSDT,Sell,0.8,144.20,MinusTick,15d4a997-8d30-5da1-825f-b94a58a4bbf1,1.1536e+10,0.8,115.36
1658278341,XMRUSDT,Sell,4.4,144.20,ZeroMinusTick,4635e184-3fc5-5301-b663-3f501e3fb81d,6.3448e+10,4.4,634.48
1658278341,XMRUSDT,Sell,2.93,144.20,ZeroMinusTick,a3597c63-52f5-58e7-9ec1-b335207ba27d,4.22506e+10,2.93,422.506
1658278342,XMRUSDT,Sell,0.68,144.10,MinusTick,71750df8-41f9-51d7-a4cb-c6fe0ccf7973,9.7988e+09,0.68,97.988
1658278342,XMRUSDT,Sell,0.85,144.10,ZeroMinusTick,59d84225-2578-532e-9af4-cfd55d6cac6a,1.2248499999999998e+10,0.85,122.48499999999999
1658278342,XMRUSDT,Sell,6.24,144.10,ZeroMinusTick,b6d04ef6-3edd-592b-91f2-4e243df26aa4,8.99184e+10,6.24,899.184
1658278342,XMRUSDT,Sell,1.75,144.10,ZeroMinusTick,fcba1394-3012-57ef-8d29-c713552a3858,2.52175e+10,1.75,252.17499999999998
1658278342,XMRUSDT,Sell,1.89,144.05,MinusTick,22dc71a7-fea3-5ecc-a1fd-d863fb7af16a,2.722545e+10,1.89,272.2545
1658278342,XMRUSDT,Sell,0.32,144.05,ZeroMinusTick,eb5242c6-8672-5055-a7ee-72b9088d6385,4.6096e+09,0.32,46.096000000000004
1658278344,XMRUSDT,Sell,1.1,144.10,PlusTick,397ce9fc-94dd-504e-9826-4732b73fb6cd,1.5851000000000002e+10,1.1,158.51000000000002
1658278344,XMRUSDT,Sell,1.1,144.10,ZeroMinusTick,3a12e816-1215-5ba6-9fe0-f448315f1e01,1.5851000000000002e+10,1.1,158.51000000000002
1658278354,XMRUSDT,Buy,0.01,144.20,PlusTick,57409e3e-37ae-537e-b043-bafa4a72b517,1.442e+08,0.01,1.442
1658278356,XMRUSDT,Buy,0.16,144.20,ZeroMinusTick,ff3b4886-55d8-5234-9055-4fdf6a3e61db,2.3072e+09,0.16,23.072
1658278511,XMRUSDT,Buy,0.01,144.15,MinusTick,29249001-3bce-5881-b6b9-e16ed75129b2,1.4415e+08,0.01,1.4415
1658278578,XMRUSDT,Sell,0.2,143.95,MinusTick,22a8c533-19e1-5314-a5b6-6986ff7ec6fd,2.879e+09,0.2,28.79
1658278578,XMRUSDT,Sell,1.75,143.95,ZeroMinusTick,2ea072a1-c272-5eeb-95da-af3fe57f697e,2.5191249999999996e+10,1.75,251.91249999999997
1658278601,XMRUSDT,Buy,0.01,143.95,ZeroMinusTick,0be7fe1e-96b5-5b47-9192-85474902f3f5,1.4395e+08,0.01,1.4395
1658278606,XMRUSDT,Buy,4,143.95,ZeroMinusTick,f1d67b01-7968-5228-b293-58fdaef42ae6,5.757999999999999e+10,4,575.8
1658278606,XMRUSDT,Buy,2.99,143.95,ZeroMinusTick,13ca4771-deae-52e8-af12-df7b693438e2,4.304105e+10,2.99,430.4105
1658278610,XMRUSDT,Sell,0.1,143.95,ZeroMinusTick,4c7f771e-d32c-5e9c-9368-3fecfc345b66,1.4395e+09,0.1,14.395
1658278631,XMRUSDT,Buy,1,144.05,PlusTick,338fbdf6-af0d-56f9-b9da-c10827af831f,1.4405000000000002e+10,1,144.05
1658278649,XMRUSDT,Buy,1.7,144.00,MinusTick,e692bc92-94dd-5242-b8d0-797f3dbb4f23,2.448e+10,1.7,244.79999999999998
1658278734,XMRUSDT,Buy,1.77,143.80,MinusTick,d782b1eb-da82-5f24-abd2-489563293b57,2.54526e+10,1.77,254.526
1658278734,XMRUSDT,Buy,5.23,143.80,ZeroMinusTick,86fa25b6-7f93-5169-ba0c-7373118bbe19,7.52074e+10,5.23,752.0740000000001
1658278734,XMRUSDT,Buy,5.77,143.85,PlusTick,9aafe0db-27b1-5d51-9924-c9e3e06a19fe,8.300144999999998e+10,5.77,830.0144999999999
1658278752,XMRUSDT,Buy,5,144.05,PlusTick,eb46259d-874b-5901-873f-b0498c3ae8aa,7.2025e+10,5,720.25
1658278752,XMRUSDT,Buy,2,144.05,ZeroMinusTick,089ac6b3-77ad-5bec-95dd-8be188fe5a93,2.8810000000000004e+10,2,288.1
1658278756,XMRUSDT,Buy,5.2,144.15,PlusTick,189ccacb-fb8b-5044-894d-699d010964cf,7.4958e+10,5.2,749.58
1658278761,XMRUSDT,Buy,0.01,144.20,PlusTick,3c77bff3-6f1c-5e36-8dcb-4106d1bccb24,1.442e+08,0.01,1.442
1658278789,XMRUSDT,Buy,7,144.30,PlusTick,0125630f-348c-57a1-b302-1baa3a364793,1.0101000000000002e+11,7,1010.1000000000001
1658278791,XMRUSDT,Buy,0.01,144.35,PlusTick,41088c72-88b5-54d9-ac95-0ef55b5f166d,1.4435e+08,0.01,1.4435
1658278843,XMRUSDT,Buy,3,144.20,MinusTick,fcd0cf20-6e00-5288-b6dd-1f7373b0d180,4.326e+10,3,432.59999999999997
1658278844,XMRUSDT,Sell,1.77,144.20,ZeroMinusTick,1801c0c3-d0d2-52b8-b523-d28284899545,2.5523399999999996e+10,1.77,255.23399999999998
1658278860,XMRUSDT,Buy,0.82,144.30,PlusTick,f92123cb-94f3-5d83-8439-c0c4ffeabb5f,1.18326e+10,0.82,118.32600000000001
1658278860,XMRUSDT,Buy,0.69,144.30,ZeroMinusTick,40d4df20-9fef-546d-89cb-06549c84db11,9.9567e+09,0.69,99.567
1658278871,XMRUSDT,Sell,0.01,144.30,ZeroMinusTick,bf713b56-7897-5db0-b9ff-868da17e22a4,1.443e+08,0.01,1.443
1658278895,XMRUSDT,Sell,2.3,144.20,MinusTick,b10fe3ab-5198-57ce-a99b-1549adfe161d,3.3165999999999996e+10,2.3,331.65999999999997
1658278966,XMRUSDT,Buy,7,144.45,PlusTick,0b5cb757-d65c-5494-80ea-d2f9cba2a6e6,1.0111499999999998e+11,7,1011.1499999999999
1658278991,XMRUSDT,Buy,0.08,144.50,PlusTick,3911d996-7c99-5597-9520-21181b6b8517,1.156e+09,0.08,11.56
1658279101,XMRUSDT,Sell,1,144.40,MinusTick,aed73341-8308-53e9-9a6e-c6b7c0d70b1a,1.444e+10,1,144.4
1658279141,XMRUSDT,Sell,0.14,144.45,PlusTick,d395e73b-6219-518d-8c7d-93f087856675,2.0223e+09,0.14,20.223
1658279179,XMRUSDT,Buy,1.24,144.40,MinusTick,dd863728-316d-5d5b-9fc3-e5ccc37f475e,1.79056e+10,1.24,179.056
1658279225,XMRUSDT,Sell,0.69,144.10,MinusTick,e092b2c6-b553-5807-9280-77d00be1c735,9.942899999999998e+09,0.69,99.42899999999999
1658279226,XMRUSDT,Sell,7,144.05,MinusTick,4110fbbe-20c2-5eba-87b3-69e5e2a82414,1.0083500000000002e+11,7,1008.3500000000001
1658279241,XMRUSDT,Buy,1,144.00,MinusTick,91e7e475-2a42-526a-94cd-cdb926ecc1b9,1.44e+10,1,144
1658279305,XMRUSDT,Sell,7,143.85,MinusTick,6da97c7f-cad2-5d81-9ff2-85d2c01bd21d,1.00695e+11,7,1006.9499999999999
1658279305,XMRUSDT,Sell,6.01,143.80,MinusTick,bc2ff5c7-4b5a-567a-8054-662ddace5d2a,8.64238e+10,6.01,864.238
1658279341,XMRUSDT,Sell,0.69,143.60,MinusTick,c617f357-9182-5741-9d54-d746630511a8,9.908399999999998e+09,0.69,99.08399999999999
1658279341,XMRUSDT,Buy,0.5,143.65,PlusTick,ed4e6174-a06a-5a36-ae59-69c106cf3eb1,7.1825e+09,0.5,71.825
1658279345,XMRUSDT,Buy,5,143.55,MinusTick,71703406-be66-5f0a-a6b4-22f717ff7cfc,7.1775e+10,5,717.75
1658279345,XMRUSDT,Buy,2,143.55,ZeroMinusTick,6df3f9a2-f977-53be-ac97-12fee17303da,2.8710000000000004e+10,2,287.1
1658279361,XMRUSDT,Sell,0.04,143.55,ZeroMinusTick,96f6131e-7b11-552d-805a-9a57b239c796,5.742000000000001e+08,0.04,5.742000000000001
1658279372,XMRUSDT,Buy,4.18,143.55,ZeroMinusTick,89a96f01-01a7-5878-88d6-b67c3494844a,6.00039e+10,4.18,600.039
1658279372,XMRUSDT,Buy,2.82,143.55,ZeroMinusTick,e2d31c79-231b-582a-b70d-3b451acabf26,4.04811e+10,2.82,404.81100000000004
1658279387,XMRUSDT,Sell,0.01,143.55,ZeroMinusTick,693b3312-1036-5e1c-b2bb-6d4fca3de212,1.4355000000000003e+08,0.01,1.4355000000000002
1658279387,XMRUSDT,Sell,1.75,143.55,ZeroMinusTick,debd14ae-b816-5ae9-9485-557382ccfc12,2.5121250000000004e+10,1.75,251.21250000000003
1658279387,XMRUSDT,Sell,0.24,143.55,ZeroMinusTick,f15d2ac2-a2eb-5ddc-9b4b-77414e935d1e,3.4452e+09,0.24,34.452
1658279392,XMRUSDT,Buy,3.91,143.60,PlusTick,1b98526e-c61a-5db6-a574-ffeeee481d40,5.61476e+10,3.91,561.476
1658279392,XMRUSDT,Buy,3.09,143.60,ZeroMinusTick,34164c01-5e91-59c1-aee8-67a07470b374,4.43724e+10,3.09,443.724
1658279398,XMRUSDT,Buy,4,143.80,PlusTick,74c9eccb-6f9b-5912-be60-7440c901b65d,5.752000000000001e+10,4,575.2
1658279398,XMRUSDT,Buy,3,143.80,ZeroMinusTick,b062d241-da7a-5bd0-8754-fac0cfc523e5,4.314e+10,3,431.40000000000003
1658279434,XMRUSDT,Sell,7,144.00,PlusTick,73a1df8d-9fcb-5d05-b995-439987db5d39,1.008e+11,7,1008
1658279434,XMRUSDT,Sell,1.75,144.00,ZeroMinusTick,e32c800b-f259-5e8b-9f07-f9564f25109e,2.52e+10,1.75,252
1658279437,XMRUSDT,Buy,0.01,144.00,ZeroMinusTick,f7fa8eb7-500f-589e-8a0f-8b73b09de46a,1.44e+08,0.01,1.44
1658279442,XMRUSDT,Buy,0.42,144.00,ZeroMinusTick,6c243243-fedc-5fcc-a8d1-590f037e492a,6.048e+09,0.42,60.48
1658279470,XMRUSDT,Buy,0.82,144.00,ZeroMinusTick,648173a1-8857-5c0f-9f8a-8ce1875aa5c0,1.1808e+10,0.82,118.08
1658279470,XMRUSDT,Buy,0.01,144.00,ZeroMinusTick,ba148682-c4b7-5bdb-aa29-4dcc346fb970,1.44e+08,0.01,1.44
1658279561,XMRUSDT,Buy,0.05,144.15,PlusTick,836d72e4-2af6-561e-8be8-bc789b8631ef,7.2075e+08,0.05,7.2075000000000005
1658279599,XMRUSDT,Sell,0.16,144.10,MinusTick,4f25511f-1bc1-5b27-a9fd-8c907bfe2c00,2.3056e+09,0.16,23.056
1658279601,XMRUSDT,Buy,0.01,144.20,PlusTick,b4d11291-e114-575c-a048-9027c99ac532,1.442e+08,0.01,1.442
1658279609,XMRUSDT,Buy,1.39,144.25,PlusTick,77a3105d-d577-5a6b-975e-2b24b5bea9ba,2.005075e+10,1.39,200.5075
1658279688,XMRUSDT,Buy,2,144.45,PlusTick,3124a931-ffc6-510e-bfe6-349ffb24261b,2.8889999999999996e+10,2,288.9
1658279688,XMRUSDT,Buy,2,144.45,ZeroMinusTick,2f6f0228-23ee-5573-8fa6-24c284fbe72a,2.8889999999999996e+10,2,288.9
1658279688,XMRUSDT,Buy,3,144.45,ZeroMinusTick,f98d4a41-9e9b-504c-aaae-3dd1d738820c,4.3335e+10,3,433.34999999999997
1658279717,XMRUSDT,Buy,2,144.55,PlusTick,bfc7b96f-443d-5dd1-90da-f1eceb574fbf,2.8910000000000004e+10,2,289.1
1658279717,XMRUSDT,Buy,2.79,144.55,ZeroMinusTick,55b8308f-e37c-5206-a02f-2eb7a30e79e4,4.032945e+10,2.79,403.2945
1658279718,XMRUSDT,Buy,0.21,144.55,ZeroMinusTick,97f8d5cd-9102-55b8-bd28-a5773d25b6b0,3.0355500000000005e+09,0.21,30.355500000000003
1658279718,XMRUSDT,Buy,2,144.55,ZeroMinusTick,f68613de-8992-5f19-babc-14f9e0601c55,2.8910000000000004e+10,2,289.1
1658279736,XMRUSDT,Sell,0.3,144.60,PlusTick,84684a35-0e06-5eec-a967-71404cd9e706,4.338e+09,0.3,43.379999999999995
1658279739,XMRUSDT,Sell,0.3,144.60,ZeroMinusTick,3a4a3c80-a2bf-5110-b8e5-3ab15cac8963,4.338e+09,0.3,43.379999999999995
1658279751,XMRUSDT,Sell,0.2,144.55,MinusTick,185d2654-dd93-55fc-ba8a-edff799e6e3c,2.8910000000000005e+09,0.2,28.910000000000004
1658279769,XMRUSDT,Buy,1.35,144.70,PlusTick,db52f235-549c-592f-a8c1-cff538547b36,1.95345e+10,1.35,195.345
1658279793,XMRUSDT,Buy,1.75,144.65,MinusTick,8fbb5455-2673-51d9-9604-a3b0016a30f1,2.531375e+10,1.75,253.13750000000002
1658279793,XMRUSDT,Buy,1.75,144.70,PlusTick,2a03abc5-f5f8-5eb8-86f3-988355467666,2.5322499999999996e+10,1.75,253.22499999999997
1658279793,XMRUSDT,Buy,3.47,144.70,ZeroMinusTick,45939507-482c-5a01-9308-cb6be8e0e85e,5.02109e+10,3.47,502.109
1658279793,XMRUSDT,Buy,5.18,144.70,ZeroMinusTick,53a0c521-2ac8-5c2f-975f-7a29497aebed,7.49546e+10,5.18,749.5459999999999
1658279796,XMRUSDT,Buy,7,144.75,PlusTick,278aee2c-aa31-5516-87d4-4a1fa8098118,1.01325e+11,7,1013.25
1658279796,XMRUSDT,Buy,4.4,144.80,PlusTick,17863920-98e4-5cfa-a55f-f5468d961fc8,6.3712000000000015e+10,4.4,637.1200000000001
1658279796,XMRUSDT,Buy,14.95,144.80,ZeroMinusTick,906a067d-2d2b-555a-b99c-db7b5eaf4263,2.1647600000000003e+11,14.95,2164.76
1658279796,XMRUSDT,Buy,0.37,144.80,ZeroMinusTick,68e51d9e-45ad-534d-b9a3-cbb5c8d98fa5,5.3576e+09,0.37,53.576
1658279797,XMRUSDT,Buy,7,144.80,ZeroMinusTick,780be084-a656-5d16-95c0-6bc876b682bb,1.0136000000000002e+11,7,1013.6000000000001
1658279799,XMRUSDT,Buy,0.01,144.85,PlusTick,a97e0c64-7958-5c84-9b00-625a142c1dc3,1.4485e+08,0.01,1.4485
1658279841,XMRUSDT,Sell,0.01,144.90,PlusTick,4574af16-6a96-5cf3-86d7-339afdc25949,1.449e+08,0.01,1.449
1658279852,XMRUSDT,Buy,0.02,144.95,PlusTick,73103ad2-b1ad-5bb0-963d-a27f21f25f65,2.899e+08,0.02,2.899
1658279854,XMRUSDT,Buy,0.03,144.95,ZeroMinusTick,ee5f6bfd-3920-5e65-9846-e7b1a65c8cde,4.3484999999999994e+08,0.03,4.3485
1658279855,XMRUSDT,Buy,0.07,145.00,PlusTick,1010bfd7-1062-5326-8696-66cd3d22748e,1.015e+09,0.07,10.15
1658279897,XMRUSDT,Buy,0.23,145.00,ZeroMinusTick,c7f27427-3a4d-569f-b378-2b78aadd5eab,3.335e+09,0.23,33.35
1658279991,XMRUSDT,Buy,0.01,144.95,MinusTick,e80c199d-b602-588a-999a-f9e0b2490658,1.4495e+08,0.01,1.4495
1658279998,XMRUSDT,Buy,6.99,144.95,ZeroMinusTick,97a17a13-f079-5671-9631-1472df1c3b6e,1.0132004999999998e+11,6.99,1013.2004999999999
1658280039,XMRUSDT,Sell,0.25,144.90,MinusTick,2d64e31d-6703-591a-947c-45e1bf2feecd,3.6225e+09,0.25,36.225
1658280161,XMRUSDT,Sell,0.01,144.85,MinusTick,75f89513-6a84-555a-a877-45dae0641783,1.4485e+08,0.01,1.4485
1658280198,XMRUSDT,Sell,1.75,144.90,PlusTick,97ab3173-76fc-57e9-8e24-470030786972,2.53575e+10,1.75,253.57500000000002
1658280198,XMRUSDT,Sell,3.47,144.85,MinusTick,6cda5828-48a8-504a-9ead-e22923bc5719,5.026295e+10,3.47,502.6295
1658280198,XMRUSDT,Sell,1.75,144.85,ZeroMinusTick,c4617e9c-9365-5702-90d8-ac87cdcdfe1d,2.534875e+10,1.75,253.48749999999998
1658280198,XMRUSDT,Sell,5.17,144.80,MinusTick,8b49069b-1113-56e6-a7a2-f7298643e47e,7.486160000000002e+10,5.17,748.6160000000001
1658280198,XMRUSDT,Sell,0.69,144.80,ZeroMinusTick,22b6e44e-7106-5169-8d8c-82e3dea73faa,9.9912e+09,0.69,99.912
1658280198,XMRUSDT,Sell,10.44,144.75,MinusTick,c848dc03-52aa-5591-98b1-ce1586b7c950,1.5111899999999997e+11,10.44,1511.1899999999998
1658280201,XMRUSDT,Sell,6.05,144.80,PlusTick,316b0ca1-cf67-586c-bdf8-d26dae162e7b,8.760400000000002e+10,6.05,876.0400000000001
1658280214,XMRUSDT,Sell,1.75,144.75,MinusTick,64ba5fa8-f069-5d03-ab78-6523c39a14f7,2.533125e+10,1.75,253.3125
1658280225,XMRUSDT,Sell,1.75,144.75,ZeroMinusTick,0f1962c9-0c92-511e-9122-411332147605,2.533125e+10,1.75,253.3125
1658280236,XMRUSDT,Sell,23.95,144.65,MinusTick,b78c9163-54b1-548c-90f1-66e260582167,3.4643675e+11,23.95,3464.3675
1658280236,XMRUSDT,Sell,2.16,144.65,ZeroMinusTick,4789a5bf-45b6-5d2d-afba-fcceb4c6beec,3.12444e+10,2.16,312.444
1658280236,XMRUSDT,Sell,1.75,144.65,ZeroMinusTick,9b8c2f10-2539-5209-b568-778f1f15b46e,2.531375e+10,1.75,253.13750000000002
1658280238,XMRUSDT,Sell,7,144.55,MinusTick,895bf97b-1686-5bf5-9cfa-3379fb696051,1.0118500000000002e+11,7,1011.8500000000001
1658280238,XMRUSDT,Sell,0.69,144.40,MinusTick,2ed01d9f-68be-5a74-b83d-60a5a03f0a1e,9.9636e+09,0.69,99.636
1658280311,XMRUSDT,Sell,0.02,144.50,PlusTick,94c356d3-65c0-5076-b6ab-2265ea2a1316,2.89e+08,0.02,2.89
1658280375,XMRUSDT,Buy,2.52,144.70,PlusTick,4d559bf0-dbe5-5f6d-b5c0-6fd9b570af09,3.646439999999999e+10,2.52,364.64399999999995
1658280375,XMRUSDT,Buy,4.48,144.70,ZeroMinusTick,72d92fa6-636d-59a5-a781-d68aec0c9fed,6.48256e+10,4.48,648.256
1658280381,XMRUSDT,Sell,0.03,144.75,PlusTick,2c532a80-1722-5d98-9e3e-c11c6c0e7d62,4.3425e+08,0.03,4.3425
1658280381,XMRUSDT,Buy,1.66,144.80,PlusTick,f5bd83ee-6610-5316-b123-cf2061d9f736,2.40368e+10,1.66,240.368
1658280521,XMRUSDT,Sell,1,144.90,PlusTick,c26fbc6d-5c4e-59df-b0e8-a6c7db0420a5,1.449e+10,1,144.9
1658280581,XMRUSDT,Sell,0.01,144.85,MinusTick,106a479c-1c55-5a86-8da4-9f12e92537e4,1.4485e+08,0.01,1.4485
1658280614,XMRUSDT,Buy,0.61,144.95,PlusTick,ab10b51b-3ac6-5ae3-ac6e-72b7166517d5,8.841949999999998e+09,0.61,88.41949999999999
1658280691,XMRUSDT,Sell,0.11,144.80,MinusTick,e7aa3b96-2ea3-5ff7-8be2-c51cdd7dbb89,1.5928e+09,0.11,15.928
1658280761,XMRUSDT,Sell,0.07,144.85,PlusTick,3c44cb03-7a85-5c54-af83-eaffbf197507,1.01395e+09,0.07,10.1395
1658280885,XMRUSDT,Buy,7,145.05,PlusTick,2fe467cd-bab9-569a-98cc-c9978f163e71,1.0153500000000002e+11,7,1015.3500000000001
1658280885,XMRUSDT,Buy,0.84,145.10,PlusTick,ad13b699-2083-59cd-9de0-27ef24b6fb3b,1.2188399999999998e+10,0.84,121.88399999999999
1658280919,XMRUSDT,Sell,0.34,145.00,MinusTick,e5355ad1-07c0-591f-b068-3638948d5363,4.93e+09,0.34,49.300000000000004
1658280923,XMRUSDT,Sell,0.01,145.00,ZeroMinusTick,9c406954-a74a-52d8-9de8-1740f979371e,1.45e+08,0.01,1.45
1658280939,XMRUSDT,Sell,2.06,145.15,PlusTick,d272f7c4-6f9c-5da9-9926-a9fa3f1c3485,2.99009e+10,2.06,299.009
1658281031,XMRUSDT,Buy,0.19,145.15,ZeroMinusTick,6f906387-c910-51f7-8e97-4aeac3008382,2.75785e+09,0.19,27.578500000000002
1658281171,XMRUSDT,Buy,1,145.20,PlusTick,8ee3632f-83ea-5937-9671-0ef9976575fd,1.4519999999999998e+10,1,145.2
1658281243,XMRUSDT,Buy,7,145.30,PlusTick,2f4eebcb-e961-5640-8991-c81d5ad4304c,1.0171000000000002e+11,7,1017.1000000000001
1658281260,XMRUSDT,Buy,2.87,145.45,PlusTick,8aaae494-6721-5105-9491-8f2a4aad0f55,4.174415e+10,2.87,417.44149999999996
1658281260,XMRUSDT,Buy,1.53,145.45,ZeroMinusTick,957b5983-4c53-55ec-80e5-b34929d2df7b,2.225385e+10,1.53,222.5385
1658281260,XMRUSDT,Buy,7,145.45,ZeroMinusTick,d359913a-3b52-5939-bc6c-df056484e535,1.0181499999999998e+11,7,1018.1499999999999
1658281274,XMRUSDT,Sell,1.75,145.45,ZeroMinusTick,7dbe2492-d0b3-5f70-950e-a6c4d2dcbfad,2.5453749999999996e+10,1.75,254.53749999999997
1658281274,XMRUSDT,Sell,0.85,145.45,ZeroMinusTick,89731351-d046-5460-8790-b5bfba8a3c2d,1.236325e+10,0.85,123.6325
1658281361,XMRUSDT,Sell,0.01,145.65,PlusTick,9b95b321-fec7-52aa-b4b9-6ebb9537a772,1.4565e+08,0.01,1.4565000000000001
1658281443,XMRUSDT,Buy,0.01,145.80,PlusTick,0c2ac9e9-0116-5760-bd28-0b1424103dd9,1.4580000000000003e+08,0.01,1.4580000000000002
1658281455,XMRUSDT,Buy,0.51,145.85,PlusTick,0d4d4fdc-b670-562a-af79-3c6898da3a72,7.43835e+09,0.51,74.3835
1658281457,XMRUSDT,Buy,7,145.95,PlusTick,52e3f9ca-9511-5a33-bb44-57a01b714af6,1.0216499999999998e+11,7,1021.6499999999999
1658281460,XMRUSDT,Buy,1.39,146.05,PlusTick,728cd541-a358-5d35-bc48-0a9d4f8e5c44,2.030095e+10,1.39,203.0095
1658281476,XMRUSDT,Sell,7.09,146.15,PlusTick,1450b2c9-9778-564a-b3d3-dae39377828a,1.0362035000000002e+11,7.09,1036.2035
1658281476,XMRUSDT,Sell,1.75,146.15,ZeroMinusTick,3e432d4e-3698-5cba-9571-edb860f14266,2.557625e+10,1.75,255.76250000000002
1658281476,XMRUSDT,Sell,1.75,146.10,MinusTick,8a75b8ac-3520-5e9a-adbf-99ed1612b06b,2.55675e+10,1.75,255.67499999999998
1658281476,XMRUSDT,Sell,0.07,146.10,ZeroMinusTick,011dd32e-c348-5d52-ac90-6374bb6a1471,1.0227e+09,0.07,10.227
1658281494,XMRUSDT,Sell,7,146.05,MinusTick,ffe6088a-a2f9-5099-a1b6-257fd441793a,1.0223500000000002e+11,7,1022.3500000000001
1658281501,XMRUSDT,Sell,0.15,146.05,ZeroMinusTick,4a34cf1a-9f66-5d3a-bbec-8f5afc69c38a,2.1907500000000005e+09,0.15,21.907500000000002
1658281607,XMRUSDT,Buy,4.13,146.30,PlusTick,543e7da9-8a81-5cc4-b67f-8da891ac0844,6.042190000000001e+10,4.13,604.219
1658281607,XMRUSDT,Buy,0.62,146.30,ZeroMinusTick,948ed89f-d810-50ef-8735-cc5eb4cfb124,9.0706e+09,0.62,90.706
1658281607,XMRUSDT,Buy,0.62,146.30,ZeroMinusTick,53044355-b67b-5629-809c-596e434e2b72,9.0706e+09,0.62,90.706
1658281607,XMRUSDT,Buy,1.63,146.30,ZeroMinusTick,1fc4c11f-6dd3-55bc-bc17-56bbdd8e453e,2.38469e+10,1.63,238.469
1658281607,XMRUSDT,Buy,1.39,146.35,PlusTick,72f4987a-3540-54b6-af1d-3d4efd11e577,2.0342649999999996e+10,1.39,203.42649999999998
1658281607,XMRUSDT,Buy,7,146.35,ZeroMinusTick,ec0abe43-8274-5b3b-9c39-451b3ad1ecd4,1.02445e+11,7,1024.45
1658281607,XMRUSDT,Buy,1.75,146.35,ZeroMinusTick,c6b76e48-2379-50a4-864d-de4c5d61f9fb,2.561125e+10,1.75,256.1125
1658281607,XMRUSDT,Buy,3.37,146.35,ZeroMinusTick,60307b33-c907-520e-8720-41f3136dfcd9,4.931995e+10,3.37,493.1995
1658281609,XMRUSDT,Buy,0.07,146.40,PlusTick,99f1b708-7e22-5a30-bae7-02ca682e1abd,1.0248000000000001e+09,0.07,10.248000000000001
1658281628,XMRUSDT,Buy,0.47,146.45,PlusTick,ce7952d0-4094-5847-8516-c44b56228e43,6.883149999999999e+09,0.47,68.83149999999999
1658281628,XMRUSDT,Buy,0.13,146.45,ZeroMinusTick,69f002f4-9218-5392-ade1-c877d2359462,1.90385e+09,0.13,19.0385
1658281636,XMRUSDT,Buy,1.72,146.55,PlusTick,1c91e447-c595-5030-be4e-cb9886c18481,2.52066e+10,1.72,252.066
1658281680,XMRUSDT,Buy,7,146.70,PlusTick,7ecebbac-4384-584e-9bd4-3f6b0e7d0e2f,1.0268999999999998e+11,7,1026.8999999999999
1658281689,XMRUSDT,Sell,4,146.70,ZeroMinusTick,8983300c-5da9-5ad5-bae2-b07a395abff3,5.867999999999999e+10,4,586.8
1658281689,XMRUSDT,Sell,3.09,146.70,ZeroMinusTick,d6c433fb-fcc2-55a9-9e6f-26bc0e5cecee,4.533029999999999e+10,3.09,453.30299999999994
1658281689,XMRUSDT,Sell,3.09,146.70,ZeroMinusTick,47344863-6a59-5d91-8d93-cda9eaa3f326,4.533029999999999e+10,3.09,453.30299999999994
1658281689,XMRUSDT,Sell,0.82,146.70,ZeroMinusTick,7499a1ee-1e36-5480-909a-0253cbb53d2a,1.2029399999999998e+10,0.82,120.29399999999998
1658281705,XMRUSDT,Buy,0.01,146.85,PlusTick,e7b9e876-146d-5350-84df-2ace1938ab48,1.4685e+08,0.01,1.4685
1658281705,XMRUSDT,Buy,0.83,146.85,ZeroMinusTick,5bcadd6f-ba5d-5260-8b4d-3879e3dd7eed,1.218855e+10,0.83,121.8855
1658281705,XMRUSDT,Buy,0.56,146.85,ZeroMinusTick,11bf4e5d-864e-5536-a416-a097a2d3b829,8.2236e+09,0.56,82.236
1658281705,XMRUSDT,Buy,5.31,146.90,PlusTick,3ff6dafd-9d05-55a8-ba45-ea8c35ead0c2,7.80039e+10,5.31,780.039
1658281721,XMRUSDT,Buy,1,146.95,PlusTick,0353d3ee-c35d-53f0-a77d-f4c17a93a1cf,1.4694999999999998e+10,1,146.95
1658281721,XMRUSDT,Buy,1,146.95,ZeroMinusTick,35a784df-9670-5cca-aa62-c6b7c382d00b,1.4694999999999998e+10,1,146.95
1658281721,XMRUSDT,Buy,5,146.95,ZeroMinusTick,2c0402b2-75df-57dd-8fe8-c4f6f0656b14,7.3475e+10,5,734.75
1658281721,XMRUSDT,Buy,0.13,147.00,PlusTick,67e7e327-d396-5291-bd33-66e4f00823f4,1.911e+09,0.13,19.11
1658281721,XMRUSDT,Buy,0.07,147.00,ZeroMinusTick,d47d309f-86a6-57bc-a1ee-4ecbfbc6b081,1.0290000000000001e+09,0.07,10.290000000000001
1658281736,XMRUSDT,Sell,0.07,147.00,ZeroMinusTick,129a1cc9-9bcc-55af-a50c-944174e0c5f9,1.0290000000000001e+09,0.07,10.290000000000001
1658281748,XMRUSDT,Buy,7,146.95,MinusTick,ae5be364-840b-50bb-8dc0-451cf8ed7723,1.0286499999999998e+11,7,1028.6499999999999
1658281754,XMRUSDT,Buy,1.71,147.00,PlusTick,5219c1a7-eb9f-5fd6-96f2-df704d61a690,2.5137e+10,1.71,251.37
1658281759,XMRUSDT,Buy,7,147.05,PlusTick,b99b7ecb-4ba4-567d-9a35-567e66b90b13,1.0293500000000002e+11,7,1029.3500000000001
1658281777,XMRUSDT,Buy,0.1,147.15,PlusTick,f6a0cc67-668b-54ea-a5ae-59a0dcb3abb3,1.4715000000000002e+09,0.1,14.715000000000002
1658281777,XMRUSDT,Buy,1.39,147.15,ZeroMinusTick,63d7175b-7083-5403-af5c-01da3932a11f,2.045385e+10,1.39,204.5385
1658281777,XMRUSDT,Buy,3.6,147.15,ZeroMinusTick,e56d7aba-9570-5494-a062-d925511c8069,5.2974e+10,3.6,529.74
1658281777,XMRUSDT,Buy,2.8,147.15,ZeroMinusTick,ba3a4bf9-c75c-5739-826f-1463b9a2e494,4.1202e+10,2.8,412.02
1658281777,XMRUSDT,Buy,0.34,147.15,ZeroMinusTick,cfcb252e-1d43-5c70-9a81-68d534941b53,5.003100000000001e+09,0.34,50.031000000000006
1658281789,XMRUSDT,Buy,3.36,147.20,PlusTick,e7259a5a-04b2-5d86-9be4-6df5b11352da,4.945919999999999e+10,3.36,494.5919999999999
1658281789,XMRUSDT,Buy,7,147.20,ZeroMinusTick,326517e0-9f7f-5097-a5df-92d1871e9750,1.0303999999999998e+11,7,1030.3999999999999
1658281820,XMRUSDT,Sell,0.69,147.10,MinusTick,e65df52d-2554-54d3-864d-d1b655a371a8,1.01499e+10,0.69,101.499
1658281821,XMRUSDT,Sell,0.04,147.00,MinusTick,9ca2339d-0f9f-55c1-98d6-76feab836e91,5.88e+08,0.04,5.88
1658281821,XMRUSDT,Sell,0.01,147.00,ZeroMinusTick,f799327d-69f7-545f-ac24-c9f50518f05f,1.47e+08,0.01,1.47
1658281821,XMRUSDT,Sell,0.69,147.00,ZeroMinusTick,4fdeadf3-a643-5888-922d-62fec351de0f,1.0143e+10,0.69,101.42999999999999
1658281821,XMRUSDT,Sell,7,147.00,ZeroMinusTick,ffd7f122-1305-518f-844d-9ac0f8cec152,1.029e+11,7,1029
1658281844,XMRUSDT,Sell,7,146.90,MinusTick,9ea51a3c-3ab1-5764-8c4e-3d017f41ed14,1.0283e+11,7,1028.3
1658281871,XMRUSDT,Buy,1,147.05,PlusTick,b6d38a92-c004-5cdd-845b-ae4f2a42c168,1.4705000000000002e+10,1,147.05
1658281896,XMRUSDT,Buy,7,147.05,ZeroMinusTick,c30d38e7-0999-50c4-a265-adac59698271,1.0293500000000002e+11,7,1029.3500000000001
1658281896,XMRUSDT,Buy,1.75,147.05,ZeroMinusTick,cf4a1207-cf75-5759-a6fe-9a64e79e57d2,2.5733750000000004e+10,1.75,257.33750000000003
1658281897,XMRUSDT,Sell,1.24,147.10,PlusTick,bc88490a-b619-5ffe-97f0-970221aeb705,1.82404e+10,1.24,182.404
1658281931,XMRUSDT,Sell,0.14,147.25,PlusTick,c79d6257-f8a2-54a5-af9d-20f37b18a57b,2.0615000000000002e+09,0.14,20.615000000000002
1658281939,XMRUSDT,Buy,0.26,147.30,PlusTick,8ae16fe3-1661-5738-8cd6-bfe01125ee15,3.8298e+09,0.26,38.298
1658281939,XMRUSDT,Buy,0.07,147.30,ZeroMinusTick,2ebeaefd-e4da-5d1d-9cf1-2aa95391b12a,1.0311000000000001e+09,0.07,10.311000000000002
1658281954,XMRUSDT,Sell,0.07,147.35,PlusTick,d8ed9685-4144-5b4e-91b5-36dc24240c10,1.0314500000000001e+09,0.07,10.3145
1658281959,XMRUSDT,Buy,0.3,147.25,MinusTick,bb625337-f11e-55d4-8491-7d47b38c831d,4.4175e+09,0.3,44.175
1658281960,XMRUSDT,Buy,0.3,147.30,PlusTick,1e0fa8b0-8a74-506d-b3a1-f025760af380,4.419000000000001e+09,0.3,44.190000000000005
1658281979,XMRUSDT,Sell,7,147.20,MinusTick,4ddb6c56-f66d-5fa0-b48b-6b007aaea640,1.0303999999999998e+11,7,1030.3999999999999
1658282081,XMRUSDT,Sell,0.17,147.10,MinusTick,a7e4495d-3976-5bd6-8eee-d43719faa0e1,2.5007e+09,0.17,25.007
1658282155,XMRUSDT,Buy,0.07,147.30,PlusTick,c993a81b-a93d-5b38-a836-e10a35a7652f,1.0311000000000001e+09,0.07,10.311000000000002
1658282183,XMRUSDT,Sell,4.4,147.20,MinusTick,d511a96e-f5fb-5a17-a8fc-171bb8186690,6.476799999999999e+10,4.4,647.68
1658282183,XMRUSDT,Sell,1.75,147.20,ZeroMinusTick,f63c3fed-5c35-5fc3-9cb8-13ccb0adf32d,2.5759999999999996e+10,1.75,257.59999999999997
1658282183,XMRUSDT,Sell,1.86,147.15,MinusTick,02b04dfe-9d5b-5318-a2ef-a9a6e788e1c7,2.73699e+10,1.86,273.699
1658282183,XMRUSDT,Sell,5.14,147.15,ZeroMinusTick,4b87592a-85a9-5c74-bb95-9b8684f5d5d3,7.56351e+10,5.14,756.351
1658282183,XMRUSDT,Sell,1.86,147.15,ZeroMinusTick,61cbced4-8099-53c8-85df-0eadc32f4031,2.73699e+10,1.86,273.699
1658282201,XMRUSDT,Sell,0.01,147.10,MinusTick,0be61b1f-91de-570f-af5c-7b8db368e2a1,1.471e+08,0.01,1.4709999999999999
1658282271,XMRUSDT,Buy,0.19,147.10,ZeroMinusTick,185fd125-a174-5187-a094-1d3ae67f0a65,2.7949e+09,0.19,27.948999999999998
1658282287,XMRUSDT,Buy,0.21,147.10,ZeroMinusTick,6f52919c-c3a7-5074-93e6-9694914bc4f9,3.0891e+09,0.21,30.891
1658282310,XMRUSDT,Sell,1.48,147.00,MinusTick,39617244-1676-5387-b26e-36c705bcd335,2.1756e+10,1.48,217.56
1658282311,XMRUSDT,Buy,0.01,147.10,PlusTick,5880b722-f4d9-5452-bf6b-fbeb90a72a95,1.471e+08,0.01,1.4709999999999999
1658282337,XMRUSDT,Sell,0.04,147.00,MinusTick,9c372e7b-8c14-5198-8649-83ea7eb57ae0,5.88e+08,0.04,5.88
1658282337,XMRUSDT,Sell,3.6,146.95,MinusTick,d74c763b-e863-5ead-9d22-bcf341ef7e63,5.2902e+10,3.6,529.02
1658282337,XMRUSDT,Sell,7,146.95,ZeroMinusTick,7eaf1342-bbbc-511c-aa3a-b78c5f23a8f6,1.0286499999999998e+11,7,1028.6499999999999
1658282373,XMRUSDT,Sell,7,146.80,MinusTick,f8b1b39b-1205-5b2c-82bc-c08d57518722,1.0276000000000002e+11,7,1027.6000000000001
1658282406,XMRUSDT,Buy,0.78,146.70,MinusTick,5345e844-a048-5d4d-ad15-eae5b9f880f5,1.14426e+10,0.78,114.426
1658282434,XMRUSDT,Buy,0.2,146.90,PlusTick,2ed83964-57b3-5604-8026-c539c873c8c6,2.9380000000000005e+09,0.2,29.380000000000003
1658282456,XMRUSDT,Buy,0.05,146.95,PlusTick,45eaa59c-f9a4-5c97-97f9-c021137d59f1,7.3475e+08,0.05,7.3475
1658282464,XMRUSDT,Buy,0.08,146.90,MinusTick,48888feb-cdfe-5bea-bfa4-70ce2035a022,1.1752e+09,0.08,11.752
1658282494,XMRUSDT,Sell,0.42,146.85,MinusTick,c29ed060-cc54-526a-8891-8d5c9f1bff8f,6.167699999999999e+09,0.42,61.67699999999999
1658282511,XMRUSDT,Sell,0.13,146.80,MinusTick,912d1779-8312-53ef-8814-05e28d5bb73b,1.9084000000000002e+09,0.13,19.084000000000003
1658282527,XMRUSDT,Sell,7,146.85,PlusTick,6ff7caad-7558-5ad6-b7ac-cc36c4d7e1c3,1.02795e+11,7,1027.95
1658282565,XMRUSDT,Sell,7,146.80,MinusTick,a6271d2e-316b-51f1-bbb0-38aaf26c028a,1.0276000000000002e+11,7,1027.6000000000001
1658282579,XMRUSDT,Buy,2,146.80,ZeroMinusTick,f3f326fb-f8cb-552f-b3d9-7b283550ae90,2.9360000000000004e+10,2,293.6
1658282579,XMRUSDT,Buy,4.31,146.80,ZeroMinusTick,d5d7d6e9-c133-51bb-8225-8cc4ea84cf39,6.32708e+10,4.31,632.708
1658282579,XMRUSDT,Buy,0.69,146.80,ZeroMinusTick,1c10bd95-9b87-53c3-adcd-c406f88fef4d,1.01292e+10,0.69,101.292
1658282691,XMRUSDT,Sell,0.11,146.80,ZeroMinusTick,bcb5f961-a703-5f86-af75-760751838c8e,1.6148e+09,0.11,16.148
1658282692,XMRUSDT,Sell,0.76,146.80,ZeroMinusTick,74dbbcb2-a6d4-5c46-933a-ec5403d2d73f,1.1156800000000002e+10,0.76,111.56800000000001
1658282791,XMRUSDT,Buy,0.11,146.85,PlusTick,ede898d3-159a-5da9-8952-edb8628e46b1,1.61535e+09,0.11,16.1535
1658282867,XMRUSDT,Sell,0.04,146.60,MinusTick,24638405-3134-5842-a228-859e0beb8035,5.864e+08,0.04,5.864
1658282951,XMRUSDT,Buy,0.04,146.75,PlusTick,6d9bda1f-9e26-50d0-abc2-8a400bbfe179,5.87e+08,0.04,5.87
1658283061,XMRUSDT,Buy,7,146.80,PlusTick,6fd1b6a9-f479-5575-baf3-0eb394f137ab,1.0276000000000002e+11,7,1027.6000000000001
1658283091,XMRUSDT,Buy,0.03,147.10,PlusTick,245b253f-7c77-5258-a25f-74bbf5288900,4.4129999999999994e+08,0.03,4.412999999999999
1658283161,XMRUSDT,Buy,0.07,147.25,PlusTick,7aeaac77-1748-5997-b194-244f862a0034,1.0307500000000001e+09,0.07,10.307500000000001
1658283221,XMRUSDT,Sell,0.11,147.15,MinusTick,eda83a0d-f12e-50c5-9e42-eb39ce5f18b6,1.6186500000000002e+09,0.11,16.186500000000002
1658283259,XMRUSDT,Sell,1.75,147.15,ZeroMinusTick,1f13b6f2-810f-5290-8459-331faa7f3b51,2.575125e+10,1.75,257.5125
1658283259,XMRUSDT,Sell,1.75,147.10,MinusTick,cb439556-c283-597f-9c09-18417357ff08,2.57425e+10,1.75,257.425
1658283259,XMRUSDT,Sell,0.19,147.10,ZeroMinusTick,fb2e36c1-6863-5dd2-8621-fd7d77b2a6da,2.7949e+09,0.19,27.948999999999998
1658283289,XMRUSDT,Sell,0.72,147.10,ZeroMinusTick,079834e7-30a1-5041-afc1-ebf955b6c8de,1.05912e+10,0.72,105.91199999999999
1658283289,XMRUSDT,Sell,0.72,147.10,ZeroMinusTick,637047c9-367e-5c12-b785-ada43c295c46,1.05912e+10,0.72,105.91199999999999
1658283289,XMRUSDT,Sell,0.72,147.10,ZeroMinusTick,600899be-8d4b-5a2e-a624-8096d7c8dee7,1.05912e+10,0.72,105.91199999999999
1658283289,XMRUSDT,Sell,0.68,147.00,MinusTick,2f69ec12-db84-56ce-a9ed-6c5d712ece45,9.996e+09,0.68,99.96000000000001
1658283289,XMRUSDT,Sell,5.43,147.00,ZeroMinusTick,e8b21779-9997-5aa5-8262-5737bb4e451a,7.982099999999998e+10,5.43,798.2099999999999
1658283289,XMRUSDT,Sell,1.25,146.95,MinusTick,30f5e8fd-8703-50b8-b214-e69c2a3bab82,1.836875e+10,1.25,183.6875
1658283289,XMRUSDT,Sell,3.15,146.95,ZeroMinusTick,6d22fa74-642c-5a1c-966f-cd8ff5448b59,4.628924999999999e+10,3.15,462.8924999999999
1658283289,XMRUSDT,Sell,1.36,146.95,ZeroMinusTick,bf205678-11d6-5e2a-84e7-2d91fdfd3e21,1.99852e+10,1.36,199.852
1658283289,XMRUSDT,Sell,4.51,146.95,ZeroMinusTick,4c329e36-48d9-5dad-8413-13b695758e14,6.627444999999999e+10,4.51,662.7444999999999
1658283289,XMRUSDT,Sell,2.49,146.95,ZeroMinusTick,c5455bc0-80e7-5086-b6a5-e49217886f05,3.659055e+10,2.49,365.9055
1658283294,XMRUSDT,Sell,7,146.95,ZeroMinusTick,06e06787-c397-5730-b3e8-4785902c5fc0,1.0286499999999998e+11,7,1028.6499999999999
1658283319,XMRUSDT,Sell,1.55,146.80,MinusTick,66afc920-7c45-5c1a-a4ce-cb9fcae8d67c,2.2754000000000004e+10,1.55,227.54000000000002
1658283322,XMRUSDT,Buy,0.23,146.90,PlusTick,54b83861-6a60-5746-a9a3-d7873da7ca12,3.3787000000000005e+09,0.23,33.787000000000006
1658283404,XMRUSDT,Sell,7,146.90,ZeroMinusTick,09370e94-c9ff-51f3-89fa-e8bc83f2bc4e,1.0283e+11,7,1028.3
1658283411,XMRUSDT,Buy,0.09,146.80,MinusTick,3072c32e-2ad8-5001-a5f1-7ae1155075d6,1.3212e+09,0.09,13.212
1658283461,XMRUSDT,Buy,0.14,146.90,PlusTick,e88cb223-11b9-5b3a-ac82-d45e47e43d0f,2.0566000000000002e+09,0.14,20.566000000000003
1658283494,XMRUSDT,Sell,0.01,146.80,MinusTick,3f9018e0-4a5f-553e-83e2-76b535ace15f,1.4680000000000003e+08,0.01,1.4680000000000002
1658283494,XMRUSDT,Sell,6.99,146.80,ZeroMinusTick,f0259e7c-08a9-5b6b-bc7d-8d4c7012b493,1.026132e+11,6.99,1026.132
1658283494,XMRUSDT,Sell,6.19,146.75,MinusTick,c3fb84a8-42da-5631-afdd-30dfb5a862b7,9.083825e+10,6.19,908.3825
1658283498,XMRUSDT,Buy,0.01,146.75,ZeroMinusTick,65b48aa7-0463-5241-9950-a023a457aa22,1.4675e+08,0.01,1.4675
1658283629,XMRUSDT,Buy,12.85,147.00,PlusTick,2b4f2484-016d-5c06-8abb-3f135e62c8a1,1.88895e+11,12.85,1888.95
1658283661,XMRUSDT,Sell,0.19,147.20,PlusTick,d8992e23-6a1f-5507-9ac3-577383556dda,2.7967999999999995e+09,0.19,27.967999999999996
1658283781,XMRUSDT,Sell,0.12,147.10,MinusTick,ed22aba5-3974-559b-8119-6079c1490166,1.7651999999999998e+09,0.12,17.651999999999997
1658283836,XMRUSDT,Buy,7,147.05,MinusTick,e28403f7-367f-58c6-971c-5834bea8f2b3,1.0293500000000002e+11,7,1029.3500000000001
1658283873,XMRUSDT,Buy,7.09,147.15,PlusTick,a17b9a28-de63-5925-ad77-47e74293aba0,1.0432935e+11,7.09,1043.2935
1658283873,XMRUSDT,Buy,5.09,147.15,ZeroMinusTick,bdb889c4-a813-584f-bcb3-00467ef8920d,7.489935e+10,5.09,748.9935
1658283971,XMRUSDT,Sell,0.01,147.15,ZeroMinusTick,98fbe00f-1b30-53ed-a284-a6e3e9389783,1.4715e+08,0.01,1.4715
1658283988,XMRUSDT,Buy,7,147.15,ZeroMinusTick,8202d1ef-bb2a-5643-bc3c-ecc24a4a2873,1.03005e+11,7,1030.05
1658283988,XMRUSDT,Buy,5.09,147.15,ZeroMinusTick,8930211e-7013-592a-bf6c-3c049a56d9f3,7.489935e+10,5.09,748.9935
1658283988,XMRUSDT,Buy,7,147.20,PlusTick,73eccc61-1eef-5b50-b4d5-61253edd4364,1.0303999999999998e+11,7,1030.3999999999999
1658283988,XMRUSDT,Buy,3.91,147.30,PlusTick,431dba9d-cd69-58f4-ae17-fac7662fe6f1,5.759430000000001e+10,3.91,575.9430000000001
1658283988,XMRUSDT,Buy,0.4,147.30,ZeroMinusTick,3092b1f2-95dc-5c2a-97cf-3bba6d5934bc,5.892000000000001e+09,0.4,58.92000000000001
1658283988,XMRUSDT,Buy,0.28,147.30,ZeroMinusTick,73899378-192f-57fe-95dd-e6d53f200882,4.1244000000000005e+09,0.28,41.24400000000001
1658283988,XMRUSDT,Buy,3.72,147.30,ZeroMinusTick,bc7f1877-799b-57ee-8ca7-e3a068585a20,5.47956e+10,3.72,547.956
1658284081,XMRUSDT,Buy,0.03,147.05,MinusTick,7d244e8e-c4e0-5d29-81eb-3516f2672eb5,4.4115e+08,0.03,4.4115
1658284111,XMRUSDT,Sell,0.01,147.00,MinusTick,21c116d5-16e0-5801-bf81-fb5b5fa1acb0,1.47e+08,0.01,1.47
1658284150,XMRUSDT,Sell,3.32,146.95,MinusTick,1aaa13d6-b078-5324-bed8-e6d3d28091b5,4.87874e+10,3.32,487.87399999999997
1658284156,XMRUSDT,Sell,3.47,146.95,ZeroMinusTick,0a84997e-bb67-5dc1-80f8-47821da06dfb,5.099165e+10,3.47,509.9165
1658284156,XMRUSDT,Sell,3.47,146.95,ZeroMinusTick,178fd9bf-4e00-55e8-896a-ed37c73e5eee,5.099165e+10,3.47,509.9165
1658284156,XMRUSDT,Sell,0.06,146.95,ZeroMinusTick,96002118-f341-5fb1-8d16-a027604f19b3,8.816999999999999e+08,0.06,8.816999999999998
1658284211,XMRUSDT,Buy,0.01,146.95,ZeroMinusTick,a5eb4c06-b2fa-5d13-90eb-3847978ada5c,1.4694999999999997e+08,0.01,1.4694999999999998
1658284231,XMRUSDT,Sell,0.12,146.90,MinusTick,1e7b42b8-0efc-5ce6-bda9-264395864d7c,1.7628e+09,0.12,17.628
1658284234,XMRUSDT,Buy,0.39,146.95,PlusTick,dc058fa1-de7a-566e-aece-09ad2bc78fe0,5.73105e+09,0.39,57.3105
1658284441,XMRUSDT,Buy,0.01,147.05,PlusTick,d3e9a768-cf75-52ae-ad59-1972c4ed8f0f,1.4705e+08,0.01,1.4705000000000001
1658284458,XMRUSDT,Buy,4.99,147.05,ZeroMinusTick,82026066-bd40-5ac9-85cb-111a84128ad2,7.337795000000002e+10,4.99,733.7795000000001
1658284458,XMRUSDT,Buy,2,147.05,ZeroMinusTick,9b7420f0-07dc-5435-ae3c-535f8b22c61e,2.9410000000000004e+10,2,294.1
1658284458,XMRUSDT,Buy,3.47,147.10,PlusTick,4383f5b4-7a4e-5a73-bdda-65194290cede,5.10437e+10,3.47,510.437
1658284458,XMRUSDT,Buy,1.62,147.10,ZeroMinusTick,5f1e3490-1500-5642-93c9-056bd3cc9b7d,2.38302e+10,1.62,238.302
1658284458,XMRUSDT,Buy,1.85,147.10,ZeroMinusTick,62413111-0c7e-52ad-b9e7-694143c676fa,2.72135e+10,1.85,272.135
1658284458,XMRUSDT,Buy,3.91,147.10,ZeroMinusTick,ea66d1aa-9011-5450-8cea-ee088d3ea1d8,5.751609999999999e+10,3.91,575.161
1658284458,XMRUSDT,Buy,1.24,147.10,ZeroMinusTick,ab455946-aa7e-53cb-80a3-ed79d6d5d101,1.82404e+10,1.24,182.404
1658284459,XMRUSDT,Buy,7,147.15,PlusTick,afa75a21-cce3-502a-80fb-0bd1584acec0,1.03005e+11,7,1030.05
1658284459,XMRUSDT,Buy,4.4,147.20,PlusTick,66c11c62-ff77-5b18-9ce2-641b64cafa2f,6.476799999999999e+10,4.4,647.68
1658284459,XMRUSDT,Buy,7,147.20,ZeroMinusTick,e5075c6b-d7c2-5a17-94e7-11113ff49e5c,1.0303999999999998e+11,7,1030.3999999999999
1658284476,XMRUSDT,Buy,7,147.30,PlusTick,5265ee16-005c-52a5-87c7-b2ab757c2330,1.0311000000000002e+11,7,1031.1000000000001
1658284510,XMRUSDT,Buy,1.75,147.35,PlusTick,e1380baa-3c6f-5a38-8b18-88625d681b1c,2.578625e+10,1.75,257.8625
1658284510,XMRUSDT,Buy,0.31,147.35,ZeroMinusTick,72bb4077-fe8a-583d-9fa9-d0eaf534d769,4.56785e+09,0.31,45.6785
1658284540,XMRUSDT,Buy,15.29,147.40,PlusTick,36ab385a-2ebb-5083-938b-ed8e1f3c3e95,2.253746e+11,15.29,2253.746
1658284540,XMRUSDT,Buy,4.43,147.40,ZeroMinusTick,4b19c376-e598-59df-bdf4-32c13fc234ea,6.52982e+10,4.43,652.982
1658284540,XMRUSDT,Buy,2.57,147.40,ZeroMinusTick,72c838cc-324e-5dc4-b131-e6936b029096,3.78818e+10,2.57,378.818
1658284540,XMRUSDT,Buy,1.12,147.45,PlusTick,af7a4150-1807-5bc2-8733-69543ea297be,1.65144e+10,1.12,165.144
1658284557,XMRUSDT,Sell,2.88,147.40,MinusTick,dc4a0526-3210-5e66-b05a-3b3cdb91ba49,4.24512e+10,2.88,424.512
1658284557,XMRUSDT,Sell,0.01,147.40,ZeroMinusTick,6673e359-c339-5d29-bd85-57949e71b944,1.474e+08,0.01,1.474
1658284557,XMRUSDT,Sell,4.11,147.40,ZeroMinusTick,385c4c66-1695-59f3-b4fd-d4ed46d102e4,6.058140000000001e+10,4.11,605.8140000000001
1658284561,XMRUSDT,Buy,0.15,147.40,ZeroMinusTick,0c055d43-3248-551c-bdf8-7afbdd424c1c,2.211e+09,0.15,22.11
1658284639,XMRUSDT,Buy,1.75,147.30,MinusTick,36215f17-cb16-50a2-86bb-de60b479bbdd,2.5777500000000004e+10,1.75,257.77500000000003
1658284639,XMRUSDT,Buy,1.75,147.35,PlusTick,e11ec13e-717c-5402-ab52-e98edc858ddd,2.578625e+10,1.75,257.8625
1658284658,XMRUSDT,Buy,7,147.40,PlusTick,840d79f3-ea89-53e0-84eb-bd5d9dfccb0d,1.0318e+11,7,1031.8
1658284658,XMRUSDT,Buy,5.08,147.40,ZeroMinusTick,6f550c95-d18b-5e93-a643-2572787a7fbf,7.48792e+10,5.08,748.792
1658284658,XMRUSDT,Buy,0.01,147.55,PlusTick,9762319d-9442-5403-a09a-3998fa644ad3,1.4755e+08,0.01,1.4755
1658284658,XMRUSDT,Buy,0.04,147.55,ZeroMinusTick,071d3727-f4d8-597c-a07c-3d6e938088df,5.902e+08,0.04,5.902
1658284658,XMRUSDT,Buy,1.36,147.55,ZeroMinusTick,1e6b5a27-7192-5041-b5a0-584883ca50bf,2.0066800000000004e+10,1.36,200.66800000000003
1658284658,XMRUSDT,Buy,4.25,147.55,ZeroMinusTick,7fb6dc47-fbc5-5def-9a54-b49deb5a3853,6.270875000000001e+10,4.25,627.0875000000001
1658284663,XMRUSDT,Sell,2.33,147.50,MinusTick,8f466971-d646-51fb-854c-8fb354726296,3.43675e+10,2.33,343.675
1658284670,XMRUSDT,Sell,0.04,147.50,ZeroMinusTick,cb32ceae-df91-58df-894e-e02a9cc3e3fd,5.9e+08,0.04,5.9
1658284670,XMRUSDT,Sell,0.01,147.50,ZeroMinusTick,5569f87b-ed87-5c1b-8ba9-25ee1c1dcfe1,1.475e+08,0.01,1.475
1658284670,XMRUSDT,Sell,1.75,147.50,ZeroMinusTick,aceaccaf-3ad7-529e-a941-f076e3982276,2.58125e+10,1.75,258.125
1658284670,XMRUSDT,Sell,0.33,147.50,ZeroMinusTick,6a1dfc61-fa63-5aec-bac8-cc0f38d8c4c9,4.8675e+09,0.33,48.675000000000004
1658284681,XMRUSDT,Buy,0.15,147.50,ZeroMinusTick,e45c5215-5b8e-520d-ab40-eead86f8a705,2.2125e+09,0.15,22.125
1658284681,XMRUSDT,Sell,5.08,147.45,MinusTick,82f2f4b1-ee0f-5225-b5d6-f89920c13891,7.49046e+10,5.08,749.0459999999999
1658284766,XMRUSDT,Buy,1.75,147.45,ZeroMinusTick,af798afb-7ea3-54d5-9ee3-fd5e30d2cbf2,2.5803749999999996e+10,1.75,258.03749999999997
1658284766,XMRUSDT,Buy,0.5,147.45,ZeroMinusTick,9e719d45-29de-5adb-ba24-23c5b31acdc5,7.372499999999999e+09,0.5,73.725
1658284881,XMRUSDT,Sell,0.14,147.35,MinusTick,e6188af1-76c1-5640-9d91-f294dfc26196,2.0629000000000002e+09,0.14,20.629
1658284941,XMRUSDT,Sell,0.01,147.25,MinusTick,9cfd40ee-63cc-5dcf-9a80-a3e270fbeb65,1.4725e+08,0.01,1.4725
1658284970,XMRUSDT,Sell,0.08,147.25,ZeroMinusTick,8e0ddf8f-f815-59c2-818a-5e50146e7b6b,1.178e+09,0.08,11.78
1658285021,XMRUSDT,Buy,0.01,147.30,PlusTick,8a6c3adc-dfd1-537a-b566-4ba060624e7c,1.473e+08,0.01,1.473
1658285181,XMRUSDT,Sell,0.01,147.35,PlusTick,51f077e3-1062-5c79-96d3-464b060cd9e6,1.4735e+08,0.01,1.4735
1658285231,XMRUSDT,Sell,1,147.35,ZeroMinusTick,258b8591-c395-5b51-98cc-e3276ae9bb18,1.4735e+10,1,147.35
1658285312,XMRUSDT,Sell,0.68,147.20,MinusTick,0fd856ea-c435-5d4c-8d19-31bae7884a82,1.00096e+10,0.68,100.096
1658285312,XMRUSDT,Sell,1.75,147.20,ZeroMinusTick,ba576409-bdec-5b74-9d6a-cb32c2a78e25,2.5759999999999996e+10,1.75,257.59999999999997
1658285374,XMRUSDT,Buy,2.89,147.05,MinusTick,7694dcc5-e4f1-5b1b-aa95-8f908c115524,4.249745e+10,2.89,424.97450000000003
1658285381,XMRUSDT,Sell,7,147.05,ZeroMinusTick,32ff83ee-79bd-59a1-9103-e4421146ae73,1.0293500000000002e+11,7,1029.3500000000001
1658285381,XMRUSDT,Sell,0.3,147.05,ZeroMinusTick,efd775b5-7b32-57fc-a452-8a66a04f4d21,4.4115e+09,0.3,44.115
1658285421,XMRUSDT,Buy,0.16,147.15,PlusTick,2f20249e-eda3-5953-afe4-a610e2a76dac,2.3544e+09,0.16,23.544
1658285487,XMRUSDT,Sell,0.98,147.10,MinusTick,5d0e6680-fe4e-540b-8a41-dd248826571e,1.4415799999999998e+10,0.98,144.158
1658285527,XMRUSDT,Sell,4.4,147.05,MinusTick,a6d7dd5b-349c-5f3c-aca9-4755ab0e7574,6.470200000000001e+10,4.4,647.0200000000001
1658285553,XMRUSDT,Sell,7,146.85,MinusTick,492426b1-78a9-5474-8bf7-e1af68c86c3b,1.02795e+11,7,1027.95
1658285561,XMRUSDT,Buy,0.07,146.90,PlusTick,8aafb356-d218-5ed6-9c08-ff1efdc7e5fe,1.0283000000000001e+09,0.07,10.283000000000001
1658285693,XMRUSDT,Sell,3.11,147.25,PlusTick,9cf71794-8136-5506-af28-2b8984147087,4.579475e+10,3.11,457.9475
1658285693,XMRUSDT,Sell,3.89,147.25,ZeroMinusTick,321286ec-2e62-5b8a-a6e6-23984d0b62f9,5.728025e+10,3.89,572.8025
1658285701,XMRUSDT,Buy,0.01,147.30,PlusTick,18309cd7-1340-594d-927b-e1666fe60754,1.473e+08,0.01,1.473
1658285701,XMRUSDT,Buy,0.02,147.30,ZeroMinusTick,48113090-089b-52b7-9d0c-7bd401edf5c6,2.946e+08,0.02,2.946
1658285701,XMRUSDT,Buy,0.11,147.30,ZeroMinusTick,7bf37e31-100a-5919-82a9-e736edfd8f73,1.6203000000000002e+09,0.11,16.203000000000003
1658285701,XMRUSDT,Buy,0.1,147.30,ZeroMinusTick,b39f8188-d3be-5cbf-a756-43c4068f4e8e,1.4730000000000002e+09,0.1,14.730000000000002
1658285701,XMRUSDT,Buy,0.02,147.30,ZeroMinusTick,1af3a6db-7267-5d10-b76c-c41d7531d35d,2.946e+08,0.02,2.946
1658285701,XMRUSDT,Buy,0.01,147.30,ZeroMinusTick,d43ae8e1-fc1b-5c88-a9d9-c3fe2128e267,1.473e+08,0.01,1.473
1658285702,XMRUSDT,Buy,6.73,147.30,ZeroMinusTick,3721eb72-d283-5626-bafa-f1b420b010b4,9.913290000000002e+10,6.73,991.3290000000002
1658285725,XMRUSDT,Buy,0.07,147.65,PlusTick,739b9a1c-f252-5682-b22b-6287578899d9,1.0335500000000001e+09,0.07,10.335500000000001
1658285725,XMRUSDT,Buy,4.4,147.70,PlusTick,de22fc96-bd0f-53b8-88db-32ab38b08cd9,6.4988e+10,4.4,649.88
1658285725,XMRUSDT,Buy,2.9,147.75,PlusTick,b544b7c3-31bc-5b24-8a9f-671057e35374,4.28475e+10,2.9,428.47499999999997
1658285761,XMRUSDT,Sell,0.03,147.65,MinusTick,e224e7ae-d967-5804-925c-3bb61ef8876d,4.4295e+08,0.03,4.4295
1658285829,XMRUSDT,Sell,0.07,147.85,PlusTick,3fe2208d-5f80-5bad-8e07-b355057e653d,1.0349500000000001e+09,0.07,10.3495
1658285844,XMRUSDT,Sell,7,147.85,ZeroMinusTick,58d93fae-215a-56d6-87a1-a265d9f91c89,1.03495e+11,7,1034.95
1658285879,XMRUSDT,Sell,7,147.55,MinusTick,47f7ede1-29be-5377-baa5-815bc7ac0810,1.0328500000000002e+11,7,1032.8500000000001
1658285941,XMRUSDT,Buy,0.19,147.50,MinusTick,699a7f2a-81ce-577f-9755-08c21ffd59ee,2.8025e+09,0.19,28.025
1658286027,XMRUSDT,Sell,0.5,147.55,PlusTick,56cc79cc-0bd5-582a-96a2-11c7a4395a24,7.377500000000001e+09,0.5,73.775
1658286079,XMRUSDT,Buy,3.62,147.65,PlusTick,9477880d-ff3f-54c3-ac0e-90af5703adc5,5.344930000000001e+10,3.62,534.493
1658286081,XMRUSDT,Buy,0.2,147.75,PlusTick,4f54e816-018b-500c-bb98-79d5a964e0af,2.955e+09,0.2,29.55
1658286107,XMRUSDT,Buy,7,147.70,MinusTick,75a27cf7-2f06-58e5-804c-1233602cd6ba,1.0338999999999998e+11,7,1033.8999999999999
1658286145,XMRUSDT,Buy,3.47,147.95,PlusTick,9ec783cd-1b22-5ee2-9747-23ea1e451501,5.133864999999999e+10,3.47,513.3865
1658286150,XMRUSDT,Sell,7,147.95,ZeroMinusTick,09a61020-c6bb-5f40-bbdd-f48892bb609c,1.0356499999999998e+11,7,1035.6499999999999
1658286150,XMRUSDT,Sell,5.92,147.90,MinusTick,9ef265ba-66f1-5dac-bac6-7f30a273a213,8.75568e+10,5.92,875.568
1658286150,XMRUSDT,Sell,1.08,147.90,ZeroMinusTick,2da9d684-be9e-530e-a625-978f7cef2df4,1.5973200000000002e+10,1.08,159.73200000000003
1658286151,XMRUSDT,Sell,0.01,147.85,MinusTick,8d6b17f5-9d7b-56e6-a74c-7874914e3a9e,1.4785e+08,0.01,1.4785
1658286157,XMRUSDT,Sell,4.4,147.80,MinusTick,791fec26-77f4-529f-b926-f62b0d26d314,6.503200000000001e+10,4.4,650.32
1658286157,XMRUSDT,Sell,7,147.80,ZeroMinusTick,6e8e5121-d3a0-5be2-803f-4fdc10d3865c,1.0346000000000002e+11,7,1034.6000000000001
1658286162,XMRUSDT,Buy,1.75,147.80,ZeroMinusTick,f56c401a-4ca8-5f65-9cf3-82c6b9bbde18,2.5865000000000004e+10,1.75,258.65000000000003
1658286162,XMRUSDT,Buy,1,147.80,ZeroMinusTick,ae1083d4-b7f6-528b-8a27-2127505748dc,1.4780000000000002e+10,1,147.8
1658286162,XMRUSDT,Buy,6,147.80,ZeroMinusTick,9e6d891b-8946-5cd1-a750-2ff32086167c,8.868e+10,6,886.8000000000001
1658286244,XMRUSDT,Sell,7,147.95,PlusTick,098ce6a4-ada3-52c8-bfb3-da2b92e4bddb,1.0356499999999998e+11,7,1035.6499999999999
1658286245,XMRUSDT,Sell,7,147.95,ZeroMinusTick,7b9f7dd1-dd88-5b85-8992-1048017e23b0,1.0356499999999998e+11,7,1035.6499999999999
1658286251,XMRUSDT,Buy,0.01,147.95,ZeroMinusTick,3b146dac-6af0-5519-bdec-184217e3f847,1.4794999999999997e+08,0.01,1.4794999999999998
1658286261,XMRUSDT,Sell,7,147.95,ZeroMinusTick,c92d3dca-c638-51c8-a34b-d758243611eb,1.0356499999999998e+11,7,1035.6499999999999
1658286313,XMRUSDT,Sell,7,147.85,MinusTick,7fb0718c-62b6-5ec1-ba13-808f10b13b7f,1.03495e+11,7,1034.95
1658286351,XMRUSDT,Sell,0.17,147.85,ZeroMinusTick,0b48773e-84bd-5f59-965a-6e15d70280e6,2.51345e+09,0.17,25.1345
1658286373,XMRUSDT,Sell,3.47,147.95,PlusTick,16c8f8ba-febc-55c3-b106-20672a77572e,5.133864999999999e+10,3.47,513.3865
1658286373,XMRUSDT,Sell,3.53,147.95,ZeroMinusTick,9fc2c19b-9a7a-5cdb-b9fa-6337bae34ed1,5.222634999999999e+10,3.53,522.2634999999999
1658286394,XMRUSDT,Sell,1.75,147.85,MinusTick,d21acafd-6f88-50e6-96aa-a548c9e91ea4,2.587375e+10,1.75,258.7375
1658286431,XMRUSDT,Sell,7,147.85,ZeroMinusTick,e31d340e-1c77-555c-b118-83fe101d9f29,1.03495e+11,7,1034.95
1658286431,XMRUSDT,Sell,1.75,147.80,MinusTick,697790ae-315e-5c46-bde9-becab6f34291,2.5865000000000004e+10,1.75,258.65000000000003
1658286432,XMRUSDT,Sell,0.05,147.75,MinusTick,c22e0f11-5d51-5405-b7e7-cb3e6ef9e8bd,7.3875e+08,0.05,7.3875
1658286432,XMRUSDT,Sell,0.09,147.75,ZeroMinusTick,c1fd0950-eea8-53d6-b3b7-35d55e721cd4,1.32975e+09,0.09,13.2975
1658286432,XMRUSDT,Sell,0.01,147.75,ZeroMinusTick,b0a4d012-ddc8-5c82-8db3-d4a60f861ede,1.4775e+08,0.01,1.4775
1658286432,XMRUSDT,Sell,0.04,147.75,ZeroMinusTick,76417b67-bb19-5c5e-9b8c-d2434e1fa5cf,5.91e+08,0.04,5.91
1658286432,XMRUSDT,Sell,0.05,147.75,ZeroMinusTick,5e39367d-6af7-591b-b39f-fdf42bd60ca6,7.3875e+08,0.05,7.3875
1658286432,XMRUSDT,Sell,0.13,147.75,ZeroMinusTick,9b341593-eed8-5e4b-9b21-aefe06d8f638,1.92075e+09,0.13,19.2075
1658286432,XMRUSDT,Sell,0.38,147.75,ZeroMinusTick,a6d04c37-dd44-5dd2-8610-e33445e1c4a8,5.6145e+09,0.38,56.145
1658286432,XMRUSDT,Sell,0.27,147.75,ZeroMinusTick,44f7949c-08ab-587b-9b58-e288fb7a1124,3.9892500000000005e+09,0.27,39.892500000000005
1658286432,XMRUSDT,Sell,0.07,147.75,ZeroMinusTick,804fbfd7-1bd5-52f8-a0af-547ba0686d6f,1.0342500000000001e+09,0.07,10.342500000000001
1658286432,XMRUSDT,Sell,0.01,147.75,ZeroMinusTick,1fc14bae-0e18-5027-bc16-97e425187bc3,1.4775e+08,0.01,1.4775
1658286432,XMRUSDT,Sell,0.01,147.75,ZeroMinusTick,d74bac97-6eca-510f-ad75-a746ea97ea29,1.4775e+08,0.01,1.4775
1658286432,XMRUSDT,Sell,0.07,147.75,ZeroMinusTick,cc424e3e-69d3-5478-a985-6fa56ecedc36,1.0342500000000001e+09,0.07,10.342500000000001
1658286432,XMRUSDT,Sell,0.01,147.75,ZeroMinusTick,73e581bf-8220-5764-9be7-a575b94986b4,1.4775e+08,0.01,1.4775
1658286432,XMRUSDT,Sell,0.01,147.75,ZeroMinusTick,87d2406a-a6ab-5a84-aaaa-9a5274308ad5,1.4775e+08,0.01,1.4775
1658286432,XMRUSDT,Sell,5.8,147.75,ZeroMinusTick,5ece131e-93ec-5baf-9d96-ba9880f26451,8.5695e+10,5.8,856.9499999999999
1658286453,XMRUSDT,Buy,7.09,147.55,MinusTick,469f910b-b4dd-5a79-88b2-f28a1587e6b9,1.0461295e+11,7.09,1046.1295
1658286471,XMRUSDT,Buy,0.18,147.60,PlusTick,ef1f052b-2cd6-5dba-b395-42bfe7540f23,2.6568e+09,0.18,26.567999999999998
1658286525,XMRUSDT,Buy,7,147.55,MinusTick,d1a237f1-4127-5390-86e1-6330af5968d2,1.0328500000000002e+11,7,1032.8500000000001
1658286541,XMRUSDT,Sell,0.99,147.55,ZeroMinusTick,03bf18d3-a009-5739-b71c-1ea7ffdd3d5f,1.460745e+10,0.99,146.0745
1658286611,XMRUSDT,Sell,0.01,147.70,PlusTick,be0287b3-e089-5224-831b-8adcb9c30ec7,1.477e+08,0.01,1.4769999999999999
1658286631,XMRUSDT,Buy,0.01,147.70,ZeroMinusTick,18d3a90b-05c3-5a2f-850e-03a40d937301,1.477e+08,0.01,1.4769999999999999
1658286661,XMRUSDT,Sell,0.02,147.75,PlusTick,9ed681b7-ab65-5b44-84aa-4316690c8f7a,2.955e+08,0.02,2.955
1658286666,XMRUSDT,Sell,7,147.75,ZeroMinusTick,5c5b474f-6613-5f8c-b867-1a926aa967db,1.03425e+11,7,1034.25
1658286751,XMRUSDT,Buy,0.01,147.60,MinusTick,03e476e2-8266-54a1-9502-ba3d987befa3,1.476e+08,0.01,1.476
1658286761,XMRUSDT,Sell,14.73,147.50,MinusTick,8cb2e863-1700-56f7-b2b7-1aea85792ff2,2.1726750000000003e+11,14.73,2172.675
1658286761,XMRUSDT,Sell,14.59,147.50,ZeroMinusTick,8ef2db7a-aed9-51dd-9678-beaff83ac687,2.152025e+11,14.59,2152.025
1658286761,XMRUSDT,Sell,3.91,147.45,MinusTick,bd50b1ee-6b62-5a63-a6c6-52a550e68dc6,5.765295e+10,3.91,576.5295
1658286761,XMRUSDT,Sell,0.29,147.45,ZeroMinusTick,a1d92349-d4bc-5b20-859e-9ce4e7b93967,4.2760499999999995e+09,0.29,42.76049999999999
1658286761,XMRUSDT,Sell,1.36,147.45,ZeroMinusTick,736df7bc-259d-5b95-ac1b-9e6663f19233,2.00532e+10,1.36,200.532
1658286762,XMRUSDT,Sell,0.68,147.40,MinusTick,33309693-a483-54ac-8f5f-0aee96e41a2b,1.0023200000000002e+10,0.68,100.23200000000001
1658286818,XMRUSDT,Sell,7,147.50,PlusTick,fe3983de-d6fc-57ba-9b21-04e838ab0662,1.0325e+11,7,1032.5
1658286818,XMRUSDT,Sell,7,147.45,MinusTick,170f3750-2924-5b1f-8c75-f66d2c5efddb,1.0321499999999998e+11,7,1032.1499999999999
1658286842,XMRUSDT,Buy,1.2,147.30,MinusTick,56d7e44f-c2d1-5def-905a-fa510b758006,1.7676000000000004e+10,1.2,176.76000000000002
1658286931,XMRUSDT,Sell,0.17,147.35,PlusTick,8389d191-cb27-50c2-8979-b7a48813a917,2.50495e+09,0.17,25.049500000000002
1658286947,XMRUSDT,Buy,7,147.40,PlusTick,4557a219-1382-5a14-b2c4-6c48b581084a,1.0318e+11,7,1031.8
1658287013,XMRUSDT,Sell,1.75,147.40,ZeroMinusTick,1816a3f7-e0b5-5e3e-8e7d-786684a5160a,2.5795e+10,1.75,257.95
1658287013,XMRUSDT,Sell,7.09,147.40,ZeroMinusTick,212b5d4f-3fb6-5833-9606-0d0a515b4ae2,1.045066e+11,7.09,1045.066
1658287046,XMRUSDT,Buy,7,147.30,MinusTick,bb81c349-557e-5aa4-98b6-f8d22d9aac58,1.0311000000000002e+11,7,1031.1000000000001
1658287121,XMRUSDT,Sell,0.02,147.50,PlusTick,713a7404-d934-5a79-8a62-8413c0d18f42,2.95e+08,0.02,2.95
1658287231,XMRUSDT,Buy,1,147.55,PlusTick,940bdde6-8efd-5ce9-ac10-543601417592,1.4755000000000002e+10,1,147.55
1658287358,XMRUSDT,Sell,7,147.40,MinusTick,de9f709f-8d3b-5552-ace8-f24517312447,1.0318e+11,7,1031.8
1658287358,XMRUSDT,Sell,1.75,147.40,ZeroMinusTick,42a43822-2501-5522-a451-fc3ca01633db,2.5795e+10,1.75,257.95
1658287358,XMRUSDT,Sell,1.75,147.35,MinusTick,417c1ec9-0938-5ef0-91aa-a742439da932,2.578625e+10,1.75,257.8625
1658287358,XMRUSDT,Sell,3.47,147.35,ZeroMinusTick,5005d284-64e0-5c56-8746-dc7a2073f0ff,5.113045e+10,3.47,511.3045
1658287358,XMRUSDT,Sell,0.55,147.35,ZeroMinusTick,13486e02-7037-57e5-9afd-edaa12d6d799,8.10425e+09,0.55,81.0425
1658287358,XMRUSDT,Sell,4.53,147.35,ZeroMinusTick,e1797447-17e2-5e47-94fb-d6ec72f4e58e,6.674955e+10,4.53,667.4955
1658287358,XMRUSDT,Sell,3.91,147.35,ZeroMinusTick,a9a3af57-93b8-59b6-bcdb-4a20ef45af27,5.761385e+10,3.91,576.1385
1658287358,XMRUSDT,Sell,3.91,147.30,MinusTick,29795cb3-b6b1-5e2d-bdeb-abb3f4dc91f0,5.759430000000001e+10,3.91,575.9430000000001
1658287358,XMRUSDT,Sell,7.37,147.30,ZeroMinusTick,3cb8c461-d9e3-562d-840f-a062fce4bfbf,1.0856010000000002e+11,7.37,1085.601
1658287358,XMRUSDT,Sell,4.4,147.25,MinusTick,0a183c5b-5c21-5e38-870d-449152abc274,6.479000000000001e+10,4.4,647.9000000000001
1658287358,XMRUSDT,Sell,15.42,147.25,ZeroMinusTick,9611b614-f547-5fc6-9dc7-8a6f645ca11b,2.2705949999999997e+11,15.42,2270.595
1658287358,XMRUSDT,Sell,3.91,147.25,ZeroMinusTick,741ec66b-ddf2-5aa0-bd0a-b4159ad3ec1c,5.757475000000001e+10,3.91,575.7475000000001
1658287358,XMRUSDT,Sell,0.84,147.25,ZeroMinusTick,805b2aed-e278-5276-a2e1-a7ccb1749c03,1.2369e+10,0.84,123.69
1658287358,XMRUSDT,Sell,0.68,147.20,MinusTick,70231c56-fb51-538b-b13f-faa0a1bf7918,1.00096e+10,0.68,100.096
1658287358,XMRUSDT,Sell,0.91,147.15,MinusTick,65caa2ae-153f-5848-bd66-f6947ffd9a4d,1.3390650000000002e+10,0.91,133.90650000000002
1658287358,XMRUSDT,Sell,2.6,147.15,ZeroMinusTick,643a23ad-c266-5c11-a9ba-eb2be0395e81,3.8259e+10,2.6,382.59000000000003
1658287358,XMRUSDT,Sell,1.36,147.15,ZeroMinusTick,d54869bb-ea84-5891-81f8-c1b788e752bf,2.0012400000000004e+10,1.36,200.12400000000002
