timestamp,symbol,side,size,price,tickDirection,trdMatchID,grossValue,homeNotional,foreignNotional
1658188814,XMRUSDT,Buy,0.25,146.80,MinusTick,98b4c3be-f0cc-59a7-ac87-8bd53295e1c2,3.6700000000000005e+09,0.25,36.7
1658188815,XMRUSDT,Buy,0.23,146.80,ZeroMinusTick,2bfa8f44-49e1-59cf-a66a-ab59c28fdd9e,3.3764000000000005e+09,0.23,33.764
1658188815,XMRUSDT,Buy,0.16,146.80,ZeroMinusTick,b9ab3b31-8623-51ef-9f0e-ee851de29d9b,2.3488000000000005e+09,0.16,23.488000000000003
1658188823,XMRUSDT,Buy,1.39,146.80,ZeroMinusTick,cc4ecf1a-ba02-572b-b3f2-f765bb23b933,2.04052e+10,1.39,204.052
1658188829,XMRUSDT,Buy,1.77,146.85,PlusTick,448fad56-607b-5d58-a0fe-1172d115c983,2.5992449999999996e+10,1.77,259.92449999999997
1658188829,XMRUSDT,Buy,3.06,146.85,ZeroMinusTick,742477ab-9938-5e53-b750-fc6ccc11b381,4.49361e+10,3.06,449.361
1658188829,XMRUSDT,Buy,0.08,146.85,ZeroMinusTick,b11eba64-c559-5722-85f7-7b381acad466,1.1748e+09,0.08,11.748
1658188829,XMRUSDT,Buy,0.39,146.85,ZeroMinusTick,5f1abe51-34f8-5c90-9569-d69d8eefca6b,5.72715e+09,0.39,57.2715
1658188832,XMRUSDT,Buy,0.23,146.95,PlusTick,ee46415d-c18d-5179-a530-f02ddc16fbfc,3.3798499999999995e+09,0.23,33.7985
1658188833,XMRUSDT,Buy,0.3,146.95,ZeroMinusTick,c89fc04e-cf1c-550c-8e65-9c261c2638de,4.408499999999999e+09,0.3,44.084999999999994
1658188835,XMRUSDT,Buy,0.23,146.95,ZeroMinusTick,566361a0-8cb1-51f1-a9e1-2b2eb17b0ec2,3.3798499999999995e+09,0.23,33.7985
1658188836,XMRUSDT,Sell,0.01,146.80,MinusTick,1263f4bb-5dd5-56b5-8ea7-707cb6dd30a1,1.4680000000000003e+08,0.01,1.4680000000000002
1658188838,XMRUSDT,Buy,0.42,146.85,PlusTick,16a64335-8e10-5dce-97d8-f844254b4bf7,6.167699999999999e+09,0.42,61.67699999999999
1658188841,XMRUSDT,Buy,0.24,146.85,ZeroMinusTick,abec4443-c413-589d-839a-ba3d4029b276,3.5244e+09,0.24,35.244
1658188845,XMRUSDT,Buy,0.28,146.80,MinusTick,c081fe70-8def-5038-9784-6fbb8f2b8106,4.1104000000000005e+09,0.28,41.104000000000006
1658188853,XMRUSDT,Buy,0.25,146.70,MinusTick,d7bb54d3-4585-5636-aae0-4b14cf3c96e7,3.6674999999999995e+09,0.25,36.675
1658188855,XMRUSDT,Buy,0.27,146.70,ZeroMinusTick,8c2d7a09-6f7e-50a1-a739-c58a554fa50d,3.9609e+09,0.27,39.609
1658188855,XMRUSDT,Sell,3.44,146.65,MinusTick,b79402c2-2cab-5ba8-a663-4984919391a3,5.04476e+10,3.44,504.476
1658188855,XMRUSDT,Sell,3.56,146.65,ZeroMinusTick,23cdfbf6-a104-5f03-9879-f82e3bcbd5ed,5.220740000000001e+10,3.56,522.0740000000001
1658188855,XMRUSDT,Sell,4.4,146.60,MinusTick,a302f253-dcc3-5ec7-96cf-7a5686e60cce,6.450400000000001e+10,4.4,645.0400000000001
1658188855,XMRUSDT,Sell,1.77,146.60,ZeroMinusTick,461ca23f-6b28-5c74-ae4c-1a45ce82fa6f,2.5948199999999996e+10,1.77,259.48199999999997
1658188855,XMRUSDT,Sell,7,146.60,ZeroMinusTick,0be41eb4-18be-5825-9696-4c3221e7a110,1.0262e+11,7,1026.2
1658188863,XMRUSDT,Sell,2.44,146.50,MinusTick,e2122344-44e2-5ba9-b6cf-cafa556a6cf7,3.5746e+10,2.44,357.46
1658188871,XMRUSDT,Sell,1.36,146.35,MinusTick,44087008-f2d0-5f84-b333-dbfd8dd434ec,1.99036e+10,1.36,199.036
1658188878,XMRUSDT,Sell,0.1,146.25,MinusTick,12231415-7d95-5b36-bf9a-19cde9f175cb,1.4625e+09,0.1,14.625
1658188881,XMRUSDT,Sell,7,146.10,MinusTick,bd2a4fba-05ba-5a2f-bc6a-24bc54422899,1.0227e+11,7,1022.6999999999999
1658188883,XMRUSDT,Sell,3.91,145.95,MinusTick,fadb72ec-2481-5240-96d2-d6d55a40ea28,5.706645e+10,3.91,570.6645
1658188883,XMRUSDT,Sell,1.36,145.95,ZeroMinusTick,13a5c6cb-0e3a-5ee7-b2e9-12476de57f31,1.98492e+10,1.36,198.492
1658188883,XMRUSDT,Sell,7,145.95,ZeroMinusTick,98115989-b8f8-5ff6-a44f-f2d04a3e9209,1.0216499999999998e+11,7,1021.6499999999999
1658188883,XMRUSDT,Sell,7,145.95,ZeroMinusTick,34b6d28d-f807-5215-aaca-335984f14ed3,1.0216499999999998e+11,7,1021.6499999999999
1658188888,XMRUSDT,Sell,7,146.00,PlusTick,c3e6ab2c-9b96-5192-97d4-76eaa1aff678,1.022e+11,7,1022
1658188890,XMRUSDT,Buy,0.24,146.00,ZeroMinusTick,3244a768-222b-55ed-892f-2a539924936f,3.504e+09,0.24,35.04
1658188905,XMRUSDT,Sell,0.4,145.75,MinusTick,a17bc01a-e154-5751-bce6-3714ee384861,5.83e+09,0.4,58.300000000000004
1658188910,XMRUSDT,Buy,0.24,145.70,MinusTick,87ecff2b-6ed6-5bc2-b496-38b08a3a2c2e,3.4967999999999995e+09,0.24,34.967999999999996
1658188911,XMRUSDT,Buy,0.24,145.70,ZeroMinusTick,1c0d7705-1087-5d0d-90b1-be5855e235b8,3.4967999999999995e+09,0.24,34.967999999999996
1658188912,XMRUSDT,Sell,0.24,145.65,MinusTick,a477d340-9342-5aff-806c-c49936da3d50,3.4956000000000005e+09,0.24,34.956
1658188913,XMRUSDT,Buy,0.24,145.70,PlusTick,20ee12dd-f71b-51c3-9753-30d68976d87a,3.4967999999999995e+09,0.24,34.967999999999996
1658188914,XMRUSDT,Buy,0.33,145.80,PlusTick,cd6404d1-3395-5144-8365-23af420000f2,4.8114e+09,0.33,48.114000000000004
1658188916,XMRUSDT,Buy,0.6,145.80,ZeroMinusTick,02a7d021-9e2e-53fc-be6f-1b61933318eb,8.748e+09,0.6,87.48
1658188916,XMRUSDT,Sell,0.02,145.75,MinusTick,13c81545-d83d-5aad-a85a-68e51cba53e6,2.915e+08,0.02,2.915
1658188919,XMRUSDT,Buy,0.34,145.80,PlusTick,7886ee6f-912d-52c6-9e80-997e6b01b405,4.957200000000001e+09,0.34,49.57200000000001
1658188922,XMRUSDT,Buy,0.23,145.80,ZeroMinusTick,073a1d8a-5de8-5778-b47e-13787364de4e,3.3534000000000005e+09,0.23,33.534000000000006
1658188923,XMRUSDT,Buy,0.5,145.85,PlusTick,51747aef-3b02-59c0-9a07-133851fcc0d6,7.2925e+09,0.5,72.925
1658188925,XMRUSDT,Buy,0.23,145.90,PlusTick,7e8f7c97-3231-53d4-8a40-6586f29ac218,3.3557e+09,0.23,33.557
1658188929,XMRUSDT,Buy,3.91,145.95,PlusTick,6686e1d4-cf59-5de2-b764-a73277cffc9a,5.706645e+10,3.91,570.6645
1658188929,XMRUSDT,Buy,3.36,145.95,ZeroMinusTick,093ecbe5-bb64-538e-a681-903581b03547,4.903919999999999e+10,3.36,490.39199999999994
1658188930,XMRUSDT,Buy,12.47,145.95,ZeroMinusTick,0a7d00e2-e3db-59a0-bc99-ce0889d694b1,1.8199965e+11,12.47,1819.9965
1658188930,XMRUSDT,Buy,3.89,145.95,ZeroMinusTick,b8c521ea-3b37-5a65-b228-8dd5220be94f,5.677455e+10,3.89,567.7455
1658188930,XMRUSDT,Buy,1.36,146.05,PlusTick,38c3fb20-2eda-51cc-9951-04d75f61ea96,1.9862800000000004e+10,1.36,198.62800000000004
1658188930,XMRUSDT,Buy,0.3,146.15,PlusTick,b6d8339e-3488-58fb-81a3-3ccadd5aec5e,4.3845e+09,0.3,43.845
1658188930,XMRUSDT,Buy,1.06,146.15,ZeroMinusTick,46b783e5-3950-5dca-8de6-9a244bd413fe,1.5491900000000002e+10,1.06,154.919
1658188930,XMRUSDT,Buy,0.05,146.15,ZeroMinusTick,9d1abf01-fb95-53cb-b397-eaef04e831a3,7.307500000000001e+08,0.05,7.307500000000001
1658188932,XMRUSDT,Buy,0.25,146.15,ZeroMinusTick,d3c4da36-e7e8-5652-86ef-244b54cacad7,3.65375e+09,0.25,36.5375
1658188936,XMRUSDT,Buy,0.37,146.25,PlusTick,0d7dbdce-2d25-503e-b1e5-98c9a8f76325,5.41125e+09,0.37,54.1125
1658188939,XMRUSDT,Sell,1.36,146.05,MinusTick,7185eee6-c63e-5364-917e-006d7ba9c505,1.9862800000000004e+10,1.36,198.62800000000004
1658188941,XMRUSDT,Buy,0.23,146.05,ZeroMinusTick,99cf8409-e5d1-5b2e-bfd5-622bc318623e,3.3591500000000005e+09,0.23,33.5915
1658188945,XMRUSDT,Sell,1.77,146.00,MinusTick,c84d920a-5fb1-54f2-b5e4-680e12f0f0c9,2.5842e+10,1.77,258.42
1658188945,XMRUSDT,Sell,0.23,145.95,MinusTick,65648849-08b2-5d29-825d-c8d1de78aff9,3.35685e+09,0.23,33.5685
1658188948,XMRUSDT,Sell,1.36,145.85,MinusTick,a73b3370-45c3-5ffb-9338-270e149fa823,1.98356e+10,1.36,198.356
1658188948,XMRUSDT,Sell,3.91,145.85,ZeroMinusTick,41128621-6416-5f5d-ba99-dc42e7c0df77,5.702735e+10,3.91,570.2735
1658188948,XMRUSDT,Sell,19.72,145.85,ZeroMinusTick,4db745d0-6342-56a8-beb9-9660f3caeb79,2.876162e+11,19.72,2876.162
1658188948,XMRUSDT,Sell,11.38,145.85,ZeroMinusTick,bbf8b1f6-661a-5176-a3ff-420a1829b395,1.659773e+11,11.38,1659.7730000000001
1658188948,XMRUSDT,Sell,9.42,145.85,ZeroMinusTick,34f37500-420e-5cc0-9248-c40c2feef971,1.373907e+11,9.42,1373.907
1658188948,XMRUSDT,Sell,15.16,145.80,MinusTick,68a93893-a67a-59f4-9272-098846df37e6,2.210328e+11,15.16,2210.328
1658188948,XMRUSDT,Sell,4.56,145.80,ZeroMinusTick,42e3816e-ce71-5cd9-a3e7-3bd124f2680e,6.648479999999999e+10,4.56,664.848
1658188948,XMRUSDT,Sell,4.4,145.80,ZeroMinusTick,6cc58eb1-f8c5-5ab3-86e4-b5d5500c1767,6.415200000000001e+10,4.4,641.5200000000001
1658188948,XMRUSDT,Sell,1.36,145.75,MinusTick,eb757852-9abe-51b2-9344-92ecf5bef696,1.9822000000000004e+10,1.36,198.22000000000003
1658188948,XMRUSDT,Sell,1.36,145.65,MinusTick,da8b1c17-cda2-5753-92db-8416d11fae45,1.9808400000000004e+10,1.36,198.08400000000003
1658188948,XMRUSDT,Sell,0.35,145.60,MinusTick,20efa91d-957d-53f6-89dd-2f26ac4e0e91,5.095999999999999e+09,0.35,50.959999999999994
1658188950,XMRUSDT,Buy,0.27,145.85,PlusTick,6f51f452-de47-5798-9c9f-4139c66c1bc6,3.93795e+09,0.27,39.3795
1658188960,XMRUSDT,Buy,0.25,145.95,PlusTick,8b0e4835-bb22-5d89-be27-db1a492c2bd3,3.6487499999999995e+09,0.25,36.4875
1658188964,XMRUSDT,Buy,0.4,145.95,ZeroMinusTick,df0c79d1-0a1d-5a55-86aa-fc46fe33a66f,5.838e+09,0.4,58.379999999999995
1658188965,XMRUSDT,Buy,0.61,145.95,ZeroMinusTick,ef88b1ab-f85d-5fc3-bedd-15f8649a211f,8.902949999999998e+09,0.61,89.02949999999998
1658188966,XMRUSDT,Buy,0.24,145.95,ZeroMinusTick,43139713-2ec4-5e2a-8037-9b3fdb2cd395,3.5028e+09,0.24,35.028
1658188967,XMRUSDT,Buy,0.23,145.90,MinusTick,1ea6b55b-3b64-53e3-a02e-032b14760dc8,3.3557e+09,0.23,33.557
1658188968,XMRUSDT,Buy,0.24,145.90,ZeroMinusTick,dfa1ffc1-f532-553e-bb0f-4c94d079bdc9,3.5016e+09,0.24,35.016
1658188975,XMRUSDT,Buy,1.54,145.75,MinusTick,a7519d97-1d72-5613-bcf9-e2db6c8fbef3,2.24455e+10,1.54,224.455
1658188985,XMRUSDT,Sell,2,145.65,MinusTick,de939ca8-2deb-54d1-938a-a1d766f35258,2.913e+10,2,291.3
1658188985,XMRUSDT,Sell,4.67,145.65,ZeroMinusTick,25c310c9-ad32-5a49-8826-0a9e4a7010df,6.801855000000001e+10,4.67,680.1855
1658188986,XMRUSDT,Sell,0.33,145.65,ZeroMinusTick,68815998-e589-55aa-aadc-f09a09bab1bc,4.80645e+09,0.33,48.0645
1658188987,XMRUSDT,Buy,0.23,145.60,MinusTick,16066a35-6518-56b9-b118-1886d4e1c461,3.3488e+09,0.23,33.488
1658188988,XMRUSDT,Buy,0.23,145.60,ZeroMinusTick,81790d4a-70d0-53fc-a4bb-83f3c4d5ad38,3.3488e+09,0.23,33.488
1658188995,XMRUSDT,Buy,0.31,145.40,MinusTick,0bc5ef92-5c69-50ab-b47e-7a9662fe0ca9,4.5074e+09,0.31,45.074
1658188995,XMRUSDT,Sell,3.91,145.25,MinusTick,fcb66951-36eb-5ab6-a7db-c72ee9049bfb,5.679275e+10,3.91,567.9275
1658188995,XMRUSDT,Sell,6.88,145.25,ZeroMinusTick,466fd041-dcac-5ea8-8ca9-f3faf35876cc,9.9932e+10,6.88,999.3199999999999
1658189002,XMRUSDT,Buy,7,145.45,PlusTick,95aa3729-ff65-5a9a-82a1-247790a45fb1,1.0181499999999998e+11,7,1018.1499999999999
1658189005,XMRUSDT,Buy,0.24,145.70,PlusTick,453851d4-3ad1-54b1-8120-b1b1c9ee86bc,3.4967999999999995e+09,0.24,34.967999999999996
1658189007,XMRUSDT,Buy,0.85,145.60,MinusTick,4793fcf0-4bc3-5cdf-94bc-ce0f874a0500,1.2376e+10,0.85,123.75999999999999
1658189010,XMRUSDT,Buy,0.46,145.65,PlusTick,b02dd461-8c6b-50c8-93ed-d0223a8d8759,6.699900000000001e+09,0.46,66.99900000000001
1658189011,XMRUSDT,Buy,1.31,145.65,ZeroMinusTick,e1c089e0-937c-53ae-9289-be9bc11a9543,1.908015e+10,1.31,190.8015
1658189011,XMRUSDT,Buy,7,145.65,ZeroMinusTick,16e86059-c590-5479-8854-34dcae6ed635,1.01955e+11,7,1019.5500000000001
1658189013,XMRUSDT,Buy,0.25,145.75,PlusTick,4693f766-1b2a-54ae-87df-4de6a8f01dea,3.64375e+09,0.25,36.4375
1658189015,XMRUSDT,Buy,3.98,145.70,MinusTick,7791a708-c92f-541d-9e10-f5221c355407,5.79886e+10,3.98,579.886
1658189015,XMRUSDT,Buy,3.02,145.70,ZeroMinusTick,9aa4fe60-2ea5-5105-b71d-1bf3329b8823,4.400139999999999e+10,3.02,440.01399999999995
1658189016,XMRUSDT,Sell,1,145.75,PlusTick,b11e4ecb-99e9-50ef-a1ec-0cfce6116216,1.4575e+10,1,145.75
1658189022,XMRUSDT,Buy,7,145.80,PlusTick,7ca2f812-278d-5b4a-9560-c84b614df35b,1.0206000000000002e+11,7,1020.6000000000001
1658189022,XMRUSDT,Sell,7,145.80,ZeroMinusTick,0d251d56-1fae-5fb0-96b6-82c01c065342,1.0206000000000002e+11,7,1020.6000000000001
1658189025,XMRUSDT,Buy,0.42,145.70,MinusTick,6005e60d-e2bb-50e9-b9ff-c6fee1cc967b,6.1194e+09,0.42,61.193999999999996
1658189025,XMRUSDT,Buy,6.58,145.70,ZeroMinusTick,50117ad4-e45d-5a61-b8ab-6a29c8f787cb,9.587059999999998e+10,6.58,958.7059999999999
1658189026,XMRUSDT,Buy,7,145.70,ZeroMinusTick,c2eb2d7e-0314-55ad-86b7-9f50b983604a,1.0198999999999998e+11,7,1019.8999999999999
1658189030,XMRUSDT,Buy,0.25,145.90,PlusTick,d3b14606-9012-5bfe-a163-b296bcd96615,3.6475e+09,0.25,36.475
1658189032,XMRUSDT,Buy,0.94,145.85,MinusTick,2176986c-80f9-5339-8ef7-926c73d1931f,1.3709899999999998e+10,0.94,137.099
1658189033,XMRUSDT,Buy,6.06,145.85,ZeroMinusTick,d7e823d0-edfa-5290-bd60-847444c50186,8.838509999999998e+10,6.06,883.8509999999999
1658189037,XMRUSDT,Buy,0.23,145.90,PlusTick,1a7f2f3e-4a50-5475-a6a2-0fc6b52cdc7f,3.3557e+09,0.23,33.557
1658189037,XMRUSDT,Buy,0.23,145.90,ZeroMinusTick,11d1a575-0738-54a3-bf69-87994522c357,3.3557e+09,0.23,33.557
1658189039,XMRUSDT,Sell,1.2,145.70,MinusTick,d3c6c6f0-64bb-5982-b9b2-3deb6feed764,1.7483999999999996e+10,1.2,174.83999999999997
1658189043,XMRUSDT,Buy,0.29,145.70,ZeroMinusTick,149a3667-63a1-551e-9335-e4a1dc28692c,4.2252999999999995e+09,0.29,42.25299999999999
1658189043,XMRUSDT,Buy,0.26,145.70,ZeroMinusTick,0c7fcea0-208c-5ee5-b732-5856f8293bb9,3.7882e+09,0.26,37.882
1658189048,XMRUSDT,Buy,7,145.75,PlusTick,4405ebac-4064-52af-bf97-d283f742fd7a,1.02025e+11,7,1020.25
1658189048,XMRUSDT,Buy,3.91,145.80,PlusTick,5b20def6-1382-5752-afba-030036227223,5.700780000000001e+10,3.91,570.0780000000001
1658189048,XMRUSDT,Buy,4.16,145.80,ZeroMinusTick,ed180d05-4697-5802-92ad-005b76aa9f4c,6.06528e+10,4.16,606.528
1658189055,XMRUSDT,Buy,0.23,145.70,MinusTick,1072a383-8d50-5889-83ed-47628a10c6b9,3.3510999999999995e+09,0.23,33.510999999999996
1658189058,XMRUSDT,Buy,7,145.70,ZeroMinusTick,e9519e30-0cf3-5127-a33c-68d09ad7ef69,1.0198999999999998e+11,7,1019.8999999999999
1658189058,XMRUSDT,Buy,7,145.75,PlusTick,3881a18b-fad7-57b7-9ebd-28d02a89601a,1.02025e+11,7,1020.25
1658189058,XMRUSDT,Buy,0.7,145.75,ZeroMinusTick,8a5c02ea-88fe-5710-addb-8eb28d75e20b,1.02025e+10,0.7,102.02499999999999
1658189059,XMRUSDT,Buy,0.72,145.80,PlusTick,b9c5d291-2daf-5459-bbe9-2948c46f8401,1.04976e+10,0.72,104.976
1658189059,XMRUSDT,Buy,1.97,145.80,ZeroMinusTick,e0fc3a86-75ca-599e-95d3-58ee62288599,2.87226e+10,1.97,287.226
1658189063,XMRUSDT,Buy,0.29,145.80,ZeroMinusTick,5071be86-7224-57e2-9259-af86c40486ac,4.2282000000000005e+09,0.29,42.282000000000004
1658189067,XMRUSDT,Buy,1.06,145.90,PlusTick,4518537b-8ec9-5da3-bc1d-a52d11fee05b,1.5465400000000002e+10,1.06,154.65400000000002
1658189067,XMRUSDT,Buy,0.29,145.90,ZeroMinusTick,6ae3081e-e8e6-512c-ae28-6b578fba184a,4.2311e+09,0.29,42.311
1658189068,XMRUSDT,Buy,0.24,145.90,ZeroMinusTick,1579d0be-63fb-54c9-aa99-70c3a4e95a63,3.5016e+09,0.24,35.016
1658189069,XMRUSDT,Buy,0.29,145.90,ZeroMinusTick,ec0c80a0-68ad-5d0e-acde-2523232641b3,4.2311e+09,0.29,42.311
1658189074,XMRUSDT,Buy,0.28,146.05,PlusTick,1b2c3656-25af-5f28-a68e-8dedf4b95890,4.0894000000000005e+09,0.28,40.894000000000005
1658189074,XMRUSDT,Buy,0.26,146.05,ZeroMinusTick,c43983bf-00a8-53e0-9e6c-69559dd2e438,3.7973000000000005e+09,0.26,37.973000000000006
1658189075,XMRUSDT,Buy,0.25,146.05,ZeroMinusTick,1e73d485-9095-5374-9d00-3288af1f691f,3.6512500000000005e+09,0.25,36.5125
1658189078,XMRUSDT,Buy,0.46,146.00,MinusTick,148057cc-3077-57e8-9538-253fde4e0df9,6.716e+09,0.46,67.16
1658189079,XMRUSDT,Sell,2.46,145.95,MinusTick,141d94bf-af94-56c6-a59b-1908ea968864,3.59037e+10,2.46,359.037
1658189079,XMRUSDT,Sell,2.36,145.95,ZeroMinusTick,41fa7ad6-2a13-5d5d-bf99-a09c09d96b70,3.444419999999999e+10,2.36,344.44199999999995
1658189079,XMRUSDT,Sell,0.05,145.95,ZeroMinusTick,be8df32b-25e6-5175-94b9-0e9df269423e,7.2975e+08,0.05,7.297499999999999
1658189079,XMRUSDT,Sell,2.13,145.95,ZeroMinusTick,96eb6ba4-d7ff-5314-8938-2dd35f6506af,3.1087349999999996e+10,2.13,310.8735
1658189084,XMRUSDT,Buy,0.32,145.90,MinusTick,c50f122c-e963-501c-990b-f043f933f7f5,4.6688e+09,0.32,46.688
1658189084,XMRUSDT,Buy,0.24,145.90,ZeroMinusTick,498c70ca-7d5c-5892-8968-c20edb37cb50,3.5016e+09,0.24,35.016
1658189087,XMRUSDT,Buy,6.44,145.90,ZeroMinusTick,e752abc4-d221-5e42-83a8-bcc7d2f4fec2,9.395960000000002e+10,6.44,939.5960000000001
1658189087,XMRUSDT,Buy,7.56,145.90,ZeroMinusTick,026424a7-cb1b-59a1-9dcd-bf0e72536aff,1.1030039999999998e+11,7.56,1103.004
1658189087,XMRUSDT,Buy,4.05,145.90,ZeroMinusTick,936c9c91-415b-523e-b4df-ec9def8086dc,5.90895e+10,4.05,590.895
1658189087,XMRUSDT,Buy,2.66,145.90,ZeroMinusTick,04ee3c98-97e2-53d8-ac7e-e7f630f6fbed,3.880940000000001e+10,2.66,388.09400000000005
1658189087,XMRUSDT,Buy,1.34,145.90,ZeroMinusTick,7c464d62-387f-5212-a7ce-acf33a09971f,1.9550600000000004e+10,1.34,195.50600000000003
1658189087,XMRUSDT,Buy,0.29,145.90,ZeroMinusTick,48817904-4682-5638-b28b-eb35b28a3144,4.2311e+09,0.29,42.311
1658189087,XMRUSDT,Buy,2.41,145.90,ZeroMinusTick,7008ca80-1fd0-53f4-8ecd-b5dca6ab100c,3.51619e+10,2.41,351.619
1658189087,XMRUSDT,Buy,4.29,145.90,ZeroMinusTick,0a370c27-eb4a-5d1f-99db-356a4ed60024,6.259110000000001e+10,4.29,625.9110000000001
1658189087,XMRUSDT,Buy,0.3,145.90,ZeroMinusTick,d3afb18a-cdc1-58b2-96d5-229fcd6a0bf6,4.377e+09,0.3,43.77
1658189101,XMRUSDT,Sell,7,146.00,PlusTick,a2abfcb6-278b-5e40-b918-d38869ea3519,1.022e+11,7,1022
1658189103,XMRUSDT,Buy,7,145.95,MinusTick,bc479dd4-25c4-52bd-8fdb-8ac0771300d7,1.0216499999999998e+11,7,1021.6499999999999
1658189104,XMRUSDT,Buy,0.38,146.00,PlusTick,1d78c24d-1e32-57a0-8688-f77b41dc0c6c,5.548e+09,0.38,55.480000000000004
1658189106,XMRUSDT,Buy,5,146.00,ZeroMinusTick,e7723d29-4cc3-59eb-948d-72de35d080eb,7.3e+10,5,730
1658189106,XMRUSDT,Buy,2,146.00,ZeroMinusTick,b3c1fd6b-6db8-5e37-a860-90fd0fe1ca88,2.92e+10,2,292
1658189121,XMRUSDT,Sell,7,146.20,PlusTick,4c2ae0e6-f6f4-53ec-bd01-e3e769ae0b11,1.0233999999999998e+11,7,1023.3999999999999
1658189136,XMRUSDT,Sell,0.06,146.10,MinusTick,feeb99c1-9866-567e-895a-8cb0a0f43c24,8.766e+08,0.06,8.766
1658189156,XMRUSDT,Buy,7,145.80,MinusTick,bff5e35a-c28a-597a-b9bc-9f50ffd20fbf,1.0206000000000002e+11,7,1020.6000000000001
1658189167,XMRUSDT,Sell,19.72,145.80,ZeroMinusTick,2a5fefce-2946-5403-9e18-c902841429a2,2.875176e+11,19.72,2875.176
1658189167,XMRUSDT,Sell,1.37,145.80,ZeroMinusTick,9840c646-dc73-5f76-9817-971d6045a1be,1.9974600000000004e+10,1.37,199.74600000000004
1658189171,XMRUSDT,Sell,7,145.70,MinusTick,acf7fc61-9abe-5304-bfd3-55a2e38435a0,1.0198999999999998e+11,7,1019.8999999999999
1658189174,XMRUSDT,Sell,6.59,145.55,MinusTick,47c34723-c677-5ca1-8e64-11d27b354fe0,9.591745000000002e+10,6.59,959.1745000000001
1658189174,XMRUSDT,Sell,0.41,145.55,ZeroMinusTick,c53a1f81-c714-5afe-bf06-f0cf891356cc,5.96755e+09,0.41,59.6755
1658189174,XMRUSDT,Sell,1.77,145.55,ZeroMinusTick,ad6cd999-4501-5681-a9cc-3a116bf075a8,2.5762350000000004e+10,1.77,257.62350000000004
1658189178,XMRUSDT,Sell,0.9,145.50,MinusTick,41ae6a35-4e50-573b-bec8-2ee8d01473c3,1.3095000000000002e+10,0.9,130.95000000000002
1658189184,XMRUSDT,Buy,5.07,145.45,MinusTick,b8d36377-75b1-5866-925e-76687bf6211d,7.374315e+10,5.07,737.4315
1658189186,XMRUSDT,Buy,0.01,145.45,ZeroMinusTick,bae33a18-bfbc-5043-b8c1-ccb6220a7e31,1.4545e+08,0.01,1.4545
1658189210,XMRUSDT,Buy,1,145.55,PlusTick,05b51b65-5d7b-56bf-8e27-5c0026f6dde0,1.4555000000000002e+10,1,145.55
1658189210,XMRUSDT,Buy,1,145.55,ZeroMinusTick,2bf632b2-b4ec-57e1-aac9-2aff84dc7b9c,1.4555000000000002e+10,1,145.55
1658189210,XMRUSDT,Buy,4,145.55,ZeroMinusTick,d57807e3-ac1c-5218-b427-4bd66539e45e,5.822000000000001e+10,4,582.2
1658189210,XMRUSDT,Buy,1,145.55,ZeroMinusTick,b61d16cb-04a6-5101-83b9-b2e0d5823e43,1.4555000000000002e+10,1,145.55
1658189212,XMRUSDT,Buy,1.93,145.60,PlusTick,45724067-e364-59f9-9019-c1db51994da6,2.81008e+10,1.93,281.008
1658189215,XMRUSDT,Buy,7,145.80,PlusTick,033800c0-847a-521b-91b2-57bf31a3f5f0,1.0206000000000002e+11,7,1020.6000000000001
1658189229,XMRUSDT,Buy,1,146.05,PlusTick,dda41d78-82d0-57dd-955a-8a6993de5c80,1.4605000000000002e+10,1,146.05
1658189229,XMRUSDT,Buy,1,146.05,ZeroMinusTick,2bfd61ae-ccc6-59ba-a2bf-676e3d7721c2,1.4605000000000002e+10,1,146.05
1658189229,XMRUSDT,Buy,1,146.05,ZeroMinusTick,a9ea21cf-214b-576b-8ca1-c44c1011835a,1.4605000000000002e+10,1,146.05
1658189229,XMRUSDT,Buy,4,146.05,ZeroMinusTick,f6670da1-50ef-50dc-a126-d6cf27026187,5.842000000000001e+10,4,584.2
1658189233,XMRUSDT,Sell,4,146.00,MinusTick,64d90c9c-97cb-5d09-9af0-cbe4ff9775fe,5.84e+10,4,584
1658189233,XMRUSDT,Sell,3,146.00,ZeroMinusTick,76c7429f-8c15-5237-a6ea-6495fe6a62ee,4.38e+10,3,438
1658189233,XMRUSDT,Sell,7,145.95,MinusTick,c48b7afa-2c51-55db-b72c-871f7753b988,1.0216499999999998e+11,7,1021.6499999999999
1658189234,XMRUSDT,Sell,1.77,145.90,MinusTick,86a3d082-b309-50f7-b0cd-4892024532ef,2.58243e+10,1.77,258.243
1658189241,XMRUSDT,Buy,2,145.95,PlusTick,7d04d93c-e25d-52d3-9ee1-72450e4e9af8,2.9189999999999996e+10,2,291.9
1658189241,XMRUSDT,Buy,2,145.95,ZeroMinusTick,53fd2fbd-baff-5599-91ad-b7c4703ef211,2.9189999999999996e+10,2,291.9
1658189241,XMRUSDT,Buy,3,145.95,ZeroMinusTick,6e3155b6-f2ff-5186-a942-97b4941f8cae,4.3785e+10,3,437.84999999999997
1658189244,XMRUSDT,Sell,7,145.95,ZeroMinusTick,6e4baca6-04f6-5c57-8908-dc520aa0409c,1.0216499999999998e+11,7,1021.6499999999999
1658189247,XMRUSDT,Sell,0.4,145.90,MinusTick,27db33dd-1034-5532-a4bd-ee1ce9832c69,5.836000000000001e+09,0.4,58.36000000000001
1658189256,XMRUSDT,Sell,0.07,145.85,MinusTick,f86d7f20-2047-5430-afb6-9351991991fc,1.02095e+09,0.07,10.2095
1658189258,XMRUSDT,Sell,0.21,145.90,PlusTick,ee2c7d4f-8814-5534-bb24-4af6acb15cce,3.0639e+09,0.21,30.639
1658189272,XMRUSDT,Sell,0.36,145.95,PlusTick,a3169a37-23c3-5d17-b9f2-8fd4348453e2,5.254199999999999e+09,0.36,52.541999999999994
1658189272,XMRUSDT,Sell,0.5,145.95,ZeroMinusTick,67721900-dd5c-5de9-aa3d-2d5b8319e29d,7.297499999999999e+09,0.5,72.975
1658189280,XMRUSDT,Buy,7,145.95,ZeroMinusTick,c93c2506-7fa6-52a0-aba1-9903169c560f,1.0216499999999998e+11,7,1021.6499999999999
1658189282,XMRUSDT,Sell,1.77,145.90,MinusTick,1ec4c01d-8a9b-5235-af64-e7d754cb36ad,2.58243e+10,1.77,258.243
1658189282,XMRUSDT,Sell,2.01,145.85,MinusTick,69287a10-7ccb-5a2b-89b5-0f87d06b08fd,2.9315849999999996e+10,2.01,293.15849999999995
1658189286,XMRUSDT,Buy,0.07,145.90,PlusTick,8dc3934e-7521-54aa-84a6-c871c48d2ccc,1.0213000000000001e+09,0.07,10.213000000000001
1658189287,XMRUSDT,Buy,6.93,145.90,ZeroMinusTick,a13051ad-22d4-55ec-a8cd-4863e4f34a57,1.011087e+11,6.93,1011.087
1658189287,XMRUSDT,Buy,1.77,145.90,ZeroMinusTick,8dd6adfb-26a6-5d2d-8750-fb37b96bfa81,2.58243e+10,1.77,258.243
1658189287,XMRUSDT,Buy,6.85,145.90,ZeroMinusTick,3608a804-3123-5f2b-a01d-7bc8ef7ff5a4,9.99415e+10,6.85,999.415
1658189312,XMRUSDT,Buy,7,146.20,PlusTick,02a03712-f39e-53e1-96fa-d0fc5ae21f6d,1.0233999999999998e+11,7,1023.3999999999999
1658189313,XMRUSDT,Buy,3.91,146.35,PlusTick,d15b9bf6-ee0e-51f2-8527-11bb44a3ce90,5.722285000000001e+10,3.91,572.2285
1658189313,XMRUSDT,Buy,15.08,146.35,ZeroMinusTick,72dfbaa7-255a-5ab5-8788-aa677c9ab9f4,2.206958e+11,15.08,2206.958
1658189313,XMRUSDT,Buy,4.04,146.35,ZeroMinusTick,0d5d9b91-c663-57e5-8176-157cded95c1f,5.91254e+10,4.04,591.254
1658189318,XMRUSDT,Buy,3.91,146.45,PlusTick,64f90f72-d87c-5959-bd07-e6bd58ee80cd,5.726195e+10,3.91,572.6195
1658189318,XMRUSDT,Buy,4.4,146.45,ZeroMinusTick,9b151ad2-b849-5a63-9746-16e7fd4916c2,6.4438e+10,4.4,644.38
1658189322,XMRUSDT,Sell,0.39,146.45,ZeroMinusTick,7331e907-298d-5bcf-b2b6-ea6c65f9197d,5.71155e+09,0.39,57.1155
1658189322,XMRUSDT,Sell,0.81,146.45,ZeroMinusTick,8d1bc475-9f2e-5cc1-9d7b-678c4ad6eb8b,1.186245e+10,0.81,118.6245
1658189322,XMRUSDT,Sell,7.26,146.45,ZeroMinusTick,4149f5bb-5624-5b0c-a08b-ec1c9eb313da,1.0632269999999998e+11,7.26,1063.2269999999999
1658189326,XMRUSDT,Buy,0.09,146.50,PlusTick,a5aa8d04-8360-5c1f-aba9-6030cf679239,1.3184999999999998e+09,0.09,13.184999999999999
1658189327,XMRUSDT,Buy,7,146.55,PlusTick,7a1af550-833e-5971-88ef-8fe9c0af0f58,1.0258500000000002e+11,7,1025.8500000000001
1658189327,XMRUSDT,Buy,12.17,146.60,PlusTick,f26157b9-6926-50f8-925a-2010fde1d6e7,1.7841219999999997e+11,12.17,1784.1219999999998
1658189327,XMRUSDT,Buy,3,146.60,ZeroMinusTick,b7b9d3f7-8898-5989-91de-15ece71a7689,4.397999999999999e+10,3,439.79999999999995
1658189328,XMRUSDT,Buy,1.36,146.65,PlusTick,8ad747ae-9575-5390-8199-4ca34afdadc3,1.99444e+10,1.36,199.44400000000002
1658189328,XMRUSDT,Buy,7,146.65,ZeroMinusTick,9743452f-df4e-5f7f-8e97-17fb4c8b00eb,1.02655e+11,7,1026.55
1658189331,XMRUSDT,Buy,7,146.70,PlusTick,2513b70b-fa51-57e3-a3d4-b8750e8ddd85,1.0268999999999998e+11,7,1026.8999999999999
1658189332,XMRUSDT,Buy,6.64,146.75,PlusTick,d4cc0286-8879-51cb-bc8e-9e62e457dcf6,9.7442e+10,6.64,974.42
1658189332,XMRUSDT,Buy,0.36,146.75,ZeroMinusTick,40e2f0b4-212d-5ef0-8729-03c1d3e0e57d,5.283e+09,0.36,52.83
1658189335,XMRUSDT,Buy,7,146.80,PlusTick,852c4d29-98a5-572f-96cd-1eaa6c7dde84,1.0276000000000002e+11,7,1027.6000000000001
1658189340,XMRUSDT,Buy,1,146.95,PlusTick,3154e8c3-da6c-5d53-9fd0-0670980c2ac4,1.4694999999999998e+10,1,146.95
1658189340,XMRUSDT,Buy,6,146.95,ZeroMinusTick,657731af-8876-543e-a1ee-21ac62d62f98,8.817e+10,6,881.6999999999999
1658189340,XMRUSDT,Buy,0.22,147.00,PlusTick,7730b556-2334-5d84-a9f3-764e73209a8d,3.2340000000000005e+09,0.22,32.34
1658189340,XMRUSDT,Buy,1.77,147.00,ZeroMinusTick,6974dce6-c734-5884-9e0a-4830d0a9addf,2.6019e+10,1.77,260.19
1658189340,XMRUSDT,Buy,3.91,147.05,PlusTick,6b89ced9-c42a-5bbd-a6ee-ddda29b66b25,5.749655e+10,3.91,574.9655
1658189340,XMRUSDT,Buy,4.89,147.05,ZeroMinusTick,75d8b29e-63dd-595c-a670-51dd7ed8c3b0,7.190745e+10,4.89,719.0745000000001
1658189340,XMRUSDT,Buy,7,147.00,MinusTick,f4f5a7ce-f000-57c6-aaae-30a72d2869c7,1.029e+11,7,1029
1658189343,XMRUSDT,Buy,0.02,147.05,PlusTick,555efade-03f6-525d-9028-2c45cd926487,2.941e+08,0.02,2.9410000000000003
1658189343,XMRUSDT,Buy,6,147.05,ZeroMinusTick,722ec724-9d01-525e-983c-391945c1c509,8.823e+10,6,882.3000000000001
1658189343,XMRUSDT,Buy,0.98,147.05,ZeroMinusTick,b4bbca09-0b81-576b-9c7c-c75036153379,1.44109e+10,0.98,144.109
1658189348,XMRUSDT,Buy,7,147.00,MinusTick,e228f6bd-ce2b-5855-ae8b-8ba10e93e42b,1.029e+11,7,1029
1658189358,XMRUSDT,Sell,4,147.10,PlusTick,002cc027-bcef-57d0-8f35-1214dfb7444b,5.884e+10,4,588.4
1658189358,XMRUSDT,Sell,3.26,147.10,ZeroMinusTick,ee1134a5-56ba-597b-a40a-7c025b5b36fa,4.795459999999999e+10,3.26,479.54599999999994
1658189358,XMRUSDT,Sell,0.08,147.10,ZeroMinusTick,64cfdc6d-11a8-5716-90b0-7986ad784ddd,1.1768e+09,0.08,11.767999999999999
1658189358,XMRUSDT,Sell,4,147.10,ZeroMinusTick,8305e133-fd3e-5fa0-a633-392e4efa1fb0,5.884e+10,4,588.4
1658189358,XMRUSDT,Sell,2.92,147.10,ZeroMinusTick,63b8da40-2856-541b-9381-5bb7897b927a,4.29532e+10,2.92,429.532
1658189358,XMRUSDT,Sell,3.08,147.10,ZeroMinusTick,7a239535-b0db-5837-94a7-6fd341e1826c,4.53068e+10,3.08,453.068
1658189358,XMRUSDT,Sell,3.92,147.10,ZeroMinusTick,a7b8775d-55fe-5a62-b385-b73cd0302dd8,5.766319999999999e+10,3.92,576.632
1658189365,XMRUSDT,Sell,7,147.00,MinusTick,d845c20b-46ff-5d9c-aef4-26ceb904a0ee,1.029e+11,7,1029
1658189370,XMRUSDT,Sell,0.22,146.90,MinusTick,d83bc99a-bcc9-56ae-88d2-3172103c679c,3.2318000000000005e+09,0.22,32.318000000000005
1658189370,XMRUSDT,Sell,1.77,146.90,ZeroMinusTick,c09ad7f0-72ff-5e86-8d1c-d5fad1daaff1,2.6001300000000004e+10,1.77,260.01300000000003
1658189382,XMRUSDT,Sell,3.91,146.90,ZeroMinusTick,31384c4b-13e8-55e9-bcde-cfda06304d8d,5.74379e+10,3.91,574.379
1658189382,XMRUSDT,Sell,3.09,146.90,ZeroMinusTick,036711d9-a138-5272-8f41-c50ed2058909,4.53921e+10,3.09,453.921
1658189397,XMRUSDT,Sell,3.91,147.00,PlusTick,538a3377-9e1e-545c-abb8-e6a54df9d004,5.7477e+10,3.91,574.77
1658189397,XMRUSDT,Sell,4.09,147.00,ZeroMinusTick,28387efe-595d-5df2-9685-f26e52496b93,6.0123e+10,4.09,601.23
1658189397,XMRUSDT,Sell,2.71,147.00,ZeroMinusTick,7ca435e0-d72b-5008-8f6a-c1f612d14a1c,3.9837e+10,2.71,398.37
1658189397,XMRUSDT,Sell,2.91,147.00,ZeroMinusTick,87c8f4ac-d2c9-5cde-aadf-016989fbf076,4.277700000000001e+10,2.91,427.77000000000004
1658189397,XMRUSDT,Sell,4.09,147.00,ZeroMinusTick,41d1b0bd-1f8f-51d4-b52c-5d82d8b51216,6.0123e+10,4.09,601.23
1658189397,XMRUSDT,Sell,1.77,147.00,ZeroMinusTick,b0ddc8a0-413d-577f-a4aa-a31dd0df157a,2.6019e+10,1.77,260.19
1658189399,XMRUSDT,Sell,0.37,146.95,MinusTick,03aad005-bd8a-5a5a-8754-c30d4a48022b,5.43715e+09,0.37,54.3715
1658189399,XMRUSDT,Sell,1.77,146.90,MinusTick,5acd7662-72a7-5ce4-a6aa-2964ab9f7141,2.6001300000000004e+10,1.77,260.01300000000003
1658189399,XMRUSDT,Sell,7,146.90,ZeroMinusTick,3f2539df-f021-5ab4-aa03-bae2bf6ceef9,1.0283e+11,7,1028.3
1658189417,XMRUSDT,Buy,4.47,146.95,PlusTick,54882296-6a93-5daa-ae12-c0bbfa51ee8c,6.5686649999999985e+10,4.47,656.8664999999999
1658189417,XMRUSDT,Buy,2.53,146.95,ZeroMinusTick,53c11884-b712-5afb-b1f3-577f1a987802,3.717834999999999e+10,2.53,371.78349999999995
1658189426,XMRUSDT,Buy,7,147.10,PlusTick,eaf80070-af2c-5868-8ad2-80ab76916dd3,1.0297e+11,7,1029.7
1658189438,XMRUSDT,Buy,0.17,147.15,PlusTick,0be43855-7181-5baf-94b7-e32a859c6223,2.5015500000000005e+09,0.17,25.015500000000003
1658189443,XMRUSDT,Sell,7,147.25,PlusTick,d7a8bf51-0b09-5608-9520-5547848b9e45,1.03075e+11,7,1030.75
1658189443,XMRUSDT,Sell,6.47,147.25,ZeroMinusTick,0b340696-9b85-50af-b901-8b43bbc3dffa,9.527075e+10,6.47,952.7075
1658189444,XMRUSDT,Sell,0.53,147.25,ZeroMinusTick,39e55191-727b-5767-8308-f013b9665cab,7.80425e+09,0.53,78.0425
1658189444,XMRUSDT,Sell,0.07,147.20,MinusTick,fa47178e-31a2-5782-bb66-d35a1d13c14d,1.0304e+09,0.07,10.304
1658189444,XMRUSDT,Sell,7,147.20,ZeroMinusTick,e6270829-0ebd-52fd-8f33-9bd19e03e136,1.0303999999999998e+11,7,1030.3999999999999
1658189450,XMRUSDT,Buy,7,147.30,PlusTick,177dc6dd-dc63-597a-924d-d0ce0fddd637,1.0311000000000002e+11,7,1031.1000000000001
1658189450,XMRUSDT,Buy,1.77,147.35,PlusTick,7ede0913-b4cc-5db1-9f53-2bbc5f33e825,2.608095e+10,1.77,260.8095
1658189450,XMRUSDT,Buy,14.66,147.40,PlusTick,d8924ae4-aee5-52c2-9f5f-8d6fc3bc9760,2.160884e+11,14.66,2160.884
1658189450,XMRUSDT,Buy,3.91,147.45,PlusTick,9f45396a-a1a9-57b9-85f6-185a10ef885c,5.765295e+10,3.91,576.5295
1658189450,XMRUSDT,Buy,1.36,147.45,ZeroMinusTick,284dcfe4-4040-55c5-9f72-ab41b439d3cb,2.00532e+10,1.36,200.532
1658189450,XMRUSDT,Buy,1.42,147.45,ZeroMinusTick,d96d596e-8173-5337-a31c-eb85af5f531f,2.0937899999999996e+10,1.42,209.37899999999996
1658189451,XMRUSDT,Buy,7,147.40,MinusTick,9d35b055-b7cf-55f6-a2f0-09bf8f975419,1.0318e+11,7,1031.8
1658189451,XMRUSDT,Buy,1.77,147.40,ZeroMinusTick,b039838a-9811-5c14-9a4e-749d96418289,2.6089800000000004e+10,1.77,260.898
1658189451,XMRUSDT,Buy,1.77,147.45,PlusTick,ba91958e-52f3-5f82-975b-37b0b0f1d588,2.6098649999999996e+10,1.77,260.9865
1658189451,XMRUSDT,Buy,0.07,147.50,PlusTick,8dd8218a-467f-5ef7-a9a4-184aa58d33af,1.0325000000000001e+09,0.07,10.325000000000001
1658189451,XMRUSDT,Buy,1.77,147.50,ZeroMinusTick,52986e76-6a33-5dc6-8b65-a614ef46da9f,2.61075e+10,1.77,261.075
1658189451,XMRUSDT,Buy,19.71,147.55,PlusTick,bdadbd19-89c8-5a74-a646-7a3196b5659b,2.9082105e+11,19.71,2908.2105
1658189460,XMRUSDT,Sell,0.07,147.55,ZeroMinusTick,b6462312-8a48-5cca-8e30-8bbd388fec64,1.0328500000000002e+09,0.07,10.328500000000002
1658189462,XMRUSDT,Buy,2,147.70,PlusTick,c80e40e1-8c35-560c-a9f5-980311c9a8ec,2.9539999999999996e+10,2,295.4
1658189462,XMRUSDT,Buy,4,147.70,ZeroMinusTick,41669630-f6cd-5646-882e-44b43c3cd55c,5.907999999999999e+10,4,590.8
1658189463,XMRUSDT,Buy,1.77,147.75,PlusTick,efee90b0-68e8-5154-aa54-1f2338dc1edb,2.615175e+10,1.77,261.5175
1658189463,XMRUSDT,Buy,3.91,147.80,PlusTick,46dbfa43-7860-5b49-9c27-3b714e271aa6,5.77898e+10,3.91,577.898
1658189463,XMRUSDT,Buy,12.3,147.80,ZeroMinusTick,26f76077-7c4d-538f-a91d-99bb40f536a3,1.8179400000000003e+11,12.3,1817.9400000000003
1658189464,XMRUSDT,Buy,0.07,147.85,PlusTick,df3a728b-e49f-5b25-b26d-33faf760e936,1.0349500000000001e+09,0.07,10.3495
1658189464,XMRUSDT,Buy,1.36,147.85,ZeroMinusTick,52670ba4-a00e-5102-8a05-7a4ab0130f3c,2.01076e+10,1.36,201.076
1658189465,XMRUSDT,Buy,14.69,147.90,PlusTick,7a47718f-e7da-5236-bfdb-13d2bb065637,2.1726509999999997e+11,14.69,2172.651
1658189465,XMRUSDT,Buy,1.77,147.90,ZeroMinusTick,10aa8f80-ee8d-5c7e-aedd-c7b71541e21b,2.61783e+10,1.77,261.783
1658189465,XMRUSDT,Buy,0.04,147.95,PlusTick,7b131168-e170-5cf5-aa30-d22010105e84,5.917999999999999e+08,0.04,5.917999999999999
1658189465,XMRUSDT,Buy,3.8,147.95,ZeroMinusTick,d4cb4b24-771d-5a05-be1d-6470a74db710,5.622099999999999e+10,3.8,562.2099999999999
1658189465,XMRUSDT,Buy,7,147.95,ZeroMinusTick,c250e8d6-0eb1-5666-a61a-cb699e8e32a0,1.0356499999999998e+11,7,1035.6499999999999
1658189466,XMRUSDT,Buy,0.06,148.00,PlusTick,f1dfa6c5-4242-5fab-84d1-67e601c9a7ad,8.879999999999999e+08,0.06,8.879999999999999
1658189466,XMRUSDT,Buy,5.25,148.00,ZeroMinusTick,9923e180-2813-53de-a4a9-37bface3fe1f,7.77e+10,5.25,777
1658189466,XMRUSDT,Sell,1,147.95,MinusTick,6addf692-b999-5bba-88a3-6ca766555ba7,1.4794999999999998e+10,1,147.95
1658189466,XMRUSDT,Buy,1.75,148.00,PlusTick,8b88ed7d-77e1-5980-9926-4e3c7fab4bef,2.59e+10,1.75,259
1658189467,XMRUSDT,Buy,7,148.05,PlusTick,d797bb9c-bb16-51a7-8e8f-ef1568dbaef2,1.0363500000000002e+11,7,1036.3500000000001
1658189467,XMRUSDT,Sell,1.77,148.10,PlusTick,268c1ffa-a08e-5c1f-9d2c-28fc1bf957ce,2.62137e+10,1.77,262.137
1658189467,XMRUSDT,Buy,2,148.15,PlusTick,75471fb9-e667-56da-a7ea-de664e61210d,2.963e+10,2,296.3
1658189469,XMRUSDT,Buy,7,148.05,MinusTick,6568a049-61e5-5e15-a606-2dfbcc7e9d28,1.0363500000000002e+11,7,1036.3500000000001
1658189469,XMRUSDT,Buy,7,148.10,PlusTick,3c40a1f8-e834-54bd-9a3d-e9d2960068e2,1.0367e+11,7,1036.7
1658189471,XMRUSDT,Buy,3.36,148.20,PlusTick,4758b01e-0160-57ab-be44-df5eecbc6b52,4.979519999999999e+10,3.36,497.95199999999994
1658189471,XMRUSDT,Buy,3.91,148.20,ZeroMinusTick,573fd0de-cb87-58ff-b94a-a4cc4705ed6b,5.79462e+10,3.91,579.462
1658189471,XMRUSDT,Buy,16.78,148.20,ZeroMinusTick,d268aadc-45a2-5e23-b604-4374eb96e3f0,2.4867959999999997e+11,16.78,2486.796
1658189471,XMRUSDT,Buy,0.23,148.25,PlusTick,a81b5617-6c3b-59b8-a43c-1e163b6f75ba,3.4097500000000005e+09,0.23,34.097500000000004
1658189471,XMRUSDT,Buy,1.26,148.25,ZeroMinusTick,c51917c6-3f64-5e7a-b1d7-e60bcb0c3d13,1.86795e+10,1.26,186.795
1658189471,XMRUSDT,Buy,1.76,148.20,MinusTick,cfdbf4b5-115f-54fe-a919-efc68c054885,2.60832e+10,1.76,260.832
1658189471,XMRUSDT,Buy,7,148.15,MinusTick,f437e379-1028-5654-a5c8-1ab9a1b22c20,1.03705e+11,7,1037.05
1658189471,XMRUSDT,Buy,2.65,148.25,PlusTick,e28adda7-1032-5596-b42f-46d9487336ac,3.928625e+10,2.65,392.8625
1658189471,XMRUSDT,Buy,1.36,148.25,ZeroMinusTick,30b65d82-36b4-598f-9132-e7650235c3c5,2.0162e+10,1.36,201.62
1658189471,XMRUSDT,Buy,1.77,148.25,ZeroMinusTick,83186aac-7690-5a8e-834b-289c3fa50117,2.6240249999999996e+10,1.77,262.4025
1658189471,XMRUSDT,Buy,0.12,148.30,PlusTick,34b7e8b5-05d3-5d87-beac-d1da189a9156,1.7796e+09,0.12,17.796
1658189471,XMRUSDT,Buy,0.3,148.30,ZeroMinusTick,68ddf104-132d-583c-b142-3d11f3a6af4e,4.449e+09,0.3,44.49
1658189471,XMRUSDT,Buy,3.91,148.30,ZeroMinusTick,51048a39-4168-53cc-8f34-a925dfe0cad3,5.798530000000001e+10,3.91,579.8530000000001
1658189471,XMRUSDT,Buy,3.91,148.35,PlusTick,c826c03b-40f7-5e29-b054-f6b3fab3aec7,5.800485e+10,3.91,580.0485
1658189471,XMRUSDT,Buy,1.36,148.35,ZeroMinusTick,c7036704-e5ce-5d91-8e36-3957f570dc98,2.01756e+10,1.36,201.756
1658189471,XMRUSDT,Buy,3.91,148.40,PlusTick,3a11a333-9a5a-5dc4-9565-83b94208e72a,5.80244e+10,3.91,580.244
1658189471,XMRUSDT,Buy,6.06,148.45,PlusTick,1d6e9c6d-aaaf-59bb-9a8c-9ab209b6abcc,8.996069999999998e+10,6.06,899.6069999999999
1658189471,XMRUSDT,Buy,6.13,148.45,ZeroMinusTick,a7d2328a-3222-55e0-9635-adefb6915a99,9.099984999999998e+10,6.13,909.9984999999999
1658189471,XMRUSDT,Sell,0.7,148.15,MinusTick,e3bae66e-ee21-5e29-bfc7-3f6f83999345,1.03705e+10,0.7,103.705
1658189472,XMRUSDT,Buy,1.77,148.25,PlusTick,9a5dc6aa-88c8-58d9-864a-f5633b936d30,2.6240249999999996e+10,1.77,262.4025
1658189472,XMRUSDT,Buy,7,148.30,PlusTick,c5707f52-4c2f-5ca5-948f-745a98f8600f,1.0381000000000002e+11,7,1038.1000000000001
1658189472,XMRUSDT,Buy,2.84,148.25,MinusTick,701a3fa3-f20b-5801-aed3-bf915b188b49,4.2103e+10,2.84,421.03
1658189472,XMRUSDT,Buy,4.16,148.25,ZeroMinusTick,a012fcc0-c725-5806-845b-160543e42733,6.1672e+10,4.16,616.72
1658189472,XMRUSDT,Buy,7,148.20,MinusTick,bbc17df8-a4c8-5f96-81c4-0b4400a9a7e8,1.0373999999999998e+11,7,1037.3999999999999
1658189474,XMRUSDT,Sell,4.65,148.20,ZeroMinusTick,ce9cf600-6d22-562d-8f53-e10d01eae6ec,6.8913e+10,4.65,689.13
1658189474,XMRUSDT,Sell,0.03,148.20,ZeroMinusTick,89b12c08-ec01-522d-aca3-5bf0fc576d94,4.446e+08,0.03,4.446
1658189474,XMRUSDT,Sell,0.04,148.20,ZeroMinusTick,89e25a45-3e91-5202-820b-549e4d5366db,5.928e+08,0.04,5.928
1658189474,XMRUSDT,Sell,2.28,148.20,ZeroMinusTick,6bedb438-61b3-5332-a9a5-37b7771bc3b7,3.3789599999999996e+10,2.28,337.89599999999996
1658189476,XMRUSDT,Buy,0.01,148.30,PlusTick,55cad4f7-2e5e-5e96-8063-7ae42cc641ef,1.483e+08,0.01,1.483
1658189481,XMRUSDT,Buy,7,148.30,ZeroMinusTick,bcbbeeaa-e705-598f-873c-fdea3765cf66,1.0381000000000002e+11,7,1038.1000000000001
1658189481,XMRUSDT,Buy,7,148.30,ZeroMinusTick,00b9991d-c4e1-5097-8fad-410b0f4f4b57,1.0381000000000002e+11,7,1038.1000000000001
1658189481,XMRUSDT,Buy,6.27,148.30,ZeroMinusTick,69449786-ebb5-5d7f-a3df-d32ff697d561,9.29841e+10,6.27,929.841
1658189481,XMRUSDT,Buy,0.73,148.30,ZeroMinusTick,7a884769-88e1-5942-b5d2-cf55eb3c4cc9,1.08259e+10,0.73,108.259
1658189481,XMRUSDT,Buy,14.13,148.35,PlusTick,1328230e-fcdc-5eb1-999e-bbf01d5f9a17,2.0961855e+11,14.13,2096.1855
1658189482,XMRUSDT,Buy,0.26,148.40,PlusTick,4a7b560f-3341-5808-b912-53a4a461ed05,3.8584000000000005e+09,0.26,38.584
1658189482,XMRUSDT,Buy,3.53,148.40,ZeroMinusTick,86cb817f-e9ab-55eb-afdf-ef9db9859814,5.23852e+10,3.53,523.852
1658189486,XMRUSDT,Buy,0.7,148.35,MinusTick,a92b98b0-b6a1-5dd2-b6b1-72c8bf503c7d,1.0384499999999998e+10,0.7,103.84499999999998
1658189486,XMRUSDT,Buy,3.91,148.40,PlusTick,b9885ab0-4cc4-5620-a33b-eed4ee537644,5.80244e+10,3.91,580.244
1658189486,XMRUSDT,Buy,1.77,148.40,ZeroMinusTick,e4101d38-6573-5d11-9833-835e622f6098,2.62668e+10,1.77,262.668
1658189488,XMRUSDT,Buy,7,148.45,PlusTick,22a8fef0-c7f5-5728-8805-41f932461a8f,1.0391499999999998e+11,7,1039.1499999999999
1658189493,XMRUSDT,Buy,7,148.50,PlusTick,0d320c8d-f0d1-5f09-b0c0-c473f5ae1c7a,1.0395e+11,7,1039.5
1658189493,XMRUSDT,Buy,7,148.55,PlusTick,80e5a361-138f-5ba0-9f0d-0b35ecffd2ba,1.0398500000000002e+11,7,1039.8500000000001
1658189495,XMRUSDT,Buy,0.06,148.60,PlusTick,0d8fd2e7-ec06-53c2-94b9-155709d22f9f,8.915999999999999e+08,0.06,8.915999999999999
1658189495,XMRUSDT,Buy,7,148.55,MinusTick,0e48357b-0f4c-57bb-90c7-291e355005db,1.0398500000000002e+11,7,1039.8500000000001
1658189496,XMRUSDT,Buy,1.76,148.60,PlusTick,fa6e95ac-9cbe-5a7a-97a7-5711959d54ce,2.61536e+10,1.76,261.536
1658189496,XMRUSDT,Sell,0.75,148.55,MinusTick,85e3eb6e-ced3-5fb3-b227-0a8389bf0648,1.114125e+10,0.75,111.41250000000001
1658189496,XMRUSDT,Sell,1.58,148.55,ZeroMinusTick,54d5ce46-6d49-5098-a24a-132f6fd7c3ad,2.3470900000000004e+10,1.58,234.70900000000003
1658189496,XMRUSDT,Sell,0.07,148.50,MinusTick,a4f0edf6-8ffd-5d6f-8658-5d9c03494ecb,1.0395000000000001e+09,0.07,10.395000000000001
1658189496,XMRUSDT,Sell,7,148.45,MinusTick,71cbd1b7-dfe7-5a8c-8334-cadf5b9a9ff5,1.0391499999999998e+11,7,1039.1499999999999
1658189497,XMRUSDT,Sell,7,148.50,PlusTick,6bcbdf70-1211-5095-a2b5-eb2e8350ce74,1.0395e+11,7,1039.5
1658189498,XMRUSDT,Sell,7,148.45,MinusTick,d0d6c997-2f6b-57ce-a568-86627b1390a2,1.0391499999999998e+11,7,1039.1499999999999
1658189498,XMRUSDT,Sell,7,148.45,ZeroMinusTick,4bd7b1aa-d3a8-5145-b85d-6a6b7f662d58,1.0391499999999998e+11,7,1039.1499999999999
1658189499,XMRUSDT,Sell,4.4,148.40,MinusTick,12a75be8-36cf-57fc-80aa-09c8bc9b8d72,6.5296e+10,4.4,652.96
1658189499,XMRUSDT,Sell,1.36,148.35,MinusTick,78b86a22-51fe-576f-a461-47fad7443654,2.01756e+10,1.36,201.756
1658189499,XMRUSDT,Sell,3.58,148.30,MinusTick,cdfaaf69-40db-565b-991c-7afcdbc42026,5.309140000000001e+10,3.58,530.9140000000001
1658189500,XMRUSDT,Sell,7,148.35,PlusTick,7de5aed8-cd89-539c-9e82-659c1c7a959f,1.03845e+11,7,1038.45
1658189500,XMRUSDT,Sell,1.36,148.25,MinusTick,9eb8bed4-d205-5aeb-8c8e-1d27decae2e5,2.0162e+10,1.36,201.62
1658189500,XMRUSDT,Sell,7,148.25,ZeroMinusTick,6aeed724-d593-5e5a-b209-91f3b6731009,1.03775e+11,7,1037.75
1658189501,XMRUSDT,Sell,7,148.30,PlusTick,bc1f5bb4-07ca-5f15-bbc1-eacc9dadb96d,1.0381000000000002e+11,7,1038.1000000000001
1658189502,XMRUSDT,Sell,1.77,148.25,MinusTick,470e7fb2-26bb-55f8-82e6-8bdfb3975fb3,2.6240249999999996e+10,1.77,262.4025
1658189502,XMRUSDT,Sell,0.04,148.20,MinusTick,8ef62cc6-7b7d-507e-bb67-4b53d920beb0,5.928e+08,0.04,5.928
1658189502,XMRUSDT,Sell,3.6,148.20,ZeroMinusTick,d2cf0a29-30ad-5ca7-8f8d-ff69d3b99f9a,5.3352e+10,3.6,533.52
1658189503,XMRUSDT,Sell,7,148.25,PlusTick,ce44c426-d008-5f18-abea-88e209d571ed,1.03775e+11,7,1037.75
1658189503,XMRUSDT,Sell,7,148.15,MinusTick,6592e23e-5dbc-598d-a6be-855596748e22,1.03705e+11,7,1037.05
1658189504,XMRUSDT,Sell,7,148.20,PlusTick,96fc9982-7da1-5ba9-a387-b36a63b3c6d6,1.0373999999999998e+11,7,1037.3999999999999
1658189504,XMRUSDT,Sell,3.31,148.10,MinusTick,aaf832dd-543c-517d-b902-cbce9601fdeb,4.90211e+10,3.31,490.211
1658189504,XMRUSDT,Sell,3.69,148.10,ZeroMinusTick,26e47344-df57-554a-8bf3-1ab811e138ea,5.464889999999999e+10,3.69,546.4889999999999
1658189504,XMRUSDT,Sell,1.36,148.05,MinusTick,9fba6fe2-3836-5025-b8cd-0352fd4af372,2.0134800000000004e+10,1.36,201.34800000000004
1658189504,XMRUSDT,Sell,7,148.10,PlusTick,2b4f8fa9-43ee-579f-a0e8-929168f11adc,1.0367e+11,7,1036.7
1658189505,XMRUSDT,Sell,6,148.00,MinusTick,6cb5591e-0d19-548e-877f-14f6a1ecc6a3,8.88e+10,6,888
1658189505,XMRUSDT,Sell,1,148.00,ZeroMinusTick,c1b5086a-7aff-5dab-a8fd-7d493b421ba3,1.48e+10,1,148
1658189505,XMRUSDT,Sell,4,148.00,ZeroMinusTick,f0c31f14-eb31-5ff6-963c-88d56d8f465f,5.92e+10,4,592
1658189505,XMRUSDT,Sell,3,148.00,ZeroMinusTick,bab5a81f-6167-5b6c-8b5f-b8e00a526fdb,4.44e+10,3,444
1658189505,XMRUSDT,Sell,0.41,148.00,ZeroMinusTick,8830d6fa-3c28-52ed-bffd-f45781e27fab,6.068e+09,0.41,60.68
1658189506,XMRUSDT,Sell,7,148.00,ZeroMinusTick,46e9354e-1965-578a-ac94-e31ee030358e,1.036e+11,7,1036
1658189506,XMRUSDT,Sell,1.77,147.95,MinusTick,39c9609f-fc91-5e6a-b1a9-5d926baaee4b,2.6187149999999996e+10,1.77,261.87149999999997
1658189506,XMRUSDT,Sell,7,148.00,PlusTick,b064f836-8f4c-59ed-bc80-29c516b3f923,1.036e+11,7,1036
1658189507,XMRUSDT,Sell,3.91,147.90,MinusTick,8c504e9e-3d95-5c2e-a65d-2395af8042a3,5.78289e+10,3.91,578.289
1658189507,XMRUSDT,Sell,7,147.90,ZeroMinusTick,851dd9e4-8b83-5a1e-9a11-a4f927901c8a,1.0353e+11,7,1035.3
1658189507,XMRUSDT,Sell,7,147.90,ZeroMinusTick,bd10f868-c8d1-5908-abaf-fbaba1eefc9c,1.0353e+11,7,1035.3
1658189508,XMRUSDT,Sell,3.91,147.85,MinusTick,5b12f6d1-8dbd-504c-90b5-1b79b27773cf,5.780934999999999e+10,3.91,578.0935
1658189508,XMRUSDT,Sell,1.36,147.85,ZeroMinusTick,ab9d0f04-a58b-51b7-b05d-4b5f4f936833,2.01076e+10,1.36,201.076
1658189508,XMRUSDT,Sell,7,147.95,PlusTick,87ea8817-283a-50de-92a5-c07f4f9b9d46,1.0356499999999998e+11,7,1035.6499999999999
1658189508,XMRUSDT,Sell,7,147.85,MinusTick,9b770ac5-c26d-5a3f-85e3-b5251ad588ba,1.03495e+11,7,1034.95
1658189508,XMRUSDT,Sell,2.59,147.85,ZeroMinusTick,3095d667-4350-501b-9805-c788ee1910eb,3.829315e+10,2.59,382.93149999999997
1658189508,XMRUSDT,Sell,4.41,147.85,ZeroMinusTick,efe8db56-43c9-5163-9dab-e9fc16513389,6.520185e+10,4.41,652.0185
1658189508,XMRUSDT,Sell,7,147.80,MinusTick,2c64d797-1a7e-54e6-bf0b-2b605debf073,1.0346000000000002e+11,7,1034.6000000000001
1658189508,XMRUSDT,Sell,3.91,147.75,MinusTick,95843ccd-8afa-5f4c-8ecd-460345d18329,5.777025e+10,3.91,577.7025
1658189508,XMRUSDT,Sell,1.36,147.75,ZeroMinusTick,39e0c59f-b533-5a8f-b5e5-dbf1962d3b5e,2.0094000000000004e+10,1.36,200.94000000000003
1658189509,XMRUSDT,Sell,7,147.85,PlusTick,92a95c66-4915-5433-9977-412257bd7b84,1.03495e+11,7,1034.95
1658189509,XMRUSDT,Sell,7,147.75,MinusTick,d36260a2-4906-5020-a400-f17daeecf6cd,1.03425e+11,7,1034.25
1658189509,XMRUSDT,Sell,7,147.75,ZeroMinusTick,94a2d67d-5bb4-5f04-a7d4-f452e74645b8,1.03425e+11,7,1034.25
1658189510,XMRUSDT,Sell,7,147.80,PlusTick,7f6db56a-6eaf-53ac-a90d-7862d7d5587d,1.0346000000000002e+11,7,1034.6000000000001
1658189512,XMRUSDT,Buy,7,147.80,ZeroMinusTick,9fc3dd34-b821-58c2-aee7-e7d3267cc21d,1.0346000000000002e+11,7,1034.6000000000001
1658189512,XMRUSDT,Buy,1,147.85,PlusTick,6d1a5e97-dff7-5a52-8a81-107db3b905e8,1.4785e+10,1,147.85
1658189513,XMRUSDT,Buy,4,147.85,ZeroMinusTick,538ad125-4d7b-5a9b-9c7f-c4e0d780492e,5.914e+10,4,591.4
1658189513,XMRUSDT,Buy,2,147.85,ZeroMinusTick,4fb80df2-73bd-52fa-b212-c2c6b11bf6bc,2.957e+10,2,295.7
1658189514,XMRUSDT,Buy,7,147.90,PlusTick,a3d4b006-1686-530a-9060-b51b885de524,1.0353e+11,7,1035.3
1658189516,XMRUSDT,Buy,7,147.95,PlusTick,a3d61377-0612-584a-907f-7165c3ca853c,1.0356499999999998e+11,7,1035.6499999999999
1658189519,XMRUSDT,Sell,7,147.95,ZeroMinusTick,6e54af14-6559-5dda-920f-88de87eb36c5,1.0356499999999998e+11,7,1035.6499999999999
1658189520,XMRUSDT,Sell,0.67,147.85,MinusTick,acc09866-85eb-597a-808f-e7b2070ffba5,9.90595e+09,0.67,99.0595
1658189523,XMRUSDT,Buy,7,147.80,MinusTick,ab3c6165-b3fd-5daa-a1c9-560d6e645fda,1.0346000000000002e+11,7,1034.6000000000001
1658189523,XMRUSDT,Buy,1.77,147.80,ZeroMinusTick,47904e6c-8e4e-580d-8e7a-25285dfe83db,2.61606e+10,1.77,261.606
1658189524,XMRUSDT,Sell,0.4,147.80,ZeroMinusTick,4fc4a8c5-46f1-572a-b2de-7742e3759cdd,5.912e+09,0.4,59.120000000000005
1658189527,XMRUSDT,Buy,1.4,147.75,MinusTick,e0cdd301-7e7b-53d9-889a-80a6051b6dbd,2.0685e+10,1.4,206.85
1658189529,XMRUSDT,Sell,3.91,147.60,MinusTick,ef5a625e-a27e-5460-8554-90c65b3d076c,5.77116e+10,3.91,577.116
1658189529,XMRUSDT,Sell,7,147.60,ZeroMinusTick,213ef9e1-4655-5707-9f63-475a0670c347,1.0332e+11,7,1033.2
1658189533,XMRUSDT,Sell,0.06,147.40,MinusTick,e14ecbdd-d444-57c6-bb73-53ac880923d9,8.844e+08,0.06,8.844
1658189533,XMRUSDT,Sell,1.21,147.35,MinusTick,cf97504f-74db-5ad6-9822-cd43476dd070,1.782935e+10,1.21,178.2935
1658189534,XMRUSDT,Sell,1.36,147.35,ZeroMinusTick,bb2b4a29-6802-53b4-ba45-280d83bf0a8a,2.00396e+10,1.36,200.39600000000002
1658189534,XMRUSDT,Sell,0.34,147.35,ZeroMinusTick,cd9f432c-099f-55f7-be78-eedaa9650751,5.0099e+09,0.34,50.099000000000004
1658189536,XMRUSDT,Buy,1.76,147.30,MinusTick,2f581fa3-74ce-562d-ba21-9b2b6c390e0d,2.5924800000000004e+10,1.76,259.24800000000005
1658189536,XMRUSDT,Buy,5.24,147.30,ZeroMinusTick,8338eec9-59b8-50d9-8426-dd2d5f332644,7.718520000000002e+10,5.24,771.8520000000001
1658189539,XMRUSDT,Buy,4,147.35,PlusTick,093f8e86-fa1c-5eac-9448-0cef3c5fa4b9,5.894e+10,4,589.4
1658189539,XMRUSDT,Buy,6,147.35,ZeroMinusTick,980b6fec-4a42-581c-bc0f-4a9211db2305,8.840999999999998e+10,6,884.0999999999999
1658189540,XMRUSDT,Buy,1.36,147.45,PlusTick,16b0dc43-ef9f-5bf2-b350-52da6963cb23,2.00532e+10,1.36,200.532
1658189544,XMRUSDT,Sell,7,147.75,PlusTick,607ba289-75c2-55eb-9073-65b9e81a2278,1.03425e+11,7,1034.25
1658189546,XMRUSDT,Buy,0.19,147.90,PlusTick,e4204c47-aac0-5f0e-a653-cf12765f98ab,2.8101000000000005e+09,0.19,28.101000000000003
1658189547,XMRUSDT,Sell,3.38,147.75,MinusTick,de02a236-debc-5a0b-abc0-8d5d95a8792b,4.99395e+10,3.38,499.395
1658189547,XMRUSDT,Sell,7,147.75,ZeroMinusTick,a1be559c-afe6-5d24-b4fc-634dda7f13d9,1.03425e+11,7,1034.25
1658189547,XMRUSDT,Sell,7,147.70,MinusTick,acd8151a-481e-54ba-a832-80d634896f05,1.0338999999999998e+11,7,1033.8999999999999
1658189548,XMRUSDT,Sell,1.36,147.65,MinusTick,765132d3-2bb5-5a5b-8150-4873a9b0fb38,2.0080400000000004e+10,1.36,200.80400000000003
1658189549,XMRUSDT,Sell,1.36,147.55,MinusTick,c10b702f-0a87-57c0-8cff-fe3c8b1d3837,2.0066800000000004e+10,1.36,200.66800000000003
1658189550,XMRUSDT,Buy,1.57,147.55,ZeroMinusTick,b3f8c61b-9ee4-5d8f-9e6b-1ff9b83d9b9d,2.3165350000000004e+10,1.57,231.65350000000004
1658189550,XMRUSDT,Buy,1.81,147.55,ZeroMinusTick,6b23e553-4136-518a-97f7-ad9654b3c1c9,2.6706550000000004e+10,1.81,267.06550000000004
1658189550,XMRUSDT,Buy,4.19,147.55,ZeroMinusTick,7ff1a898-39e8-520f-a9ab-a5537eeadb46,6.1823450000000015e+10,4.19,618.2345000000001
1658189550,XMRUSDT,Buy,2.81,147.55,ZeroMinusTick,34c1be09-4650-5722-8906-f51a1d8885c9,4.146155000000001e+10,2.81,414.61550000000005
1658189553,XMRUSDT,Buy,7,147.80,PlusTick,190258c1-05cf-59a1-8f9b-64e8b9530816,1.0346000000000002e+11,7,1034.6000000000001
1658189554,XMRUSDT,Buy,4,147.80,ZeroMinusTick,c4f76cd8-378e-5cb9-9864-61c487fb845f,5.912000000000001e+10,4,591.2
1658189554,XMRUSDT,Buy,3,147.80,ZeroMinusTick,682e2b0e-89e3-5014-893d-80c7afcbf1e9,4.434e+10,3,443.40000000000003
1658189554,XMRUSDT,Buy,18.92,147.85,PlusTick,cf04e4c8-cca1-5efc-bb3f-0948774a8c85,2.797322e+11,18.92,2797.322
1658189561,XMRUSDT,Buy,1.36,148.15,PlusTick,742ecb2d-16e0-5f5b-a598-cd38b46dba63,2.01484e+10,1.36,201.484
1658189562,XMRUSDT,Sell,2,148.20,PlusTick,60cf12a6-0ce3-5278-bce4-9e68d5875298,2.9639999999999996e+10,2,296.4
1658189562,XMRUSDT,Sell,5,148.20,ZeroMinusTick,6029a6c0-a257-5bc6-837e-0187595e85e7,7.41e+10,5,741
1658189563,XMRUSDT,Sell,0.99,148.15,MinusTick,0d512daa-be37-57d8-b56f-8918b3e5d185,1.466685e+10,0.99,146.6685
1658189563,XMRUSDT,Sell,2.66,148.15,ZeroMinusTick,0782c4e3-839e-50f4-abe0-1e3702570bbc,3.940790000000001e+10,2.66,394.07900000000006
1658189563,XMRUSDT,Buy,1.77,148.20,PlusTick,1fa825fe-ed36-51b8-852c-519d895017c8,2.6231399999999996e+10,1.77,262.31399999999996
1658189563,XMRUSDT,Buy,1.77,148.25,PlusTick,1d60d9f8-6c26-5f5c-af6d-054830e6bbfc,2.6240249999999996e+10,1.77,262.4025
1658189563,XMRUSDT,Buy,7,148.25,ZeroMinusTick,d8ccf2e0-2e46-5931-aa29-572241da919f,1.03775e+11,7,1037.75
1658189563,XMRUSDT,Buy,3.91,148.25,ZeroMinusTick,db163339-3c11-5d17-ba3a-ed87e310153f,5.796575e+10,3.91,579.6575
1658189563,XMRUSDT,Sell,10,148.25,ZeroMinusTick,8fb5a1cf-ce56-5f06-987d-7986770d7f55,1.4825e+11,10,1482.5
1658189565,XMRUSDT,Buy,7,148.30,PlusTick,d2d6288e-9887-5cd7-9dee-9cce3076e50b,1.0381000000000002e+11,7,1038.1000000000001
1658189566,XMRUSDT,Buy,4.4,148.35,PlusTick,a7794cc7-a6a9-5c74-a7e3-fc3397705704,6.5274e+10,4.4,652.74
1658189566,XMRUSDT,Buy,7,148.35,ZeroMinusTick,aaf87654-914e-5bd9-8d7b-373eadfc2c35,1.03845e+11,7,1038.45
1658189566,XMRUSDT,Buy,3.54,148.35,ZeroMinusTick,24f0e704-80c3-5c39-af0f-86374df6ddd1,5.25159e+10,3.54,525.159
1658189566,XMRUSDT,Buy,3.46,148.35,ZeroMinusTick,a39d0695-0c84-5814-8593-ed41f0bd9437,5.132909999999999e+10,3.46,513.2909999999999
1658189567,XMRUSDT,Buy,7,148.40,PlusTick,53f3cad3-897c-5107-8eb3-262acdcd73a0,1.0388e+11,7,1038.8
1658189567,XMRUSDT,Buy,4.95,148.45,PlusTick,c722f731-0b28-5a2d-9957-8d4ac62174d0,7.348275e+10,4.95,734.8275
1658189567,XMRUSDT,Buy,2.05,148.45,ZeroMinusTick,ed38ddfe-b61c-5445-b22e-32c6c8a7e28f,3.0432249999999992e+10,2.05,304.32249999999993
1658189571,XMRUSDT,Buy,7,148.55,PlusTick,b589222d-9237-50dc-9deb-b39e2fcb5e20,1.0398500000000002e+11,7,1039.8500000000001
1658189572,XMRUSDT,Buy,7,148.55,ZeroMinusTick,3ed23874-7cef-5b62-a15d-f6a86257e957,1.0398500000000002e+11,7,1039.8500000000001
1658189572,XMRUSDT,Buy,7,148.55,ZeroMinusTick,ccde552a-57d1-58ef-912a-9b625f01cbb5,1.0398500000000002e+11,7,1039.8500000000001
1658189572,XMRUSDT,Buy,3.6,148.60,PlusTick,ab959d38-4920-5c13-97fb-2dbfb96c5598,5.3496e+10,3.6,534.96
1658189572,XMRUSDT,Buy,0.11,148.60,ZeroMinusTick,2fa5df3c-c16c-5298-9d12-e68905629c72,1.6346e+09,0.11,16.346
1658189574,XMRUSDT,Sell,7,148.60,ZeroMinusTick,6b351467-9cbf-513b-bc24-acf97cbf34e9,1.0402e+11,7,1040.2
1658189574,XMRUSDT,Sell,7,148.55,MinusTick,5cb85d84-4dc9-5395-b808-50236dbbfe74,1.0398500000000002e+11,7,1039.8500000000001
1658189574,XMRUSDT,Sell,3.91,148.55,ZeroMinusTick,853e03fa-895a-5462-8a16-b07066f8088c,5.808305e+10,3.91,580.8305
1658189575,XMRUSDT,Sell,7,148.50,MinusTick,1d82baeb-43bd-50a0-9af0-7b8aff886fa6,1.0395e+11,7,1039.5
1658189576,XMRUSDT,Sell,7,148.50,ZeroMinusTick,bedde38c-ef6d-5253-bae4-79317801ae42,1.0395e+11,7,1039.5
1658189576,XMRUSDT,Sell,7,148.45,MinusTick,64b8f846-c809-54f2-8103-854e2e4eaa26,1.0391499999999998e+11,7,1039.1499999999999
1658189576,XMRUSDT,Sell,7,148.40,MinusTick,5195ce20-c51d-56bb-9458-36701fdf518e,1.0388e+11,7,1038.8
1658189577,XMRUSDT,Sell,1.36,148.35,MinusTick,6742cff8-681a-5276-802a-1a7aab238317,2.01756e+10,1.36,201.756
1658189577,XMRUSDT,Sell,3.91,148.30,MinusTick,91a057c1-b68a-5874-996d-dce168bd08b1,5.798530000000001e+10,3.91,579.8530000000001
1658189577,XMRUSDT,Sell,4.4,148.25,MinusTick,34ac5d33-de22-54cc-80a6-2a638564e460,6.523000000000001e+10,4.4,652.3000000000001
1658189577,XMRUSDT,Sell,1.36,148.25,ZeroMinusTick,3aff9d9a-33a1-5a94-b5f4-9748ea7331ce,2.0162e+10,1.36,201.62
1658189577,XMRUSDT,Sell,3.82,148.25,ZeroMinusTick,4daf5071-44e2-5399-991f-d67edd61c2cd,5.663149999999999e+10,3.82,566.3149999999999
1658189577,XMRUSDT,Sell,0.09,148.25,ZeroMinusTick,20b11128-dadf-5312-84e4-65e1776ac7c2,1.33425e+09,0.09,13.3425
1658189577,XMRUSDT,Sell,19.63,148.25,ZeroMinusTick,6e774007-9344-5451-80a9-54b541f6e955,2.9101475e+11,19.63,2910.1475
1658189577,XMRUSDT,Sell,13.62,148.25,ZeroMinusTick,fe0a51cf-65ac-5096-b3d8-10ce689aff96,2.019165e+11,13.62,2019.165
1658189577,XMRUSDT,Sell,1.77,148.20,MinusTick,618bf808-d510-57b3-b43e-e954150bbc42,2.6231399999999996e+10,1.77,262.31399999999996
1658189577,XMRUSDT,Sell,4.4,148.15,MinusTick,6bd8a16b-06c2-5bff-989f-5984b6417995,6.5186000000000015e+10,4.4,651.8600000000001
1658189577,XMRUSDT,Sell,1.36,148.15,ZeroMinusTick,113d594d-f876-5c1c-8189-9aa41bb6b513,2.01484e+10,1.36,201.484
1658189577,XMRUSDT,Sell,3.91,148.15,ZeroMinusTick,8ab04b02-6b2f-5487-ae54-56183b5f8557,5.792665000000001e+10,3.91,579.2665000000001
1658189577,XMRUSDT,Sell,3.49,148.10,MinusTick,268e5b32-44e1-5dab-a509-78bef06e37a5,5.16869e+10,3.49,516.869
1658189578,XMRUSDT,Buy,7,148.30,PlusTick,008a19e4-5d4a-5464-9c01-c73438dad000,1.0381000000000002e+11,7,1038.1000000000001
1658189586,XMRUSDT,Sell,1.66,148.25,MinusTick,1c776e06-fe56-528d-96ce-008fd8e2a05d,2.46095e+10,1.66,246.095
1658189590,XMRUSDT,Sell,1.36,148.05,MinusTick,7f48a131-3703-55f6-b41a-afc3fcb3a32a,2.0134800000000004e+10,1.36,201.34800000000004
1658189591,XMRUSDT,Sell,7,147.95,MinusTick,91204260-c2b1-51b2-b32c-946bbcde2008,1.0356499999999998e+11,7,1035.6499999999999
1658189592,XMRUSDT,Buy,7,147.95,ZeroMinusTick,b985282f-adc4-5275-924e-47dec1542ee5,1.0356499999999998e+11,7,1035.6499999999999
1658189594,XMRUSDT,Sell,7.26,147.95,ZeroMinusTick,3b70d467-0043-5faa-bbf2-f43c1ac19e69,1.074117e+11,7.26,1074.117
1658189596,XMRUSDT,Sell,2.5,147.90,MinusTick,91b1b66b-e97e-57a3-a3ca-337a67058ce7,3.6975e+10,2.5,369.75
1658189596,XMRUSDT,Sell,1.22,147.90,ZeroMinusTick,b64a904f-dc0a-5ca8-875c-a9d1082df416,1.80438e+10,1.22,180.43800000000002
1658189596,XMRUSDT,Sell,0.78,147.90,ZeroMinusTick,fd9e59d3-35a1-5d01-b270-a19fd960f471,1.15362e+10,0.78,115.36200000000001
1658189596,XMRUSDT,Sell,6.22,147.90,ZeroMinusTick,91faad1b-4ef4-542e-b333-39cc3f37adba,9.19938e+10,6.22,919.938
1658189597,XMRUSDT,Sell,7,147.70,MinusTick,df88e738-2393-5486-9f4b-c64466395094,1.0338999999999998e+11,7,1033.8999999999999
1658189598,XMRUSDT,Buy,4.95,147.70,ZeroMinusTick,d235db2c-6366-5aad-a4e8-b2d50c0d48b5,7.31115e+10,4.95,731.115
1658189598,XMRUSDT,Buy,2.05,147.70,ZeroMinusTick,df233e3e-e1a3-50ee-9a12-5a12e0474b0a,3.0278499999999996e+10,2.05,302.78499999999997
1658189599,XMRUSDT,Buy,4.95,147.75,PlusTick,41a06acc-5369-59ba-abd1-8868eb7deac7,7.313625e+10,4.95,731.3625000000001
1658189599,XMRUSDT,Buy,2.05,147.75,ZeroMinusTick,aa12ae12-d91d-51c6-8ca3-2d60da9d9deb,3.028875e+10,2.05,302.8875
1658189600,XMRUSDT,Sell,1.79,147.75,ZeroMinusTick,39f9e402-c9d5-54ea-bf08-d5dcbed15a30,2.6447250000000004e+10,1.79,264.4725
1658189600,XMRUSDT,Sell,7.26,147.75,ZeroMinusTick,a80a9169-af9b-5fd1-9124-43bb6aebbaa3,1.072665e+11,7.26,1072.665
1658189601,XMRUSDT,Buy,7,147.70,MinusTick,7ccfdb6e-4b68-5dba-99dc-9784307f916c,1.0338999999999998e+11,7,1033.8999999999999
1658189602,XMRUSDT,Buy,4.95,147.75,PlusTick,1cf2c6ae-3120-543a-a7b1-b90d68d73122,7.313625e+10,4.95,731.3625000000001
1658189602,XMRUSDT,Buy,2.05,147.75,ZeroMinusTick,0c090183-c324-5699-a1f6-c41d99e6a64e,3.028875e+10,2.05,302.8875
1658189602,XMRUSDT,Buy,4.95,147.80,PlusTick,5b9936f7-3f39-5364-88bd-15f0b640416a,7.316100000000002e+10,4.95,731.6100000000001
1658189602,XMRUSDT,Buy,2.05,147.80,ZeroMinusTick,3df763e9-3f18-5cea-8fbc-aface4c689cb,3.0299e+10,2.05,302.99
1658189604,XMRUSDT,Buy,7,147.95,PlusTick,66f99f00-4af8-5475-b70b-8f01f6de8b15,1.0356499999999998e+11,7,1035.6499999999999
1658189606,XMRUSDT,Buy,5.37,148.05,PlusTick,b25e145e-6ede-5f62-819d-1897d2cc7236,7.950285000000002e+10,5.37,795.0285000000001
1658189606,XMRUSDT,Buy,1.63,148.05,ZeroMinusTick,87fa5019-5f98-5fed-a19f-b502e7e4ffaf,2.413215e+10,1.63,241.32150000000001
1658189607,XMRUSDT,Buy,0.01,148.15,PlusTick,fe157d71-66a9-5738-96b4-bb0f66dc64fd,1.4815e+08,0.01,1.4815
1658189607,XMRUSDT,Buy,1.76,148.15,ZeroMinusTick,65b5b3f6-cb02-5642-a8f2-b8d3ef78772a,2.6074400000000004e+10,1.76,260.744
1658189608,XMRUSDT,Sell,7,148.10,MinusTick,9ceaba8a-6e46-5f9e-aa1e-18bcb0257757,1.0367e+11,7,1036.7
1658189608,XMRUSDT,Buy,0.06,148.10,ZeroMinusTick,802a37dd-ffff-500d-b1fd-42579228daaf,8.885999999999999e+08,0.06,8.886
1658189609,XMRUSDT,Sell,1.36,147.95,MinusTick,c51fe58b-f6b2-5b4b-b389-6b6d0945f980,2.01212e+10,1.36,201.212
1658189609,XMRUSDT,Buy,0.06,148.00,PlusTick,b9b98746-8cb8-5bbc-a3a9-5ca9c7c37f71,8.879999999999999e+08,0.06,8.879999999999999
1658189609,XMRUSDT,Buy,0.06,148.00,ZeroMinusTick,5e38b304-3d3e-5682-9979-2304d0598bc0,8.879999999999999e+08,0.06,8.879999999999999
1658189614,XMRUSDT,Sell,0.74,148.10,PlusTick,156e198b-fb17-5b5a-8da1-2721e5527d62,1.09594e+10,0.74,109.594
1658189619,XMRUSDT,Buy,1.89,148.05,MinusTick,f5e8e202-2f68-5550-97d4-b9e3873ee8df,2.798145e+10,1.89,279.8145
1658189619,XMRUSDT,Buy,5.11,148.05,ZeroMinusTick,95a53d63-7135-5545-8d9d-a67600ae9b4d,7.565355e+10,5.11,756.5355000000001
1658189621,XMRUSDT,Sell,1.46,148.10,PlusTick,9a0a61df-49da-524d-9570-078f10bde86b,2.16226e+10,1.46,216.226
1658189621,XMRUSDT,Sell,0.45,148.10,ZeroMinusTick,81d92758-6fd2-52a7-93c9-60438f0f2870,6.6645e+09,0.45,66.645
1658189622,XMRUSDT,Sell,2,148.10,ZeroMinusTick,0ccce3aa-b04e-5e5e-8f50-2de54bced21a,2.962e+10,2,296.2
1658189622,XMRUSDT,Sell,2,148.10,ZeroMinusTick,1a3d97a7-a984-5f17-b876-7007fcf3a896,2.962e+10,2,296.2
1658189622,XMRUSDT,Sell,2,148.10,ZeroMinusTick,df5f6720-ac75-561a-a2b8-e2b2553c9d0a,2.962e+10,2,296.2
1658189622,XMRUSDT,Sell,1,148.10,ZeroMinusTick,2858438a-f135-5108-9186-9843f03c6d8a,1.481e+10,1,148.1
1658189630,XMRUSDT,Sell,0.45,148.10,ZeroMinusTick,43331af0-0682-5a9e-8925-518cd7e69303,6.6645e+09,0.45,66.645
1658189635,XMRUSDT,Buy,7,148.15,PlusTick,24e1cbd0-d72c-5adb-863e-4eda48652ca9,1.03705e+11,7,1037.05
1658189636,XMRUSDT,Buy,7,148.20,PlusTick,7f307f97-39e8-5cf5-86c1-5de33f0821db,1.0373999999999998e+11,7,1037.3999999999999
1658189641,XMRUSDT,Sell,0.43,148.35,PlusTick,b597f923-2400-5aad-98ff-b62cd60227d7,6.379049999999999e+09,0.43,63.790499999999994
1658189641,XMRUSDT,Sell,0.42,148.35,ZeroMinusTick,18fc4988-8f69-5501-99b4-8072e10e7255,6.230699999999999e+09,0.42,62.306999999999995
1658189642,XMRUSDT,Sell,2.72,148.30,MinusTick,d3fbb443-0dcc-5ea4-b54c-2243e0d738d1,4.03376e+10,2.72,403.37600000000003
1658189642,XMRUSDT,Sell,2.28,148.30,ZeroMinusTick,a569deec-33cb-5a6a-9795-0775aceafa79,3.3812400000000004e+10,2.28,338.124
1658189642,XMRUSDT,Sell,2,148.30,ZeroMinusTick,2e289f7d-7c79-5d02-9adb-c1295a3542ca,2.9660000000000004e+10,2,296.6
1658189642,XMRUSDT,Sell,1.36,148.25,MinusTick,1860f429-75c8-5346-bbda-059ecca1979e,2.0162e+10,1.36,201.62
1658189642,XMRUSDT,Sell,7,148.25,ZeroMinusTick,a677340b-0787-597a-b34d-17fdd65122e2,1.03775e+11,7,1037.75
1658189643,XMRUSDT,Sell,7,148.20,MinusTick,5b410640-0d18-5cef-89be-af6a7dda3a6b,1.0373999999999998e+11,7,1037.3999999999999
1658189643,XMRUSDT,Sell,7,148.25,PlusTick,98f5ea46-130d-52e0-8e4e-174b643e5357,1.03775e+11,7,1037.75
1658189646,XMRUSDT,Sell,1.36,148.05,MinusTick,ffa9c79a-aeec-50d8-a642-80056c6d7827,2.0134800000000004e+10,1.36,201.34800000000004
1658189646,XMRUSDT,Sell,7,148.05,ZeroMinusTick,4645654d-7319-5aec-a909-ebc1222c38d4,1.0363500000000002e+11,7,1036.3500000000001
1658189650,XMRUSDT,Sell,7,148.00,MinusTick,2983d0f3-fcbe-5cf4-8edf-9d5e52237758,1.036e+11,7,1036
1658189658,XMRUSDT,Buy,0.85,147.75,MinusTick,7d1cdef6-e40f-5110-ae24-57116c32c008,1.255875e+10,0.85,125.58749999999999
1658189658,XMRUSDT,Buy,6.15,147.75,ZeroMinusTick,b9e31882-9cdc-5cb2-af65-6fed3faaf8ae,9.086625e+10,6.15,908.6625
1658189658,XMRUSDT,Buy,0.7,147.75,ZeroMinusTick,e37d1775-a0c3-5544-83ff-d9ee863f7c9d,1.03425e+10,0.7,103.425
1658189659,XMRUSDT,Sell,1.77,147.80,PlusTick,dd888ba7-681a-5121-a1f4-2a7b6f248859,2.61606e+10,1.77,261.606
1658189661,XMRUSDT,Buy,4,147.70,MinusTick,142f34f1-ec1a-5c5d-a57e-9ec53984cbf4,5.907999999999999e+10,4,590.8
1658189661,XMRUSDT,Buy,3,147.70,ZeroMinusTick,31c4c80c-e95b-58f7-8530-7b05afe50da6,4.431e+10,3,443.09999999999997
1658189663,XMRUSDT,Sell,1.36,147.65,MinusTick,10bb9f99-0596-5017-b3f0-b23852ffa7d6,2.0080400000000004e+10,1.36,200.80400000000003
1658189667,XMRUSDT,Sell,7,148.00,PlusTick,31245794-8153-580d-8896-56c82db03003,1.036e+11,7,1036
1658189668,XMRUSDT,Sell,7,147.95,MinusTick,cbf08ffc-37c6-525c-9c4b-39feeea7298b,1.0356499999999998e+11,7,1035.6499999999999
1658189669,XMRUSDT,Buy,7,147.95,ZeroMinusTick,f9491729-542e-5f2d-8800-e16f03e0a2e1,1.0356499999999998e+11,7,1035.6499999999999
1658189677,XMRUSDT,Sell,7,147.95,ZeroMinusTick,4762b97f-98d3-5ccf-abe7-d1a6622aa5db,1.0356499999999998e+11,7,1035.6499999999999
1658189677,XMRUSDT,Sell,7,147.90,MinusTick,804c1daf-bf93-592a-b259-221c72e41c95,1.0353e+11,7,1035.3
1658189686,XMRUSDT,Buy,7,147.70,MinusTick,2ec12be3-2fab-5dc2-934f-c2299a9ce7be,1.0338999999999998e+11,7,1033.8999999999999
1658189702,XMRUSDT,Buy,7,147.70,ZeroMinusTick,564dcf07-8301-5da2-be7d-ddde9490d314,1.0338999999999998e+11,7,1033.8999999999999
1658189702,XMRUSDT,Sell,0.78,147.70,ZeroMinusTick,12707701-728f-5415-ac4d-70cc0a15dec2,1.1520599999999998e+10,0.78,115.20599999999999
1658189702,XMRUSDT,Sell,0.37,147.70,ZeroMinusTick,3d7f0c77-ddb4-5cf4-8cda-b35b2a5b224e,5.464899999999999e+09,0.37,54.648999999999994
1658189706,XMRUSDT,Buy,0.23,147.65,MinusTick,018965a3-859d-585e-a3d9-03a563b9b21e,3.3959500000000005e+09,0.23,33.959500000000006
1658189707,XMRUSDT,Buy,0.5,147.65,ZeroMinusTick,c95667ad-06da-5cea-9c56-0738ac9cf2b6,7.3825e+09,0.5,73.825
1658189708,XMRUSDT,Buy,7,147.70,PlusTick,331dbd81-a713-505a-ba9c-63ceb371ebb1,1.0338999999999998e+11,7,1033.8999999999999
1658189710,XMRUSDT,Sell,7,147.70,ZeroMinusTick,fb1b730f-a2a5-5e99-85a5-64a969c50e6c,1.0338999999999998e+11,7,1033.8999999999999
1658189710,XMRUSDT,Sell,0.38,147.60,MinusTick,61989bb2-0d60-53b6-ad9e-21ac21d8fb0f,5.6088e+09,0.38,56.088
1658189710,XMRUSDT,Buy,0.01,147.75,PlusTick,5cd1e1b5-6b5d-5fdf-940d-9add8fb5e24e,1.4775e+08,0.01,1.4775
1658189710,XMRUSDT,Sell,1.77,147.65,MinusTick,35f6c06a-8552-5183-84ba-53056b672742,2.6134050000000004e+10,1.77,261.3405
1658189716,XMRUSDT,Buy,7,147.80,PlusTick,a519d803-8abb-5e62-ada8-cd03ba859247,1.0346000000000002e+11,7,1034.6000000000001
1658189720,XMRUSDT,Sell,6,147.95,PlusTick,145f46e8-8caf-5cf4-8bc6-4566eefa0252,8.877e+10,6,887.6999999999999
1658189720,XMRUSDT,Sell,1,147.95,ZeroMinusTick,963f571e-34c8-5a11-9ba7-7d2a9755696d,1.4794999999999998e+10,1,147.95
1658189723,XMRUSDT,Sell,7,147.90,MinusTick,93f7435d-ea1b-58df-812f-0852a14cd24e,1.0353e+11,7,1035.3
1658189723,XMRUSDT,Sell,7,147.85,MinusTick,15ba5292-23c2-560e-bb20-9f0d8cb7ce9b,1.03495e+11,7,1034.95
1658189738,XMRUSDT,Sell,5,147.90,PlusTick,b33459a3-cac0-5089-8562-b8347db832be,7.395e+10,5,739.5
1658189738,XMRUSDT,Sell,2,147.90,ZeroMinusTick,c0e4f044-ede1-5194-8f33-1d5360678900,2.958e+10,2,295.8
1658189746,XMRUSDT,Buy,0.01,148.05,PlusTick,9c1a5f29-97d8-5454-ae41-196ee7f8df90,1.4805000000000003e+08,0.01,1.4805000000000001
1658189751,XMRUSDT,Sell,7,148.00,MinusTick,77cd3010-f3b9-58a0-b200-71ed6371e9f2,1.036e+11,7,1036
1658189751,XMRUSDT,Sell,7,147.95,MinusTick,b0d32c6f-fff0-5e3b-b6a3-eab34969df9e,1.0356499999999998e+11,7,1035.6499999999999
1658189752,XMRUSDT,Sell,7,147.95,ZeroMinusTick,fe127848-37bf-5691-b7f7-45b363b9f32b,1.0356499999999998e+11,7,1035.6499999999999
1658189756,XMRUSDT,Buy,7,147.95,ZeroMinusTick,b6f4af3d-ad95-5037-bc9f-995a5b0ac048,1.0356499999999998e+11,7,1035.6499999999999
1658189758,XMRUSDT,Sell,7,148.00,PlusTick,980b7bc2-4f5f-556b-bf0d-01274b88621f,1.036e+11,7,1036
1658189758,XMRUSDT,Sell,2,147.95,MinusTick,7ee0aba2-00a9-5407-bd7a-ef42b496326b,2.9589999999999996e+10,2,295.9
1658189758,XMRUSDT,Sell,2,147.95,ZeroMinusTick,25737e14-d275-5af2-8e1a-99ec9b272016,2.9589999999999996e+10,2,295.9
1658189758,XMRUSDT,Sell,1,147.95,ZeroMinusTick,242d8925-0d55-5bdc-893c-7fad039d00b9,1.4794999999999998e+10,1,147.95
1658189758,XMRUSDT,Sell,2,147.95,ZeroMinusTick,e37f53a6-8cd5-5bc2-8ed7-9d12eeb2e054,2.9589999999999996e+10,2,295.9
1658189758,XMRUSDT,Sell,7,147.90,MinusTick,3aa86f7f-d199-51cc-8871-4d55c2b58135,1.0353e+11,7,1035.3
1658189758,XMRUSDT,Sell,2.8,147.85,MinusTick,4618a400-7c6a-5bc3-9d2d-2cbfbf19495b,4.139799999999999e+10,2.8,413.97999999999996
1658189758,XMRUSDT,Sell,1.36,147.85,ZeroMinusTick,3042ad2b-3ea1-57c2-ab2c-761ffd36f91a,2.01076e+10,1.36,201.076
1658189758,XMRUSDT,Sell,7,147.85,ZeroMinusTick,2da33bf9-50db-5d5c-adf8-0fe1327cced5,1.03495e+11,7,1034.95
1658189760,XMRUSDT,Buy,7,147.85,ZeroMinusTick,3b398644-0018-5d7e-ad06-c85fe4f618b8,1.03495e+11,7,1034.95
1658189760,XMRUSDT,Buy,1.77,147.85,ZeroMinusTick,ed59f07a-3f1d-5412-8bfe-9878f60ddfa5,2.616945e+10,1.77,261.6945
1658189760,XMRUSDT,Buy,1.22,147.90,PlusTick,5f5a2407-cc51-5b56-b090-e3b20da8d1ed,1.80438e+10,1.22,180.43800000000002
1658189761,XMRUSDT,Sell,7,147.80,MinusTick,9583c1c0-74ac-5437-8943-a69dc3303034,1.0346000000000002e+11,7,1034.6000000000001
1658189765,XMRUSDT,Sell,7,147.65,MinusTick,7e9170ac-4768-5cea-8b82-302643bcf583,1.03355e+11,7,1033.55
1658189786,XMRUSDT,Sell,1.77,147.35,MinusTick,2366e03d-7123-540d-80bc-3fc3398636ae,2.608095e+10,1.77,260.8095
1658189786,XMRUSDT,Sell,7,147.35,ZeroMinusTick,5f3f1888-a24f-5c14-baa8-40d0966b3497,1.03145e+11,7,1031.45
1658189786,XMRUSDT,Sell,3.03,147.30,MinusTick,ef53f65f-2043-5c5c-957a-87cc6dd6f20a,4.46319e+10,3.03,446.319
1658189790,XMRUSDT,Sell,0.84,147.30,ZeroMinusTick,c6f48bbd-53df-5e09-b010-a719dc04affd,1.23732e+10,0.84,123.732
1658189790,XMRUSDT,Sell,0.4,147.30,ZeroMinusTick,d3a0c9b8-a980-5a8e-98df-89ee90c9a230,5.892000000000001e+09,0.4,58.92000000000001
1658189793,XMRUSDT,Sell,4,147.25,MinusTick,c7526f1c-d32b-57dd-86a8-d86bb2738942,5.89e+10,4,589
1658189793,XMRUSDT,Sell,3,147.25,ZeroMinusTick,9742a270-ea3c-5c4f-b2f4-f4373692c2d5,4.4175e+10,3,441.75
1658189793,XMRUSDT,Sell,7,147.20,MinusTick,d245f50b-af27-5d1a-8b3c-ce20635d9ef7,1.0303999999999998e+11,7,1030.3999999999999
1658189795,XMRUSDT,Sell,1.36,147.15,MinusTick,52346d6d-9918-5a1e-9aa2-4dad666fa619,2.0012400000000004e+10,1.36,200.12400000000002
1658189795,XMRUSDT,Buy,7,147.15,ZeroMinusTick,d513b07b-cec3-5b2a-88a8-df78fe578145,1.03005e+11,7,1030.05
1658189797,XMRUSDT,Sell,0.1,147.00,MinusTick,04a0d0ac-2d73-567f-a316-bfa35dc7da0d,1.47e+09,0.1,14.700000000000001
1658189798,XMRUSDT,Sell,1.36,146.95,MinusTick,a7fd2fdc-b05c-5fa2-8ecf-bea9cfd25746,1.99852e+10,1.36,199.852
1658189803,XMRUSDT,Sell,0.05,146.80,MinusTick,8503271a-3e6e-5f48-8e31-cf4ee4e4d0df,7.340000000000001e+08,0.05,7.340000000000001
1658189808,XMRUSDT,Sell,1.77,146.85,PlusTick,69b550e3-dc90-5d38-9666-2b95a4313784,2.5992449999999996e+10,1.77,259.92449999999997
1658189810,XMRUSDT,Buy,1.36,146.80,MinusTick,ab76b8b0-e2bd-5c17-8c40-4fff428cb56c,1.9964800000000004e+10,1.36,199.64800000000002
1658189811,XMRUSDT,Sell,1.36,146.75,MinusTick,c33f067e-4d1e-5b53-ad9f-767aee1f0eaa,1.9958e+10,1.36,199.58
1658189811,XMRUSDT,Sell,7,146.70,MinusTick,f87251d9-66de-5267-86f3-66d81edbd6fb,1.0268999999999998e+11,7,1026.8999999999999
1658189811,XMRUSDT,Sell,1.36,146.65,MinusTick,140fe342-1b67-5bbf-a17e-445eb414eb5a,1.99444e+10,1.36,199.44400000000002
1658189812,XMRUSDT,Sell,1.77,146.60,MinusTick,4e955723-b746-5405-a306-c0599776befd,2.5948199999999996e+10,1.77,259.48199999999997
1658189813,XMRUSDT,Sell,7,146.60,ZeroMinusTick,2bda6070-8309-51de-ae00-18b8d80381db,1.0262e+11,7,1026.2
1658189814,XMRUSDT,Sell,1.36,146.55,MinusTick,770d97d1-19ad-5222-9832-58e2520703f2,1.9930800000000004e+10,1.36,199.30800000000002
1658189814,XMRUSDT,Sell,7,146.55,ZeroMinusTick,4dcf6f9b-0051-5970-affb-82d54ea72f4f,1.0258500000000002e+11,7,1025.8500000000001
1658189815,XMRUSDT,Sell,7,146.50,MinusTick,36fc9e4e-cc32-57cc-b6cf-b59b1eeede0e,1.0255e+11,7,1025.5
1658189815,XMRUSDT,Sell,1.36,146.45,MinusTick,bea8bd49-9313-5122-8e6c-9c1ccfaabf0b,1.99172e+10,1.36,199.172
1658189815,XMRUSDT,Sell,7,146.50,PlusTick,ece4951c-826e-5dbc-a904-5f90da71771f,1.0255e+11,7,1025.5
1658189819,XMRUSDT,Buy,7,146.70,PlusTick,76027c6b-3da8-5396-b2b9-d671523a9762,1.0268999999999998e+11,7,1026.8999999999999
1658189825,XMRUSDT,Sell,7,146.85,PlusTick,7bccd4ea-2fee-5b65-9a10-955cb39cb975,1.02795e+11,7,1027.95
1658189825,XMRUSDT,Sell,1.77,146.85,ZeroMinusTick,1319fb5d-8521-5761-a391-eccb55e61b91,2.5992449999999996e+10,1.77,259.92449999999997
1658189826,XMRUSDT,Buy,7,146.90,PlusTick,54f307ea-a31f-5fd1-9087-3da9f5918ded,1.0283e+11,7,1028.3
1658189828,XMRUSDT,Sell,7,146.85,MinusTick,c23fdbc7-8a50-5448-91e8-eb3a4b175258,1.02795e+11,7,1027.95
1658189829,XMRUSDT,Sell,7,146.90,PlusTick,522fcc7e-fbc8-59ca-b1a8-d4b86fedaf56,1.0283e+11,7,1028.3
1658189829,XMRUSDT,Sell,1.77,146.90,ZeroMinusTick,fa741190-49ad-5d96-ad63-ea81f3bf8823,2.6001300000000004e+10,1.77,260.01300000000003
1658189836,XMRUSDT,Sell,7,147.15,PlusTick,577f8033-1fdc-5179-b018-5d98d30f06a2,1.03005e+11,7,1030.05
1658189839,XMRUSDT,Sell,0.49,146.80,MinusTick,bfc0b521-f197-56a1-a43b-18c4e91f10ee,7.1932e+09,0.49,71.932
1658189839,XMRUSDT,Sell,7,146.85,PlusTick,fe11b1b4-9a0a-536f-8d89-7658f0e54d06,1.02795e+11,7,1027.95
1658189839,XMRUSDT,Sell,7,146.80,MinusTick,94b123a5-b437-591c-a548-b0831277b9d4,1.0276000000000002e+11,7,1027.6000000000001
1658189843,XMRUSDT,Sell,0.7,146.85,PlusTick,03b45747-68df-5bb5-92ab-62948dc2a45b,1.0279499999999998e+10,0.7,102.79499999999999
1658189846,XMRUSDT,Buy,7,147.20,PlusTick,3ed8e78f-65f6-56f2-bd98-1a6f5058f7bf,1.0303999999999998e+11,7,1030.3999999999999
1658189856,XMRUSDT,Buy,7,147.20,ZeroMinusTick,a414f129-6285-5df9-930a-6874b33893a6,1.0303999999999998e+11,7,1030.3999999999999
1658189859,XMRUSDT,Buy,1.36,147.30,PlusTick,8056e7ca-a47b-5cd8-934d-66f44e6bba4a,2.0032800000000004e+10,1.36,200.32800000000003
1658189859,XMRUSDT,Buy,4.4,147.30,ZeroMinusTick,bf59f178-4420-5de3-b8ec-1c5ade2f8e34,6.4812000000000015e+10,4.4,648.1200000000001
1658189859,XMRUSDT,Buy,7,147.30,ZeroMinusTick,0c09b09d-8865-5ce9-91a2-ba102eb73c13,1.0311000000000002e+11,7,1031.1000000000001
1658189859,XMRUSDT,Buy,1.77,147.30,ZeroMinusTick,7235a506-ee4d-51b5-b22f-a0ee043f7db7,2.60721e+10,1.77,260.721
1658189859,XMRUSDT,Buy,4.4,147.35,PlusTick,6081574c-1604-50d8-acf9-a9b6a772e150,6.4834e+10,4.4,648.34
1658189859,XMRUSDT,Buy,3.91,147.35,ZeroMinusTick,fbe32aa0-3a3f-562e-841f-f06fdcb3f6f5,5.761385e+10,3.91,576.1385
1658189859,XMRUSDT,Buy,19.72,147.35,ZeroMinusTick,6bbe0a87-7f91-5c76-a21c-4c31c456da2d,2.905742e+11,19.72,2905.7419999999997
1658189859,XMRUSDT,Buy,7,147.35,ZeroMinusTick,bc281a94-9723-5c0a-a32c-7bdd6b9ddee1,1.03145e+11,7,1031.45
1658189859,XMRUSDT,Buy,4.4,147.40,PlusTick,8355bec3-e346-5f25-931e-afa40feec0d5,6.485600000000001e+10,4.4,648.5600000000001
1658189859,XMRUSDT,Buy,3.91,147.40,ZeroMinusTick,3cc56c3e-4aa2-523b-adda-01ee7257dfed,5.763340000000001e+10,3.91,576.3340000000001
1658189859,XMRUSDT,Buy,14.53,147.40,ZeroMinusTick,1c4645e1-9a83-5e3e-a71e-e139e2d7c290,2.1417220000000003e+11,14.53,2141.722
1658189859,XMRUSDT,Buy,17.3,147.40,ZeroMinusTick,be4e75bf-116f-5996-b635-2cbbca68fd30,2.55002e+11,17.3,2550.02
1658189859,XMRUSDT,Buy,1.36,147.45,PlusTick,26eac9ab-0344-5836-a070-5eac18774112,2.00532e+10,1.36,200.532
1658189859,XMRUSDT,Buy,3.91,147.45,ZeroMinusTick,6075c06f-ad35-5ff3-9de1-a4be0de68926,5.765295e+10,3.91,576.5295
1658189859,XMRUSDT,Buy,28.68,147.45,ZeroMinusTick,7ee404fe-87a0-5ca6-abe9-61ed63efb654,4.228866e+11,28.68,4228.866
1658189859,XMRUSDT,Buy,5.28,147.45,ZeroMinusTick,62f2f631-27d3-5173-8c0d-7acca2844ef2,7.78536e+10,5.28,778.536
1658189859,XMRUSDT,Buy,3.91,147.50,PlusTick,ce14298b-7011-5c30-9589-97c87b901559,5.76725e+10,3.91,576.725
1658189859,XMRUSDT,Buy,23.58,147.55,PlusTick,1acf821d-6efc-5ea3-9467-195e9062452e,3.479229e+11,23.58,3479.229
1658189860,XMRUSDT,Buy,7,147.30,MinusTick,876e2fb7-0561-5b50-af98-ac8173d9ec91,1.0311000000000002e+11,7,1031.1000000000001
1658189879,XMRUSDT,Buy,7,147.20,MinusTick,2eeafc0b-290d-583d-9476-dfb5975521d6,1.0303999999999998e+11,7,1030.3999999999999
1658189879,XMRUSDT,Buy,1.77,147.25,PlusTick,8ef6d477-e1ca-5251-bba9-53a0a485ede2,2.606325e+10,1.77,260.6325
1658189879,XMRUSDT,Buy,7,147.25,ZeroMinusTick,d52c9ea9-453f-5f96-9f24-aec946039133,1.03075e+11,7,1030.75
1658189884,XMRUSDT,Sell,7,147.20,MinusTick,c4956643-3cbe-5264-baee-98571bfb37d9,1.0303999999999998e+11,7,1030.3999999999999
1658189885,XMRUSDT,Sell,3.51,147.15,MinusTick,af55a97e-6f81-5f63-81ae-7577cd0687fb,5.164965e+10,3.51,516.4965
1658189885,XMRUSDT,Sell,3.49,147.15,ZeroMinusTick,acbcc86a-0f63-55a9-a9b6-797913c63fbe,5.135535000000001e+10,3.49,513.5535000000001
1658189885,XMRUSDT,Sell,4.4,147.10,MinusTick,2a4f89fa-5972-5e13-ad29-f5132487fc22,6.4724e+10,4.4,647.24
1658189885,XMRUSDT,Sell,6.79,147.10,ZeroMinusTick,c32d2cb7-ec4e-5290-b195-1037e19fd7a7,9.98809e+10,6.79,998.809
1658189885,XMRUSDT,Sell,7,147.10,ZeroMinusTick,2b0ab18c-e181-5677-bbfe-b3544edbbf96,1.0297e+11,7,1029.7
1658189888,XMRUSDT,Buy,7,147.05,MinusTick,9532fca1-6ccc-5b1d-80f6-d8eff2817383,1.0293500000000002e+11,7,1029.3500000000001
1658189891,XMRUSDT,Sell,1.36,147.05,ZeroMinusTick,17978f1d-b51c-54dc-bc97-7546acf098c2,1.9998800000000004e+10,1.36,199.98800000000003
1658189891,XMRUSDT,Sell,7,147.00,MinusTick,e5e37f9c-2a9a-5c55-8193-00ec547e8023,1.029e+11,7,1029
1658189902,XMRUSDT,Buy,7,147.20,PlusTick,2ac3ef95-0075-5510-a69a-5583520c96a4,1.0303999999999998e+11,7,1030.3999999999999
1658189903,XMRUSDT,Sell,5.29,147.15,MinusTick,38d9fb1e-6030-5067-a74a-302e616764a2,7.784235e+10,5.29,778.4235
1658189903,XMRUSDT,Sell,1.77,147.15,ZeroMinusTick,b98b92ba-8715-5285-99e8-9dee589a6413,2.6045550000000004e+10,1.77,260.45550000000003
1658189903,XMRUSDT,Sell,3.91,147.15,ZeroMinusTick,8c5c709f-ac65-5c06-8f61-3c76643523d5,5.753565000000001e+10,3.91,575.3565000000001
1658189903,XMRUSDT,Sell,19.72,147.15,ZeroMinusTick,c8064152-fbc1-581c-8d4a-4f0ad93ae1be,2.901798e+11,19.72,2901.798
1658189904,XMRUSDT,Sell,1.36,147.05,MinusTick,f66086a1-4a4e-5c42-b31a-8458e33ed9f4,1.9998800000000004e+10,1.36,199.98800000000003
1658189912,XMRUSDT,Sell,1.36,146.85,MinusTick,75407493-8e40-5a4b-b255-cc36e62068bf,1.99716e+10,1.36,199.716
1658189918,XMRUSDT,Buy,7,146.80,MinusTick,3176e90f-a0f7-5d93-bd22-fe0c14a27bd7,1.0276000000000002e+11,7,1027.6000000000001
1658189922,XMRUSDT,Buy,7,146.95,PlusTick,9ca715b9-4f02-5d39-8e57-79c2b9154741,1.0286499999999998e+11,7,1028.6499999999999
1658189930,XMRUSDT,Buy,7,147.05,PlusTick,cd6757d2-1c6c-5c2e-a44a-bdaa115bbe19,1.0293500000000002e+11,7,1029.3500000000001
1658189931,XMRUSDT,Sell,7,147.10,PlusTick,1620a448-285b-59b6-a75b-ae11616946e7,1.0297e+11,7,1029.7
1658189936,XMRUSDT,Buy,0.01,147.00,MinusTick,3750d003-4ed7-5964-b494-eb704b200b50,1.47e+08,0.01,1.47
1658189950,XMRUSDT,Sell,2.83,146.85,MinusTick,2077878b-f59d-55bb-939d-c99d5260f69d,4.155855e+10,2.83,415.58549999999997
1658189962,XMRUSDT,Sell,7,146.60,MinusTick,02378318-ae65-5a0c-916d-ebdd9b9ccbeb,1.0262e+11,7,1026.2
1658189966,XMRUSDT,Sell,7,146.45,MinusTick,f0836dda-b2f8-5027-8b1b-10c25c34420a,1.0251499999999998e+11,7,1025.1499999999999
1658189970,XMRUSDT,Buy,0.04,146.45,ZeroMinusTick,2c70c6df-ffb6-546f-aacb-2b9865bb28c6,5.858e+08,0.04,5.858
1658189970,XMRUSDT,Buy,0.01,146.45,ZeroMinusTick,590d4522-94f7-514b-b142-7fc8d97bd8b4,1.4645e+08,0.01,1.4645
1658189970,XMRUSDT,Buy,0.43,146.45,ZeroMinusTick,efa957c0-48dd-53c9-a8ed-245119b0aabc,6.297349999999999e+09,0.43,62.973499999999994
1658189970,XMRUSDT,Buy,0.02,146.45,ZeroMinusTick,da22ddd0-8038-5a5d-b04e-548aa04bb16a,2.929e+08,0.02,2.929
1658189970,XMRUSDT,Buy,0.01,146.45,ZeroMinusTick,69d8e090-5e09-551c-99d5-9250e790f168,1.4645e+08,0.01,1.4645
1658189975,XMRUSDT,Sell,0.51,146.35,MinusTick,8e752777-ee04-56b4-bcbd-651c43f1cb0c,7.463849999999999e+09,0.51,74.6385
1658189975,XMRUSDT,Sell,1.77,146.35,ZeroMinusTick,ee2f339b-fde0-5f2d-8d48-ce9293054481,2.5903949999999996e+10,1.77,259.0395
1658189975,XMRUSDT,Sell,7,146.35,ZeroMinusTick,85c10a4e-556f-5f55-a971-318e95f3e4c5,1.02445e+11,7,1024.45
1658189976,XMRUSDT,Sell,1,146.35,ZeroMinusTick,c2735cf9-215f-5410-b7d8-cff4a92c8adf,1.4635e+10,1,146.35
1658189988,XMRUSDT,Buy,7,146.15,MinusTick,4efdc668-0828-5165-ab70-307b069c6454,1.02305e+11,7,1023.0500000000001
1658189988,XMRUSDT,Sell,0.06,146.15,ZeroMinusTick,e28867e9-fc8d-523a-bce5-d956d4bb24cd,8.769e+08,0.06,8.769
1658189989,XMRUSDT,Buy,7,146.20,PlusTick,a31bbc0f-e1e8-5a94-a81f-e596553f2b79,1.0233999999999998e+11,7,1023.3999999999999
1658189991,XMRUSDT,Sell,0.23,146.25,PlusTick,1f9b5407-5156-5213-85bb-1ff347285345,3.3637500000000005e+09,0.23,33.6375
1658189991,XMRUSDT,Buy,7,146.30,PlusTick,caf673d1-4827-55b0-b2d7-77166b86b2c9,1.0241000000000002e+11,7,1024.1000000000001
1658189997,XMRUSDT,Buy,7,146.30,ZeroMinusTick,52719b98-8cac-5e9b-bc9f-7583c0b05515,1.0241000000000002e+11,7,1024.1000000000001
1658189997,XMRUSDT,Sell,0.7,146.25,MinusTick,105e8cd2-6cb3-5e27-ae7c-0c05eb134b64,1.02375e+10,0.7,102.375
1658189998,XMRUSDT,Sell,0.29,146.35,PlusTick,18ba1465-0bdd-559b-aece-5bfedaeaf9f2,4.24415e+09,0.29,42.4415
1658190000,XMRUSDT,Sell,7,146.30,MinusTick,d29049cd-d6a8-52dc-bc8f-3d2cdb17cc41,1.0241000000000002e+11,7,1024.1000000000001
1658190001,XMRUSDT,Sell,7,146.25,MinusTick,1f63cc56-f999-5845-a414-956888e5d707,1.02375e+11,7,1023.75
1658190010,XMRUSDT,Buy,7,146.30,PlusTick,faa4646c-2f29-575f-af0d-91b63af931a3,1.0241000000000002e+11,7,1024.1000000000001
1658190012,XMRUSDT,Buy,7,146.40,PlusTick,3800b7d3-bbaf-5769-af3e-c518d99d0916,1.0248e+11,7,1024.8
1658190012,XMRUSDT,Buy,1.36,146.45,PlusTick,282feff0-b794-5780-baf9-62d6b5e93e04,1.99172e+10,1.36,199.172
1658190012,XMRUSDT,Buy,7,146.45,ZeroMinusTick,29eea809-f01d-5d02-b9f7-0fd437d1e628,1.0251499999999998e+11,7,1025.1499999999999
1658190019,XMRUSDT,Buy,7,146.45,ZeroMinusTick,745a091f-66d8-58bd-ba2b-57e8433df6a8,1.0251499999999998e+11,7,1025.1499999999999
1658190024,XMRUSDT,Buy,7,146.50,PlusTick,1c15b0bb-78e9-583d-a295-2b42af550c71,1.0255e+11,7,1025.5
1658190024,XMRUSDT,Buy,1.77,146.50,ZeroMinusTick,500760cd-b376-511f-9c15-b3c625135926,2.59305e+10,1.77,259.305
1658190024,XMRUSDT,Buy,7,146.55,PlusTick,bfd6e2f5-4d09-5020-a61d-1304dbdf197e,1.0258500000000002e+11,7,1025.8500000000001
1658190028,XMRUSDT,Sell,7,146.35,MinusTick,c7b601b9-7ceb-59f6-b48f-98c9752fb268,1.02445e+11,7,1024.45
1658190031,XMRUSDT,Sell,7,146.35,ZeroMinusTick,cf52b8ef-32d1-5e85-893a-87151e0e3e18,1.02445e+11,7,1024.45
1658190036,XMRUSDT,Buy,7,146.25,MinusTick,7a7daa4a-dd87-582b-94b3-b6e0e1240028,1.02375e+11,7,1023.75
1658190036,XMRUSDT,Buy,1.77,146.25,ZeroMinusTick,4a38421f-118d-50ef-820b-a3e09860aabf,2.588625e+10,1.77,258.8625
1658190036,XMRUSDT,Buy,14.16,146.35,PlusTick,d6981c4d-5138-5513-8e9a-c1cf34606de2,2.0723159999999997e+11,14.16,2072.316
1658190036,XMRUSDT,Buy,9.31,146.35,ZeroMinusTick,948ada84-33f2-5351-8928-40800af76bbc,1.3625185000000002e+11,9.31,1362.5185000000001
1658190036,XMRUSDT,Sell,1.77,146.30,MinusTick,bce31b04-d4e9-5399-bb3c-36d24eb5ba2b,2.5895100000000004e+10,1.77,258.951
1658190036,XMRUSDT,Sell,1.77,146.35,PlusTick,bc47edcb-aa94-5998-9e80-63cdca6f332d,2.5903949999999996e+10,1.77,259.0395
1658190036,XMRUSDT,Buy,7,146.30,MinusTick,c4007d75-5ee3-52d0-ab8d-a7db263c8c95,1.0241000000000002e+11,7,1024.1000000000001
1658190036,XMRUSDT,Buy,5.46,146.45,PlusTick,074ee7de-6d9d-547a-ac86-798269a3f95f,7.99617e+10,5.46,799.617
1658190036,XMRUSDT,Buy,3.41,146.45,ZeroMinusTick,876d3421-821d-55dc-80f7-bef2f9d76226,4.993945e+10,3.41,499.3945
1658190036,XMRUSDT,Buy,1,146.55,PlusTick,20241a9f-a074-5dc4-8289-0253ab18c4f8,1.4655000000000002e+10,1,146.55
1658190036,XMRUSDT,Buy,0.92,146.55,ZeroMinusTick,04080c8b-3188-5fd7-b076-4c991649759d,1.3482600000000002e+10,0.92,134.82600000000002
1658190036,XMRUSDT,Buy,1.99,146.55,ZeroMinusTick,5fad7c7d-7f37-5565-80d1-8bf049fcc6ed,2.916345e+10,1.99,291.6345
1658190036,XMRUSDT,Buy,1.36,146.55,ZeroMinusTick,54a453f6-62f9-55f5-9c95-79b53d886f9f,1.9930800000000004e+10,1.36,199.30800000000002
1658190036,XMRUSDT,Buy,2.78,146.60,PlusTick,c3cd77ce-951c-5858-a41d-d0bcca690419,4.075479999999999e+10,2.78,407.54799999999994
1658190046,XMRUSDT,Buy,0.84,146.45,MinusTick,35d3f905-0252-59fa-b0cf-2b8904fa6724,1.2301799999999998e+10,0.84,123.01799999999999
1658190046,XMRUSDT,Buy,6.16,146.45,ZeroMinusTick,0eb4f33b-fcd6-566a-a9fe-c26ac15f3a8a,9.02132e+10,6.16,902.132
1658190050,XMRUSDT,Buy,7,146.55,PlusTick,ea82c58c-7bff-538a-a48f-b63b287938f2,1.0258500000000002e+11,7,1025.8500000000001
1658190051,XMRUSDT,Sell,7,146.55,ZeroMinusTick,a64c0e0d-2742-5cab-813f-fca8f8a538db,1.0258500000000002e+11,7,1025.8500000000001
1658190062,XMRUSDT,Sell,3.41,146.55,ZeroMinusTick,13f62752-f002-5980-ac4d-d92f25ce9d43,4.997355000000001e+10,3.41,499.73550000000006
1658190062,XMRUSDT,Sell,7,146.55,ZeroMinusTick,8ba03065-c694-5827-8da6-90f0f791354a,1.0258500000000002e+11,7,1025.8500000000001
1658190065,XMRUSDT,Sell,7,146.65,PlusTick,c31cbc7b-eee5-5bb1-923d-de0e8e935366,1.02655e+11,7,1026.55
1658190067,XMRUSDT,Buy,7,146.60,MinusTick,617a9ff5-27a2-5dd3-8eed-24536aa2cdb6,1.0262e+11,7,1026.2
1658190098,XMRUSDT,Buy,7,146.80,PlusTick,cf2cbadc-5247-5475-b917-498016e0d374,1.0276000000000002e+11,7,1027.6000000000001
1658190098,XMRUSDT,Buy,7,146.85,PlusTick,b1dede3f-8ce1-5cc8-97de-22c7cc5fc5c3,1.02795e+11,7,1027.95
1658190108,XMRUSDT,Buy,7,146.95,PlusTick,f87e1b5d-d721-56b9-b3f2-508fee152de4,1.0286499999999998e+11,7,1028.6499999999999
1658190117,XMRUSDT,Sell,7,146.95,ZeroMinusTick,142ef3de-1947-547f-87db-e40e7a8c744f,1.0286499999999998e+11,7,1028.6499999999999
1658190117,XMRUSDT,Sell,1.77,146.90,MinusTick,9a398043-f616-5ea1-a6f0-8545a9092f81,2.6001300000000004e+10,1.77,260.01300000000003
1658190117,XMRUSDT,Sell,7,146.90,ZeroMinusTick,8081d1bf-b30d-52f6-9c9d-848326f1f3bd,1.0283e+11,7,1028.3
1658190121,XMRUSDT,Sell,7,146.75,MinusTick,d57e86d1-00b7-5162-96d3-1697ebadd07a,1.02725e+11,7,1027.25
1658190127,XMRUSDT,Buy,7,146.80,PlusTick,799f97e4-969d-5f38-8d06-e5158f70526b,1.0276000000000002e+11,7,1027.6000000000001
1658190127,XMRUSDT,Buy,6.13,146.85,PlusTick,4ee868cb-c02b-5f7f-a154-246ab6ff359c,9.001905e+10,6.13,900.1904999999999
1658190127,XMRUSDT,Buy,0.87,146.85,ZeroMinusTick,95cd4a20-aca0-5243-87b6-71f5823cd227,1.2775949999999998e+10,0.87,127.75949999999999
1658190129,XMRUSDT,Buy,7,146.90,PlusTick,1cdc86d5-b20e-5e47-9d88-8e972dec8a6b,1.0283e+11,7,1028.3
1658190132,XMRUSDT,Buy,7,146.95,PlusTick,8cf81799-2ce9-5a82-b429-d19ecda5c7be,1.0286499999999998e+11,7,1028.6499999999999
1658190141,XMRUSDT,Sell,7,147.00,PlusTick,e5ac9f89-9d6f-5ca8-b56a-da3a7753b062,1.029e+11,7,1029
1658190146,XMRUSDT,Buy,0.01,146.95,MinusTick,900546c6-8799-5c2b-b867-a40389cce6ad,1.4694999999999997e+08,0.01,1.4694999999999998
1658190148,XMRUSDT,Buy,7,146.95,ZeroMinusTick,afbd1977-913c-53c8-957c-4c2e87150860,1.0286499999999998e+11,7,1028.6499999999999
1658190150,XMRUSDT,Buy,7,147.05,PlusTick,ee188f6e-aaa9-5f2d-be41-7573599af644,1.0293500000000002e+11,7,1029.3500000000001
1658190154,XMRUSDT,Sell,7,147.00,MinusTick,6f4dbcd8-3036-58ef-be75-33b2243674ce,1.029e+11,7,1029
1658190156,XMRUSDT,Buy,1.48,146.90,MinusTick,cde9d2f9-52a9-5599-80a2-5340c79e3d35,2.17412e+10,1.48,217.412
1658190161,XMRUSDT,Sell,14.61,146.75,MinusTick,075a23d8-2abe-5796-ba77-624b719c899d,2.1440175e+11,14.61,2144.0175
1658190171,XMRUSDT,Buy,7,146.70,MinusTick,e6bb88f2-fd0f-597d-8f1c-71ab547ff2b8,1.0268999999999998e+11,7,1026.8999999999999
1658190189,XMRUSDT,Buy,7,146.70,ZeroMinusTick,90e08a8d-0f17-5907-8b25-70593707d159,1.0268999999999998e+11,7,1026.8999999999999
1658190192,XMRUSDT,Buy,7,146.80,PlusTick,e4a02950-639e-525d-ae0b-6214d0f5bf5f,1.0276000000000002e+11,7,1027.6000000000001
1658190205,XMRUSDT,Sell,7,146.80,ZeroMinusTick,22cf3225-87b9-56b5-9847-30cab4b89e82,1.0276000000000002e+11,7,1027.6000000000001
1658190211,XMRUSDT,Buy,7,146.80,ZeroMinusTick,29a1a6f9-2b08-5257-aa23-0af3bcd4ca35,1.0276000000000002e+11,7,1027.6000000000001
1658190211,XMRUSDT,Buy,0.7,146.80,ZeroMinusTick,2ded4b86-a80d-5508-9592-9e7ec153707a,1.0276e+10,0.7,102.76
1658190267,XMRUSDT,Sell,7,146.85,PlusTick,b35ecb28-a5a4-5f13-9c6f-3956e3bc5cab,1.02795e+11,7,1027.95
1658190271,XMRUSDT,Buy,0.7,146.85,ZeroMinusTick,c4580108-0266-5876-a95d-ce49851ca565,1.0279499999999998e+10,0.7,102.79499999999999
1658190295,XMRUSDT,Buy,7,146.70,MinusTick,d2cfcb4c-ed0b-53fb-aa27-0be49a5330ae,1.0268999999999998e+11,7,1026.8999999999999
1658190316,XMRUSDT,Buy,7,146.80,PlusTick,00a9f0e0-3d3f-5476-b27a-8339d14e5270,1.0276000000000002e+11,7,1027.6000000000001
1658190316,XMRUSDT,Buy,0.7,146.80,ZeroMinusTick,4461c80e-5729-590b-b0e2-526880fac17f,1.0276e+10,0.7,102.76
1658190342,XMRUSDT,Sell,7,147.00,PlusTick,7c642987-3a9c-5d3d-8612-d9e5dc950132,1.029e+11,7,1029
1658190426,XMRUSDT,Sell,0.03,146.35,MinusTick,4e095b18-c9f3-58d8-a9bb-c3c95d0ce725,4.3904999999999994e+08,0.03,4.390499999999999
1658190453,XMRUSDT,Sell,4.97,145.90,MinusTick,e2d68a02-9b90-521d-b99d-71afd299a0bb,7.25123e+10,4.97,725.123
1658190453,XMRUSDT,Sell,2.03,145.90,ZeroMinusTick,ef00a3d4-d6e1-5c6d-9a2d-749ec3d5d465,2.9617699999999996e+10,2.03,296.17699999999996
1658190453,XMRUSDT,Buy,0.7,145.90,ZeroMinusTick,cfa62581-90f8-51f9-8154-7da65b4bdc6a,1.0213e+10,0.7,102.13
1658190453,XMRUSDT,Buy,1.77,145.95,PlusTick,9b288435-5f47-5bd3-be04-a8e7b8945d96,2.583315e+10,1.77,258.3315
1658190457,XMRUSDT,Sell,3.71,145.95,ZeroMinusTick,5460980a-6342-5570-81e7-f8034089f18b,5.414744999999999e+10,3.71,541.4744999999999
1658190461,XMRUSDT,Buy,4.03,145.95,ZeroMinusTick,2408fcb2-3bef-51aa-b58d-9904cf5f6dea,5.881785e+10,4.03,588.1785
1658190461,XMRUSDT,Buy,2.97,145.95,ZeroMinusTick,bb37e8e6-97f6-52f9-bc72-934ed40be2dc,4.334715e+10,2.97,433.4715
1658190485,XMRUSDT,Sell,7,145.90,MinusTick,b9d8b133-a1ab-5db1-a22a-840bdf15139f,1.0213e+11,7,1021.3000000000001
1658190487,XMRUSDT,Sell,1.77,145.85,MinusTick,284b10bc-da5e-5487-a740-c76258da9019,2.581545e+10,1.77,258.1545
1658190493,XMRUSDT,Buy,7,145.80,MinusTick,3ba0e130-1cad-5870-9eff-804ea26503d3,1.0206000000000002e+11,7,1020.6000000000001
1658190497,XMRUSDT,Sell,3.56,145.80,ZeroMinusTick,31ffd676-ed23-5e95-98b1-20f02433f099,5.19048e+10,3.56,519.048
1658190506,XMRUSDT,Sell,0.01,145.85,PlusTick,148416a1-e517-5ca7-aba9-1db79b0728bf,1.4585e+08,0.01,1.4585
1658190508,XMRUSDT,Buy,0.7,145.90,PlusTick,fa7e837c-45dc-5532-9460-01d5290504a2,1.0213e+10,0.7,102.13
1658190508,XMRUSDT,Buy,2.9,145.95,PlusTick,58f1cffc-3c37-5519-9b44-9f1a2ca84d68,4.232549999999999e+10,2.9,423.25499999999994
1658190508,XMRUSDT,Buy,4.1,145.95,ZeroMinusTick,3df62e13-7a6c-5aeb-a636-39a9a67937a4,5.9839499999999985e+10,4.1,598.3949999999999
1658190514,XMRUSDT,Buy,7,146.05,PlusTick,239cd394-2ee0-5df4-8b8e-26ac34078950,1.0223500000000002e+11,7,1022.3500000000001
1658190520,XMRUSDT,Sell,1.77,145.95,MinusTick,214cf43e-8ec5-51d1-834d-903f9c81be4a,2.583315e+10,1.77,258.3315
1658190520,XMRUSDT,Sell,7,145.95,ZeroMinusTick,51a21148-66ec-5cf6-b6a4-ef6c82237531,1.0216499999999998e+11,7,1021.6499999999999
1658190525,XMRUSDT,Sell,3.91,145.85,MinusTick,83a96a7b-06dc-5f43-8664-e8e2bbb0f411,5.702735e+10,3.91,570.2735
1658190525,XMRUSDT,Sell,2.89,145.85,ZeroMinusTick,572895c4-46de-50fb-9d01-1dad4d5580ac,4.215065e+10,2.89,421.5065
1658190533,XMRUSDT,Buy,7,145.80,MinusTick,52262d75-2251-5aec-97b1-a6c59d549f2c,1.0206000000000002e+11,7,1020.6000000000001
1658190542,XMRUSDT,Buy,4.1,145.95,PlusTick,24416417-1e33-5b56-9ed0-7263069045f6,5.9839499999999985e+10,4.1,598.3949999999999
1658190566,XMRUSDT,Buy,0.01,146.15,PlusTick,938ced2c-067e-50ca-9164-4b76d72f4711,1.4615e+08,0.01,1.4615
1658190571,XMRUSDT,Buy,0.7,146.15,ZeroMinusTick,3d3e40ad-9ebc-588b-b763-ce52bb614c42,1.02305e+10,0.7,102.30499999999999
1658190573,XMRUSDT,Sell,1.07,146.15,ZeroMinusTick,161ffbcc-5b19-59ff-ab9f-31e8f60ef0ec,1.5638050000000002e+10,1.07,156.3805
1658190594,XMRUSDT,Buy,7,146.05,MinusTick,8de0d1ee-47f7-5fc1-a148-b455e7213068,1.0223500000000002e+11,7,1022.3500000000001
1658190606,XMRUSDT,Sell,7,146.05,ZeroMinusTick,c9477519-ebd4-5a6f-84b0-c7e4717a8d4f,1.0223500000000002e+11,7,1022.3500000000001
1658190611,XMRUSDT,Buy,0.24,146.00,MinusTick,2631f3e4-59a1-59c8-a0e5-361ccfea10c9,3.504e+09,0.24,35.04
1658190611,XMRUSDT,Buy,0.46,146.00,ZeroMinusTick,dae2764d-a712-5376-af9c-36cd33789cfa,6.716e+09,0.46,67.16
1658190611,XMRUSDT,Buy,7.26,146.00,ZeroMinusTick,49f36d9d-a412-510d-be66-dee08e9fc156,1.05996e+11,7.26,1059.96
1658190615,XMRUSDT,Buy,7,146.05,PlusTick,1940788a-d95e-53f0-81e8-4d169234a38c,1.0223500000000002e+11,7,1022.3500000000001
1658190616,XMRUSDT,Sell,0.01,146.10,PlusTick,c72c8283-f281-5978-9066-ef59a79e6194,1.461e+08,0.01,1.461
1658190623,XMRUSDT,Buy,0.7,146.15,PlusTick,e1ee1913-0bc1-5337-b186-9df595001b45,1.02305e+10,0.7,102.30499999999999
1658190623,XMRUSDT,Buy,7,146.15,ZeroMinusTick,1db97bd6-7433-5224-ae7b-7d382457c2b4,1.02305e+11,7,1023.0500000000001
1658190623,XMRUSDT,Buy,7,146.20,PlusTick,43664682-f70d-5a6f-8418-e5a5f5c8f586,1.0233999999999998e+11,7,1023.3999999999999
1658190623,XMRUSDT,Buy,6.84,146.20,ZeroMinusTick,560fc681-048f-5034-8789-344b6490304a,1.000008e+11,6.84,1000.0079999999999
1658190623,XMRUSDT,Buy,7,146.20,ZeroMinusTick,c136f759-777c-5fb2-bf60-bfb2e16cb234,1.0233999999999998e+11,7,1023.3999999999999
1658190624,XMRUSDT,Buy,1.36,146.25,PlusTick,3723739b-14ed-5890-9939-584021498925,1.989e+10,1.36,198.9
1658190624,XMRUSDT,Buy,7,146.25,ZeroMinusTick,bf163fcf-7f5b-555c-aeb3-bef742718e4c,1.02375e+11,7,1023.75
1658190658,XMRUSDT,Buy,0.7,146.25,ZeroMinusTick,aee78c95-2428-5d9b-9801-b0d5127ae134,1.02375e+10,0.7,102.375
1658190671,XMRUSDT,Buy,0.7,146.45,PlusTick,792db06e-7c17-5445-95e6-c4736df8f2a9,1.0251499999999998e+10,0.7,102.51499999999999
1658190695,XMRUSDT,Buy,7,146.55,PlusTick,91709390-b816-5cac-bd26-1eeeddf89aa0,1.0258500000000002e+11,7,1025.8500000000001
1658190696,XMRUSDT,Sell,7,146.60,PlusTick,cd202394-8ba0-54c4-85e7-008971bd042b,1.0262e+11,7,1026.2
1658190696,XMRUSDT,Sell,1.77,146.60,ZeroMinusTick,cbb4a7dd-cabb-545f-9052-e2445fe35cfe,2.5948199999999996e+10,1.77,259.48199999999997
1658190696,XMRUSDT,Sell,7,146.55,MinusTick,390d1040-dfda-5e5e-a1b3-6b402eee002a,1.0258500000000002e+11,7,1025.8500000000001
1658190726,XMRUSDT,Sell,0.06,146.40,MinusTick,fceaf73f-148c-5bd3-ad77-f9fd1f2f2fdd,8.784000000000001e+08,0.06,8.784
1658190734,XMRUSDT,Sell,7,146.40,ZeroMinusTick,8d4e03f2-d8b4-53af-bda1-edb9640efef8,1.0248e+11,7,1024.8
1658190742,XMRUSDT,Buy,7,146.30,MinusTick,6e2fae26-81b2-5dde-aeb1-c369fc9e51b8,1.0241000000000002e+11,7,1024.1000000000001
1658190742,XMRUSDT,Buy,0.7,146.30,ZeroMinusTick,9167168d-4679-5849-866f-732815ed0676,1.0241e+10,0.7,102.41
1658190777,XMRUSDT,Sell,7,145.95,MinusTick,eff133e0-a878-5824-b900-92f8e95d9dcd,1.0216499999999998e+11,7,1021.6499999999999
1658190777,XMRUSDT,Sell,6.85,145.90,MinusTick,047d71a5-cf9b-5029-be4c-af6d58b18d11,9.99415e+10,6.85,999.415
1658190778,XMRUSDT,Sell,2.41,145.85,MinusTick,0faed71b-7b00-5bf7-a595-8b18040f8f11,3.514985e+10,2.41,351.4985
1658190778,XMRUSDT,Sell,4.59,145.85,ZeroMinusTick,d23db9f7-6dff-5bb1-95a6-055fa034e257,6.694515e+10,4.59,669.4515
1658190792,XMRUSDT,Sell,0.05,145.60,MinusTick,8e1a8ccf-fa32-57cc-9a14-5e68ab057e36,7.28e+08,0.05,7.28
1658190792,XMRUSDT,Sell,7,145.60,ZeroMinusTick,f173e782-cd93-5621-ab36-419a1598cc55,1.0192e+11,7,1019.1999999999999
1658190793,XMRUSDT,Sell,30.47,145.55,MinusTick,dd4329ac-3a00-5e7a-b9e1-5b8cd26500ff,4.4349085000000006e+11,30.47,4434.9085000000005
1658190793,XMRUSDT,Sell,7,145.55,ZeroMinusTick,86416fb9-5e07-5eb5-a965-52e0423e93e2,1.0188500000000002e+11,7,1018.8500000000001
1658190793,XMRUSDT,Sell,7,145.55,ZeroMinusTick,ddb6f647-46cc-562b-a2be-83e1781252a8,1.0188500000000002e+11,7,1018.8500000000001
1658190803,XMRUSDT,Sell,0.14,145.50,MinusTick,c58ef789-9891-5df3-a121-ab39574fd89b,2.037e+09,0.14,20.37
1658190803,XMRUSDT,Sell,0.05,145.45,MinusTick,9aa4c7fe-b1fe-597f-a4c0-2617db6f4a0b,7.2725e+08,0.05,7.2725
1658190807,XMRUSDT,Buy,7,145.45,ZeroMinusTick,b75f93a7-c22b-5a5c-9565-841b7f9f9133,1.0181499999999998e+11,7,1018.1499999999999
1658190811,XMRUSDT,Sell,7,145.50,PlusTick,7f826fbd-85a3-57aa-af7a-3394feb07d0e,1.0185e+11,7,1018.5
1658190816,XMRUSDT,Buy,0.13,145.55,PlusTick,567dbfed-cbd5-5f1c-9784-88ee8a20542e,1.8921500000000002e+09,0.13,18.9215
1658190835,XMRUSDT,Sell,1.77,145.50,MinusTick,2bd2d8ec-c274-56d2-900d-bd632e38d083,2.5753500000000004e+10,1.77,257.535
1658190835,XMRUSDT,Sell,7,145.50,ZeroMinusTick,da1602d3-9689-55f3-a3a7-9dfcaa2dfed0,1.0185e+11,7,1018.5
1658190842,XMRUSDT,Buy,2,145.55,PlusTick,51c9b01e-dc1b-5627-9116-13f9a111eff8,2.9110000000000004e+10,2,291.1
1658190842,XMRUSDT,Buy,5,145.55,ZeroMinusTick,00baa57d-593e-5ead-8d7d-f1b2e9d98576,7.2775e+10,5,727.75
1658190845,XMRUSDT,Buy,1.77,145.65,PlusTick,a0d6141f-4bcc-5363-87e5-56d0cf8dbb1e,2.578005e+10,1.77,257.8005
1658190845,XMRUSDT,Buy,1.61,145.65,ZeroMinusTick,d38bef6b-8978-548a-8ef8-9489472ea29b,2.3449650000000004e+10,1.61,234.49650000000003
1658190857,XMRUSDT,Buy,4,145.70,PlusTick,7e2b3275-9265-5c6b-bb40-349e5f2ca004,5.827999999999999e+10,4,582.8
1658190857,XMRUSDT,Buy,3,145.70,ZeroMinusTick,e9db6fb5-5e53-53f8-8789-3cee3d095962,4.371e+10,3,437.09999999999997
1658190869,XMRUSDT,Sell,7,145.55,MinusTick,7d28d1a9-45b1-5e1f-802a-dcad0578445f,1.0188500000000002e+11,7,1018.8500000000001
1658190878,XMRUSDT,Sell,7,145.35,MinusTick,5e1e15cf-0e7d-53c3-a19d-e0e9e061abca,1.01745e+11,7,1017.4499999999999
1658190878,XMRUSDT,Sell,10.79,145.30,MinusTick,cde6627d-63bc-550d-b5ab-9445f1768132,1.567787e+11,10.79,1567.787
1658190880,XMRUSDT,Sell,7,145.30,ZeroMinusTick,f164d8fa-4848-5bd8-965d-9f0412b179c8,1.0171000000000002e+11,7,1017.1000000000001
1658190883,XMRUSDT,Buy,7,145.25,MinusTick,14b0a592-5ba9-53f0-8e22-e8cfc125fb19,1.01675e+11,7,1016.75
1658190883,XMRUSDT,Buy,1.77,145.25,ZeroMinusTick,c9408d6c-e740-52a2-a63e-c1ed1c00c5b6,2.5709250000000004e+10,1.77,257.09250000000003
1658190884,XMRUSDT,Buy,4.84,145.25,ZeroMinusTick,68424191-2930-5300-a534-c34fc2cf8a86,7.0301e+10,4.84,703.01
1658190884,XMRUSDT,Buy,2.16,145.25,ZeroMinusTick,768eaf08-97fc-5656-9e3e-6cd88b2e0ad4,3.1374e+10,2.16,313.74
1658190896,XMRUSDT,Buy,7,145.30,PlusTick,fe0710dc-0f89-53d0-90af-004d8f65621d,1.0171000000000002e+11,7,1017.1000000000001
1658190899,XMRUSDT,Sell,7,145.35,PlusTick,40672b32-3322-595f-9f69-abeeada94e9e,1.01745e+11,7,1017.4499999999999
1658190899,XMRUSDT,Sell,3.91,145.30,MinusTick,3eb02dd9-64e5-5c32-b498-f9672cb32772,5.681230000000001e+10,3.91,568.123
1658190899,XMRUSDT,Sell,3.09,145.30,ZeroMinusTick,48a3bcb7-3cc8-5fe5-942d-f31590a31cd7,4.48977e+10,3.09,448.97700000000003
1658190912,XMRUSDT,Sell,7,145.15,MinusTick,f6bfa69a-25cc-5dba-8a76-3e90267f7013,1.01605e+11,7,1016.0500000000001
1658190913,XMRUSDT,Sell,7,145.10,MinusTick,734f5b7b-156f-56c5-a09a-2f2eff6c9c4a,1.0157e+11,7,1015.6999999999999
1658190913,XMRUSDT,Sell,14.22,145.00,MinusTick,1074ac0e-d767-56d5-afd4-7cea89f1f961,2.0619e+11,14.22,2061.9
1658190913,XMRUSDT,Sell,14.18,145.00,ZeroMinusTick,5f5df2a4-1420-5f1c-9ee5-32c66467b35a,2.0561e+11,14.18,2056.1
1658190913,XMRUSDT,Sell,7,145.05,PlusTick,de413dd0-e21c-5b54-9e94-7d39da070cc6,1.0153500000000002e+11,7,1015.3500000000001
1658190917,XMRUSDT,Buy,7,145.05,ZeroMinusTick,4f334837-b31d-5e9b-864f-813075c947d8,1.0153500000000002e+11,7,1015.3500000000001
1658190922,XMRUSDT,Buy,7,145.20,PlusTick,35f93a6e-817b-5037-b25a-b089c508ad11,1.0163999999999998e+11,7,1016.3999999999999
1658190930,XMRUSDT,Buy,7,145.20,ZeroMinusTick,e429d48e-2995-5dd1-8d6b-6f8848d259d1,1.0163999999999998e+11,7,1016.3999999999999
1658190935,XMRUSDT,Buy,7,145.30,PlusTick,9c01c811-ae2b-5bbe-bed5-d771512636b1,1.0171000000000002e+11,7,1017.1000000000001
1658190968,XMRUSDT,Buy,7,145.45,PlusTick,d29308a2-a63e-5820-a401-aef2a45acb9f,1.0181499999999998e+11,7,1018.1499999999999
1658190976,XMRUSDT,Sell,0.11,145.60,PlusTick,5d610cf3-bad1-52c4-b79a-1bdfafba3556,1.6015999999999998e+09,0.11,16.016
1658190984,XMRUSDT,Buy,1.77,145.65,PlusTick,11e7d826-9483-5257-89dc-eadc83f2ecc0,2.578005e+10,1.77,257.8005
1658190984,XMRUSDT,Buy,7,145.65,ZeroMinusTick,17f6c85a-4cc6-5fdd-893b-fc36ec619edc,1.01955e+11,7,1019.5500000000001
1658190985,XMRUSDT,Sell,7,145.70,PlusTick,3ff970d1-cec3-521e-ba80-5b85716547c3,1.0198999999999998e+11,7,1019.8999999999999
1658190985,XMRUSDT,Sell,1.77,145.70,ZeroMinusTick,1905b7e6-3c78-5146-9f56-7d155b9a25ef,2.57889e+10,1.77,257.889
1658190985,XMRUSDT,Sell,1.77,145.65,MinusTick,0cd99400-7677-5649-b5ca-4652467ebf62,2.578005e+10,1.77,257.8005
1658190985,XMRUSDT,Sell,1.02,145.65,ZeroMinusTick,a40b21bb-bbec-5ecd-a9cf-29923861e678,1.4856300000000002e+10,1.02,148.56300000000002
1658190985,XMRUSDT,Sell,3.46,145.65,ZeroMinusTick,5a956f2a-427a-5254-8a9b-64f78ac1c88d,5.03949e+10,3.46,503.949
1658190985,XMRUSDT,Sell,3.46,145.65,ZeroMinusTick,6b43f6ab-6447-5c76-88a0-00c59ab37d2e,5.03949e+10,3.46,503.949
1658190985,XMRUSDT,Sell,0.08,145.65,ZeroMinusTick,2348693a-b123-59db-95ca-21bbc5ff9b78,1.1652e+09,0.08,11.652000000000001
1658190986,XMRUSDT,Sell,10.02,145.50,MinusTick,a05c72c0-ec1a-58aa-afe3-2faf3d4b0a32,1.45791e+11,10.02,1457.9099999999999
1658190986,XMRUSDT,Sell,2.51,145.50,ZeroMinusTick,fa04d56c-8011-5d76-8498-ab025b447f09,3.65205e+10,2.51,365.205
1658190986,XMRUSDT,Sell,0.08,145.50,ZeroMinusTick,f828c31d-97d8-53cd-b346-ffa4e089effa,1.164e+09,0.08,11.64
1658190986,XMRUSDT,Sell,2.29,145.50,ZeroMinusTick,3a2f0e7f-f3f1-5eba-a90b-88c321a4b4a9,3.33195e+10,2.29,333.195
1658190986,XMRUSDT,Sell,0.17,145.50,ZeroMinusTick,963686cc-0fa1-5465-82a7-d2a8db6b5e11,2.4735000000000005e+09,0.17,24.735000000000003
1658190986,XMRUSDT,Sell,0.68,145.50,ZeroMinusTick,ce238b1d-0587-5abe-9f8b-35a7304ac6b7,9.894000000000002e+09,0.68,98.94000000000001
1658190986,XMRUSDT,Sell,0.15,145.50,ZeroMinusTick,6b0f68c1-e7cf-5095-8385-fd5496bcab3e,2.1825e+09,0.15,21.825
1658190986,XMRUSDT,Sell,4.64,145.50,ZeroMinusTick,43cc1fe5-ef81-5326-8b53-c5e13e5d33f3,6.7512e+10,4.64,675.12
1658190986,XMRUSDT,Sell,3.91,145.45,MinusTick,991b6607-24ea-5969-80a8-8b82853bb63f,5.687094999999999e+10,3.91,568.7094999999999
1658190986,XMRUSDT,Sell,0.59,145.45,ZeroMinusTick,ab6170bb-637e-5f75-8f3d-5b15feeff3f0,8.581549999999999e+09,0.59,85.81549999999999
1658190987,XMRUSDT,Sell,0.77,145.45,ZeroMinusTick,4985416d-c581-52f4-a4f1-949b82ff340d,1.119965e+10,0.77,111.9965
1658190987,XMRUSDT,Sell,2.4,145.45,ZeroMinusTick,f0cc9d2d-c3b5-5146-8401-cdfd8a68b05a,3.4908e+10,2.4,349.08
1658190987,XMRUSDT,Sell,2,145.45,ZeroMinusTick,8fb7aa28-3012-5bdd-b767-19df585fabbb,2.9089999999999996e+10,2,290.9
1658190987,XMRUSDT,Sell,2.6,145.45,ZeroMinusTick,31002f3f-64a5-5778-a13b-2ca4166ec7b9,3.781699999999999e+10,2.6,378.16999999999996
1658190987,XMRUSDT,Sell,7,145.45,ZeroMinusTick,1814c83a-10e6-5dc7-95b0-1dfabb718850,1.0181499999999998e+11,7,1018.1499999999999
1658190987,XMRUSDT,Sell,3.75,145.40,MinusTick,92dda2ad-3081-5a0f-a0c5-89f464f1dcb1,5.4525e+10,3.75,545.25
1658190988,XMRUSDT,Sell,7,145.45,PlusTick,b01a4efc-f8d2-53d4-b69f-26b98c2b9f2b,1.0181499999999998e+11,7,1018.1499999999999
1658190988,XMRUSDT,Sell,1.77,145.45,ZeroMinusTick,bf38cbab-e65e-538d-bb4a-9c0debdae393,2.5744649999999996e+10,1.77,257.44649999999996
1658190994,XMRUSDT,Sell,1.77,145.45,ZeroMinusTick,4d857448-231c-5a8a-aa0f-21e2fb7965b0,2.5744649999999996e+10,1.77,257.44649999999996
1658190994,XMRUSDT,Sell,7,145.45,ZeroMinusTick,b6164d7e-ff4a-5561-a5da-06422f58b06c,1.0181499999999998e+11,7,1018.1499999999999
1658190995,XMRUSDT,Sell,7,145.45,ZeroMinusTick,7cb52caf-90a8-5c26-9b93-a3396a7815ac,1.0181499999999998e+11,7,1018.1499999999999
1658190996,XMRUSDT,Sell,7,145.35,MinusTick,ad436334-6ea5-563e-a36e-8c9afb8179ec,1.01745e+11,7,1017.4499999999999
1658190997,XMRUSDT,Sell,7,145.30,MinusTick,a95dc25c-bc81-59eb-b1e2-ee9301372683,1.0171000000000002e+11,7,1017.1000000000001
1658190999,XMRUSDT,Sell,1.36,145.15,MinusTick,fd6247da-9b61-50a7-bb2d-0684bba64b14,1.9740400000000004e+10,1.36,197.40400000000002
1658190999,XMRUSDT,Sell,7,145.15,ZeroMinusTick,71fa0a11-3750-5545-9ca9-a9e85b813482,1.01605e+11,7,1016.0500000000001
1658190999,XMRUSDT,Sell,7,145.10,MinusTick,578ef8c1-d614-5ea4-ace3-32d4be39e08e,1.0157e+11,7,1015.6999999999999
1658191002,XMRUSDT,Buy,7.26,145.15,PlusTick,55c97ae2-6097-5683-bf08-d22a6fe7fb64,1.053789e+11,7.26,1053.789
1658191002,XMRUSDT,Buy,7,145.20,PlusTick,349b49ec-d0e2-540f-bdc9-068941cfa7c2,1.0163999999999998e+11,7,1016.3999999999999
1658191002,XMRUSDT,Buy,7.52,145.25,PlusTick,f07cd4cb-75cb-5dab-88c3-455eae56fa03,1.09228e+11,7.52,1092.28
1658191005,XMRUSDT,Buy,7,145.25,ZeroMinusTick,b46e6a96-b81d-5419-a90c-603a1bd121f0,1.01675e+11,7,1016.75
